3278 5550
241 276 262 349 4
672 279 701 331 In
719 279 902 332 Commentario
920 281 950 331 de
969 288 1037 332 motu
1056 281 1143 332 Mortis

240 461 406 537 erroribus,
430 469 461 522 at
485 480 560 521 unus
591 461 652 521 sere
674 468 738 521 tum
766 459 909 540 temporis
934 460 1119 539 agnoscebat
1147 460 1229 522 illius
1259 461 1457 542 hypothesim
1487 460 1592 541 Tycbo

240 554 304 633 ipse
334 559 450 612 tanturn
482 549 595 623 abfuit,
629 555 662 609 ut
691 549 836 610 transiret
863 550 892 609 in
921 558 1022 611 castra
1053 548 1227 629 Copernici,
1259 560 1291 611 ut
1319 571 1396 611 nova
1426 552 1593 611 constituta

240 640 400 724 hypothesi
433 659 495 701 rem
527 638 757 717 implicatiorem
789 637 970 713 reddiderit;
1004 639 1187 700 Maestlinus
1211 647 1240 699 et
1273 638 1324 699 alii
1348 640 1492 720 plerique,
1526 659 1593 701 curn

240 730 347 813 quibus
370 748 423 810 per
447 729 550 789 literas
574 727 637 806 egit
659 728 808 807 Keplerus
832 736 884 788 aut
907 728 955 807 qni
979 727 1089 807 publici
1110 728 1187 806 juris
1211 731 1346 789 lecerunt
1373 749 1465 808 opera
1487 738 1593 790 astro-

240 819 369 892 nomica,
399 816 492 879 variis
516 817 589 877 moti
619 817 718 877 causis
750 817 930 878 verebantur
962 818 1051 897 plane
1085 825 1116 877 et
1144 818 1230 897 plene
1266 818 1393 878 transire
1426 819 1456 878 in
1487 826 1594 897 partes

243 907 410 988 Copemiei.
458 905 560 977 Quare
584 925 642 967 non
665 913 782 966 tanturn
805 905 975 985 abjicienda
998 915 1029 967 et
1052 906 1230 986 corrigenda
1254 914 1349 980 erant,
1374 926 1448 987 quae
1473 907 1503 968 in
1529 907 1593 970 Co-

239 998 361 1078 peruioo
385 996 464 1056 falsa
487 994 763 1073 cognoscebantur,
790 995 842 1054 sed
874 996 964 1056 etiam
995 996 1162 1056 Ptolemaei
1190 996 1319 1075 placita,
1355 995 1531 1075 aequalibus
1556 1016 1593 1056 ex

240 1094 325 1169 parte
350 1081 577 1164 acceptissima,
607 1092 689 1144 certe
720 1083 974 1158 familiarissima,
999 1086 1169 1145 evertenda.
1216 1086 1346 1145 Theoria
1375 1085 1539 1165 epicyclica
1563 1092 1595 1144 et

241 1174 408 1237 eccentrica
431 1173 633 1254 impugnanda
656 1181 731 1248 erat,
754 1172 865 1234 bellum
889 1173 1124 1234 denunciandum
1150 1174 1285 1235 omnibus
1309 1174 1371 1234 lere
1396 1176 1425 1236 in
1449 1181 1594 1235 astrono-

239 1264 300 1327 mia
323 1263 405 1325 tritis
424 1270 455 1322 et
472 1261 616 1323 stabilitis
636 1261 832 1341 opinionibus.
872 1261 970 1333 Quam
986 1281 1115 1342 pugnarn
1133 1262 1200 1325 iniit
1215 1264 1364 1343 Keplerus
1389 1263 1593 1343 imperterrito

241 1353 339 1416 animo
364 1352 458 1422 solus,
481 1370 540 1424 pon
560 1351 682 1429 adjutus
705 1350 794 1413 immo
818 1352 979 1432 impeditus
1003 1352 1040 1412 ab
1061 1352 1177 1426 amicis,
1201 1361 1232 1413 et
1248 1353 1321 1413 vicit
1344 1372 1452 1414 novam
1476 1351 1593 1413 cousti-

238 1450 327 1505 tueus
350 1439 580 1511 astronomiam,
604 1459 680 1519 quae
703 1448 737 1501 ut
766 1439 895 1502 diximus
918 1439 996 1501 ratio
1021 1448 1051 1501 et
1079 1459 1183 1501 norma
1206 1450 1254 1502 est
1281 1440 1461 1503 astronomis
1485 1450 1593 1520 poste-

242 1531 354 1594 riorum
378 1529 556 1590 seculorum.

333 1618 418 1690 Quae
450 1618 478 1678 in
512 1616 694 1678 contrariam
723 1623 840 1695 partem
873 1617 1039 1678 attulerunt
1074 1617 1275 1679 astronomiae
1306 1617 1414 1697 prioris
1445 1619 1595 1692 asseclae,

246 1705 483 1770 luculentissime
514 1713 699 1787 apparente
722 1705 818 1766 literis
846 1706 1006 1768 Davidis
1029 1706 1191 1769 Fabricii
1223 1707 1260 1767 ad
1284 1707 1446 1786 Keplerum
1471 1708 1595 1787 scriptis

245 1798 315 1858 dmn
352 1815 426 1876 opus
465 1814 549 1857 sumn
590 1793 766 1867 excolebat,
807 1815 882 1875 quas
923 1795 1077 1857 desumtas
1114 1816 1129 1855 e
1160 1795 1376 1875 Manuscriptis
1418 1798 1595 1877 Petropoli-

247 1886 327 1948 tanis
359 1884 539 1965 praefationi
571 1890 693 1945 nostrae
725 1884 939 1962 subjunximus.
988 1884 1072 1955 Quae
1097 1884 1158 1945 alia
1186 1884 1398 1964 impedimenta
1421 1885 1598 1946 obstiterint

246 1982 405 2056 sequentes
428 1972 570 2034 exhibent
591 1971 728 2054 paginae.

332 2063 489 2143 Plerisque
510 2081 611 2123 eorum
626 2060 749 2141 Kepleri
769 2080 900 2141 operum,
921 2080 996 2142 quae
1013 2060 1166 2122 continent
1189 2061 1340 2143 volumina
1357 2061 1459 2142 priora
1472 2071 1597 2124 nostrae

245 2151 397 2225 editionis,
421 2158 627 2229 argumentum
646 2168 734 2230 quam
756 2150 934 2211 brevissime
949 2150 1167 2230 praemisimus.
1201 2151 1299 2222 Quam
1316 2151 1386 2212 siin
1403 2151 1598 2231 sequentibus

247 2241 353 2303 eadem
385 2240 477 2301 ferme
510 2240 627 2300 ratione
658 2259 716 2318 qua
750 2239 779 2300 in
812 2239 922 2319 Optica
959 2239 1161 2313 exhibuimus,
1199 2241 1385 2302 excusabunt
1414 2260 1486 2314 nos,
1521 2261 1598 2321 quas

247 2329 387 2403 diximus,
407 2347 516 2389 causae
531 2347 589 2388 nou
604 2327 711 2402 minus,
731 2347 819 2408 quem
833 2347 882 2389 res
896 2328 974 2410 ipsa,
990 2348 1065 2408 quae
1086 2328 1191 2408 paucis
1206 2329 1306 2390 verbis
1322 2329 1465 2409 explicari
1483 2329 1596 2409 nequit.

249 2418 494 2491 Quamobrem
519 2417 693 2492 statuimus,
718 2417 820 2478 ordine
843 2418 1005 2497 procedere
1031 2417 1256 2497 chronologico,
1281 2418 1423 2479 adhibitis
1447 2418 1494 2491 iis,
1521 2438 1597 2498 quae

250 2507 406 2570 continent
430 2506 543 2587 scripta
566 2527 584 2566 a
606 2508 736 2586 Keplero
760 2506 866 2569 relicta
887 2525 947 2568 uon
976 2507 1056 2588 typis
1086 2506 1234 2586 impressa
1257 2516 1288 2568 et
1309 2506 1455 2568 Hanschii
1479 2508 1597 2587 episto-

247 2598 344 2658 larum
376 2595 535 2670 collectio,
566 2603 599 2655 ut
621 2604 764 2677 quantum
795 2594 860 2659 ueri
891 2596 990 2677 potuit
1019 2596 1149 2674 speeiem
1174 2604 1205 2656 et
1228 2597 1353 2657 formam
1386 2597 1598 2657 adumbremus

248 2685 424 2759 studiorum,
448 2703 523 2765 quae
542 2685 692 2764 Keplems
716 2685 752 2745 ad
768 2685 979 2766 perficiendum
998 2684 1055 2746 hoc
1075 2703 1149 2763 opus
1167 2684 1315 2758 insumsit,
1340 2693 1370 2746 et
1389 2704 1494 2758 rerum,
1521 2705 1598 2766 quae

246 2775 420 2856 prodierunt
444 2794 481 2835 ex
504 2773 552 2835 his
576 2775 693 2835 studiis.

336 2863 500 2943 Keplerum
531 2862 611 2923 edito
640 2883 695 2924 suo
720 2861 887 2943 „Mysterio
907 2860 1186 2942 Qosmographico“
1212 2882 1289 2923 anno
1317 2858 1397 2925 1597
1430 2861 1598 2925 innotuisse

248 2951 384 3033 Tychoni
414 2951 544 3011 diximus
574 2950 644 3011 Vol.
669 2953 693 3012 l.
730 2970 758 3030 p.
784 2945 846 3024 433
880 2956 1047 3024 statuerat,
1078 2958 1113 3010 ut
1144 2969 1208 3011 cum
1240 2951 1380 3032 Tychoue
1412 2953 1598 3027 conveniret,

248 3039 471 3118 Wittebergam
507 3038 655 3118 proticisci
698 3038 798 3110 (initio
831 3038 901 3099 anni
935 3034 1050 3112 1599),
1082 3039 1136 3099 sed
1168 3058 1234 3100 curn
1258 3041 1295 3100 ab
1328 3042 1483 3101 lleru'arto
1513 3061 1599 3102 com-

248 3127 389 3209 perisset,
404 3128 575 3208 Tychouem
589 3128 725 3207 proximo
745 3135 879 3207 tempore
894 3128 1023 3206 Pragam
1041 3127 1161 3202 iturum,
1185 3136 1300 3190 mutato
1326 3130 1451 3190 consilio
1478 3128 1598 3193 Graetii

247 3215 378 3291 restitit,
403 3217 496 3277 donec
521 3212 565 3288 (9.
589 3218 662 3279 Dec.
688 3213 746 3285 99)
769 3217 806 3278 ab
840 3217 905 3296 ipso
936 3217 1075 3297 Tychone
1103 3236 1157 3297 per
1185 3218 1289 3279 literas
1317 3218 1460 3279 invitatus
1489 3228 1537 3280 est
1565 3229 1599 3282 ut

249 3305 347 3386 ipsum
361 3307 479 3385 Pragae
499 3305 680 3367 conveniret.
718 3304 930 3368 Libentissime
949 3306 1018 3366 huic
1033 3306 1202 3368 invitationi
1218 3327 1329 3368 morem
1343 3326 1451 3387 gerens
1467 3308 1601 3387 Pragam

249 3394 402 3475 profectus
427 3390 471 3467 (6.
496 3396 565 3458 Jan.
593 3392 703 3469 1600.)
733 3395 859 3476 indeque
885 3396 1066 3476 Tychonem,
1091 3395 1193 3475 quiin
1217 3396 1600 3460 arceBenathieadomi-

209 3482 352 3545 -eilium
384 3504 469 3545 suum
500 3492 661 3563 posuerat,
695 3493 815 3546 secutus
843 3492 909 3556 est,
942 3483 991 3545 ubi
1019 3484 1076 3564 ipsi
1100 3485 1202 3565 Tyeho
1228 3485 1347 3560 „omnia
1376 3506 1451 3566 quae
1483 3488 1604 3566 optavit

248 3572 327 3635 ultro
351 3573 487 3634 detulit.“
534 3573 742 3654 Deprehendit
764 3574 934 3655 Tychouem
958 3574 1080 3653 ejusque
1104 3574 1300 3635 domesticum
1319 3575 1600 3653 Longomontanum

249 3661 281 3725 in
305 3662 515 3725 observat-ione
545 3663 742 3744 oppositionis
765 3662 876 3724 Martis
900 3682 965 3724 cum
989 3663 1077 3736 Sole,
1103 3672 1133 3723 et
1156 3663 1342 3724 restituenda
1369 3665 1486 3725 theoria
1508 3665 1599 3744 hujus

250 3750 391 3832 planetae
416 3759 513 3823 (comp.
533 3758 592 3824 Cap.
608 3757 678 3820 vll.)
702 3753 914 3833 adjunxitque,
944 3771 1121 3832 quamquam
1149 3753 1259 3833 hospes
1283 3753 1451 3834 Tychonis,
1476 3773 1600 3832 operam

252 3856 336 3902 suam
352 3841 391 3919 in
415 3840 617 3933 enucleandis!
631 3842 785 3921 implicitis
805 3840 915 3903 Martis
938 3841 1068 3902 motibus
1091 3842 1205 3914 („anno
1230 3837 1322 3904 1600.
1346 3863 1366 3903 a
1380 3843 1544 3905 Februario
1569 3846 1600 3906 in

250 3929 386 4009 Majum;
414 3929 530 4009 profeci
553 3937 652 3991 autem
675 3939 806 4004 tantum,
830 3938 863 3992 ut
886 3930 1015 3991 eccentri
1046 3930 1290 4009 inaequalitatem
1320 3932 1510 3993 mediocriter
1534 3934 1599 3994 sal-

250 4019 399 4091 varem“).
455 4018 545 4081 Junio
578 4018 734 4082 Graetium
764 4019 871 4094 rediit,
903 4019 989 4080 initio
1026 4020 1213 4099 Septembris
1244 4021 1382 4100 pactione
1416 4021 1498 4082 facta
1532 4042 1599 4084 cum

254 4106 395 4189 Tychone
418 4108 458 4169 ad
480 4108 577 4188 ipsum
596 4109 726 4188 Pragam
749 4127 888 4170 reversus
912 4117 959 4170 est
982 4105 1035 4171 30.
1051 4109 1135 4189 Sept.
1155 4103 1249 4173 1600.
1288 4111 1383 4172 Paulo
1407 4119 1507 4170 autem
1528 4119 1600 4191 post

252 4215 342 4277 qnam
366 4215 473 4259 munus
498 4217 583 4260 suum
606 4198 685 4277 apud
703 4197 874 4279 Tychonem
898 4206 1072 4276 susceperat
1095 4199 1274 4277 aegrotavit,
1298 4206 1329 4259 et
1343 4200 1418 4261 febri
1442 4209 1598 4280 correptus

249 4293 395 4368 quartana
421 4293 452 4346 et
474 4287 551 4348 tussi
574 4285 743 4367 periculosa
765 4305 871 4368 parum
893 4286 1021 4367 profecit
1043 4286 1072 4348 in
1096 4286 1133 4347 iis
1157 4306 1232 4368 quae
1259 4288 1317 4369 ipsi
1342 4289 1445 4370 Tycho
1468 4291 1596 4350 manda-

208 4368 210 4372 ’
250 4381 365 4449 verat,
381 4374 475 4436 donec
502 4375 586 4437 coelo
610 4375 775 4437 salubriore
799 4375 917 4438 Graetii
940 4378 1076 4456 quaesito
1101 4377 1215 4457 (Aprili
1239 4409 1279 4419 —
1303 4377 1403 4458 Sept.)
1428 4379 1598 4458 Septembri

251 4463 370 4525 demum
401 4463 471 4524 anni
510 4458 601 4527 1601.
636 4464 797 4527 convaluit.
853 4465 943 4526 Brevi
975 4474 1046 4545 post
1076 4462 1143 4537 (24.
1178 4466 1262 4541 Oct.)
1298 4467 1437 4549 Tychone
1470 4477 1598 4542 mortuo,

253 4552 368 4614 tradita
390 4551 448 4632 ipsi
473 4553 717 4616 observationum
740 4554 891 4635 Tychonis
915 4553 1106 4630 collectione,
1135 4556 1307 4617 mandatum
1331 4564 1379 4618 est
1400 4557 1542 4636 Keplero,
1566 4567 1601 4620 ut

251 4643 409 4704 conficeret
432 4661 479 4715 ea,
504 4662 578 4723 quae
598 4645 700 4726 Tycho
725 4643 900 4723 imperfecta
924 4644 1095 4725 reliquerat,
1115 4645 1247 4707 Tabulas
1271 4653 1302 4707 et
1325 4666 1399 4726 quae
1423 4647 1484 4707 alia
1507 4647 1601 4725 digna

249 4729 422 4817 viderentur
452 4738 487 4792 ut
517 4732 627 4811 publici
655 4733 733 4813 juris
765 4734 879 4794 fierent.
927 4732 1011 4803 Quae
1042 4735 1110 4795 dum
1144 4735 1270 4814 suscipit
1299 4736 1412 4807 (editus
1443 4745 1491 4797 est
1520 4756 1600 4798 anno

255 4814 348 4890 1602.
373 4819 524 4904 Tyohouis
547 4822 847 4904 Progymnasmatum
871 4830 969 4885 tomus
992 4823 1017 4897 l,
1043 4823 1158 4904 „pridie
1184 4823 1249 4887 Cal.
1273 4824 1441 4904 Augusti“)
1465 4825 1601 4887 astrolo-
