3278 5550
152 276 244 350 390·
631 282 1015 337 naumsuseuurrue

149 482 235 528 meus
257 482 312 545 pro
336 463 451 544 regula,
474 470 509 524 ιι
530 462 644 525 dictum
666 469 723 535 eat,
745 463 900 543 augendae
924 461 1006 527 Solis
1030 461 1170 525 diametri
1194 460 1305 542 angulo
1327 461 1463 525 monaliac

148 560 329 635 coaequatae
336 574 345 628 ;
379 559 411 614 et
432 553 497 632 ejus
521 571 610 615 sensu
638 552 777 632 exiguum
800 553 839 613 ad
866 560 983 635 tempus
1005 552 1143 633 privata,
1175 550 1285 633 quippe
1307 557 1385 614 tecto
1405 550 1466 628 Sole,

146 650 260 725 posset,
282 642 311 704 ei
334 641 392 703 diis
413 641 524 722 placet,
548 661 742 722 compensare
765 641 845 723 quod
866 640 1061 723 neglexisset,
1085 642 1158 704 Sole
1181 659 1300 703 rursum
1326 648 1471 720 emergente

148 740 179 794 et
202 731 382 794 anomaliam
405 738 600 812 coaequatam
622 732 782 793 reducente
806 730 836 792 in
859 738 1061 813 conspectum.
1099 730 1281 793 Dominatur
1302 729 1382 792 enim
1401 748 1474 805 nem,

149 822 176 884 si
199 829 343 903 quaest,
375 818 498 881 animali
520 820 673 895 facultati,
697 839 790 901 eaque
814 819 892 883 aliae
915 821 1007 882 etiam
1037 819 1239 902 inaequaliter
1266 819 1362 881 utitur
1388 837 1435 898 pro
1452 838 1477 881 re

148 918 231 973 nata.
280 908 342 973 Cur
363 928 423 971 non
446 908 538 989 igitur
561 910 663 972 ethic
686 928 724 970 ea
746 916 833 972 extra
857 909 990 971 ordinem
1013 917 1146 971 uteretur
1169 908 1207 969 ad
1231 908 1398 970 tollendam
1417 907 1477 970 hanc

148 999 381 1080 discrepantiam
404 1017 561 1060 mensurae
579 998 762 1072 (anomaliae
777 1001 976 1080 coaequatae)
992 1006 1023 1060 et
1040 997 1210 1060 mensurati·
1220 995 1376 1070 (diametri
1389 996 1477 1072 Solis),

148 1106 223 1171 quae
245 1106 300 1169 per
322 1087 405 1151 Solis
428 1087 554 1167 eclipsin
587 1087 773 1170 irrepserat?
818 1087 900 1159 Quid
929 1088 1008 1169 quod
1039 1088 1130 1149 etiam
1157 1086 1210 1148 alii
1233 1085 1404 1166 hujusmodi
1427 1097 1477 1148 sunl

149 1178 230 1240 tardi
251 1184 369 1251 motus,
393 1184 427 1238 ιι
448 1176 703 1258 aequinoctiorum
725 1177 915 1258 praecessio,
940 1186 1008 1239 orta
1030 1196 1068 1239 ex
1090 1176 1157 1239 axis
1180 1175 1314 1239 Telluris
1337 1172 1477 1237 dnecdonl

150 1267 189 1329 ad
212 1265 291 1329 alias
314 1274 403 1347 atque
427 1266 504 1328 alias
527 1267 617 1341 fixas,
650 1285 709 1328 non
732 1265 772 1326 ad
793 1266 918 1329 Solem?
949 1266 998 1328 nbi
1021 1266 1096 1328 nihil
1119 1266 1234 1327 efficere
1257 1271 1363 1345 potest
1383 1263 1477 1327 Solaria

146 1354 269 1419 luminis
292 1355 421 1429 aversio,
445 1374 511 1416 cum
533 1374 590 1417 nec
613 1355 747 1435 ejusdem
769 1356 942 1436 praesentia
965 1355 1049 1417 illam
1071 1355 1189 1418 efficiat

236 1444 343 1524 Itaque
374 1450 408 1505 ut
430 1442 631 1524 ἀηιφραξιιν
652 1445 886 1523 magneticarum
913 1445 1090 1525 effugiamus
1122 1442 1313 1506 incommoda
1344 1442 1434 1505 etiam
1460 1441 1477 1505 ir

146 1533 279 1615 propriis
306 1533 496 1613 planetarum
523 1533 749 1609 librationibus,
782 1553 840 1596 non
868 1533 966 1597 minus
989 1553 1077 1614 quam
1105 1552 1170 1614 cap.
1194 1531 1333 1595 XXXV.
1356 1532 1388 1593 in
1414 1550 1477 1595 com

147 1622 230 1686 muni
252 1630 341 1701 raptu
365 1641 403 1683 ex
425 1622 514 1697 Sole,
547 1621 704 1684 dicendum
726 1629 790 1697 est,
824 1623 935 1685 similia
956 1623 1075 1704 quidem
1098 1641 1166 1684 csse
1195 1639 1286 1701 posse
1309 1621 1477 1702 planetam

149 1720 278 1790 corpora
300 1730 392 1773 causa
415 1712 602 1792 magneticae
625 1711 842 1792 dispositionis,
865 1712 996 1801 sedant
1019 1712 1137 1792 longius
1160 1710 1198 1772 ab
1218 1709 1350 1773 invicem
1371 1718 1477 1773 remota

148 1818 238 1881 quam
266 1807 300 1861 ut
323 1799 411 1863 orbes
433 1800 578 1863 virtutum
599 1801 789 1881 planetarum
811 1807 919 1863 coeant
940 1809 1058 1877 mutuo,
1092 1808 1144 1863 eut
1171 1798 1329 1863 fortiorem
1357 1799 1477 1862 virtum

148 1909 186 1951 ex
208 1888 279 1951 Sole
302 1896 491 1951 emanantem
514 1891 589 1962 (non
611 1889 709 1953 minus
730 1890 823 1964 illam,
846 1909 922 1971 quac
946 1890 1084 1971 proprias
1106 1890 1294 1971 planetarum
1318 1887 1444 1951 virtutes
1462 1886 1477 1951 ir

146 1985 246 2040 actum
261 1978 353 2052 elicit,
378 1997 467 2058 quam
488 1979 583 2052 illam,
607 1998 683 2059 quae
706 1979 777 2041 illos
799 1980 830 2041 in
845 1979 947 2041 orbem
970 1981 1075 2061 rapit),
1098 1998 1186 2059 quam
1208 1985 1243 2040 ut
1256 1976 1378 2057 objectu
1400 1976 1477 2041 imba

144 2066 271 2129 cillioris
294 2067 463 2149 corpusculi
485 2066 624 2146 impediri
647 2067 766 2130 omnino
789 2068 897 2149 possit,
926 2069 980 2131 sed
1002 2067 1143 2143 transire,
1166 2074 1200 2129 ut
1223 2066 1274 2128 lux
1297 2084 1354 2146 per
1375 2064 1477 2146 globur

145 2174 273 2238 aqueum
296 2156 423 2232 transit3
446 2164 500 2218 aut
521 2164 624 2218 tautae
648 2156 796 2220 exilitatis
820 2176 888 2220 esse
904 2176 1031 2238 corpora
1052 2157 1252 2238 planetarum,
1275 2162 1311 2217 ut
1334 2154 1412 2218 nihil
1430 2154 1477 2217 ιΙ

146 2245 243 2321 ιίιιι;
275 2263 331 2307 ιιι
354 2245 457 2308 Solem
488 2265 617 2328 unquam
644 2246 698 2309 ulli
724 2248 929 2328 planetarum,
962 2247 1012 2328 qui
1036 2266 1054 2307 a
1077 2245 1150 2308 Sole
1179 2251 1332 2320 movetur,
1365 2244 1404 2307 ab
1432 2242 1477 2307 alit

143 2334 267 2416 planeta
289 2335 319 2396 in
343 2335 473 2396 solidum
496 2335 648 2417 intercipi,
671 2336 918 2416 quemadmodum
941 2335 1055 2398 Telluri
1078 2334 1134 2398 Sol
1149 2355 1168 2396 a
1182 2335 1270 2397 Luna
1291 2330 1477 2415 nunquam'l

144 2422 273 2487 solidum
302 2423 500 2504 intercipitur.
546 2426 625 2488 Nam
648 2425 707 2487 etsi
729 2425 832 2487 Lunae
857 2425 974 2506 quidem
998 2432 1079 2487 totus
1102 2423 1158 2486 Sol
1180 2423 1298 2505 aliquot
1320 2421 1404 2485 horis
1429 2420 1477 2502 ted

144 2520 257 2594 potest,
288 2521 321 2575 at
333 2514 421 2575 Luna
434 2534 494 2576 non
513 2513 639 2576 libratur
654 2533 760 2577 versus
775 2514 888 2588 Solem,
912 2515 967 2576 sed
982 2530 1087 2576 verens
1104 2514 1238 2587 Terram,
1261 2511 1350 2592 cnjus
1372 2516 1476 2592 aspecta

143 2603 211 2684 ipsa
237 2602 351 2682 privari
378 2622 527 2685 nunquam
556 2610 674 2684 potest,
707 2622 775 2666 cum
796 2604 912 2665 Lunam
945 2603 1023 2665 inter
1054 2610 1086 2665 et
1108 2603 1260 2664 Tellurem
1289 2619 1399 2682 corpus
1421 2598 1473 2663 nal·

142 2691 204 2754 lum
226 2691 355 2755 intersit

231 2779 348 2852 Quodsi
369 2788 471 2843 tamen
494 2778 583 2841 alicui
607 2780 725 2843 videtur
746 2779 922 2860 plausibile,
955 2779 1173 2860 transpositum
1200 2796 1402 2860 apogaeorum
1421 2792 1469 2841 css

81 2944 84 2949 ,
142 2877 400 2943 momentaneum,
433 2878 465 2931 et
487 2888 526 2931 ex
547 2870 605 2931 hac
632 2889 725 2931 causa
747 2869 886 2949 eclipsati
910 2868 992 2932 Solis
1016 2868 1106 2931 oriri:
1139 2866 1223 2930 dicat
1249 2868 1292 2944 is,
1326 2867 1353 2931 si
1382 2867 1477 2948 plecte¹

141 2978 179 3021 ne
207 2958 328 3020 libratio
357 2958 411 3020 sub
435 2957 560 3038 eclipsin
588 2958 756 3038 interrupta
778 2959 862 3030 (dum
889 2958 1014 3040 planeta
1042 2956 1162 3020 interim
1185 2977 1204 3018 a
1225 2957 1300 3021 Sole
1328 2956 1477 3019 banalem!

142 3054 192 3109 est
214 3047 244 3109 in
259 3048 352 3109 aliurn
365 3047 506 3126 angulum
519 3045 668 3129 aliamque
685 3047 750 3126 ejus
774 3047 994 3119 fortitudinem)
1018 3046 1125 3128 eclipsi
1137 3047 1222 3109 finita
1235 3046 1369 3109 subitum
1382 3042 1469 3109 celeri·

142 3135 217 3198 tatis
239 3134 430 3197 intervallum
453 3135 609 3210 admittat,
641 3136 710 3197 ideo
734 3135 921 3217 compensari
944 3136 1022 3198 hunc
1051 3135 1153 3216 anguli
1182 3135 1294 3198 saltum
1324 3156 1344 3198 a
1371 3135 1471 3216 planca

144 3225 228 3306 ipso,
261 3225 454 3287 inclinatione
478 3224 544 3286 axis
567 3224 622 3287 tali
646 3226 728 3287 facta
759 3226 798 3287 ad
830 3225 933 3289 Solem
965 3234 1036 3306 post
1064 3225 1205 3306 eclipsin,
1238 3224 1338 3306 qualis
1364 3222 1471 3286 erati!

143 3313 290 3395 principio
305 3313 437 3395 eclipsis.
476 3313 529 3376 Sic
552 3314 631 3376 enim
651 3314 833 3376 obtinebitur
855 3315 1059 3396 transpositus
1073 3314 1269 3396 apheliorum,
1295 3315 1350 3377 sed
1372 3313 1471 3376 saltur·

144 3402 199 3464 tim
222 3402 331 3478 iactus,
355 3410 387 3464 et
410 3404 522 3464 durans
543 3403 679 3483 plurimis
702 3404 789 3466 annis
812 3405 916 3466 eodem
939 3405 1006 3466 loco
1030 3404 1084 3467 eub
1107 3403 1190 3477 lixis,
1214 3404 1310 3466 donec
1334 3403 1396 3466 alia
1414 3420 1472 3465 ιιι·

143 3491 242 3571 tingat
264 3493 404 3572 planetae
427 3492 595 3554 offuscatio.
632 3494 692 3555 Illa
714 3511 784 3555 vero
807 3494 889 3574 prior
912 3511 1003 3556 causa
1024 3491 1271 3573 transpositionis
1296 3492 1472 3573 apheliorua

144 3589 212 3643 orta
243 3599 282 3643 ex
313 3582 500 3644 aberratione
534 3581 704 3644 librationis
727 3603 746 3642 a
768 3582 894 3644 circuitu
924 3583 979 3645 snb
1002 3582 1086 3658 lixis,
1120 3589 1242 3662 propter
1273 3578 1476 3661 dream

144 3669 271 3733 alterins
286 3671 325 3733 ab
341 3672 437 3733 altero
452 3689 571 3744 nexum,
585 3672 682 3750 magis
696 3678 780 3734 esset
794 3690 847 3752 pro
862 3671 1011 3753 aequabili
1027 3688 1227 3753 apogaeorum
1242 3669 1471 3752 transpositione

230 3758 366 3841 Denique
385 3768 492 3823 neutra
514 3760 621 3821 harum
639 3779 796 3821 causarum
818 3761 949 3833 valente,
973 3761 1085 3823 habeat
1102 3779 1185 3822 mens
1201 3759 1327 3823 animali
1345 3760 1473 3823 inelrm

144 3848 300 3924 facultate,
323 3869 399 3930 quae
419 3856 544 3930 praeest
565 3850 716 3911 constanti
732 3849 889 3913 directioni
903 3849 970 3911 axis
993 3849 1163 3930 magnetici,
1187 3848 1243 3911 hoc
1266 3850 1361 3912 eliam
1375 3864 1472 3919 munus

144 3938 307 4000 inclinandi
326 3940 392 4019 ejus
415 3956 556 4001 successu
580 3938 755 4001 seculorum.
793 3938 838 4000 At
858 3957 913 4000 nec
936 3939 1000 4001 ulla
1027 3939 1132 4002 harum
1157 3957 1317 4001 causamm
1337 3958 1395 4002 uec
1414 3936 1472 4001 adt·

144 4036 243 4089 mente
266 4027 298 4089 in
325 4029 497 4091 universum
527 4034 627 4089 stante
660 4027 884 4108 acquiescamus
907 4028 937 4089 in
960 4036 1084 4091 natura:
1119 4046 1285 4110 quaecum
1308 4027 1372 4091 elia
1392 4022 1473 4091 oma'!

145 4116 289 4198 expedita
311 4117 405 4193 dedit,
428 4126 494 4180 tum
512 4116 604 4179 etiam
626 4124 724 4179 motus
740 4116 925 4197 apheliorum
947 4117 1127 4180 luculentam
1142 4116 1332 4182 occasionem
1350 4112 1471 4182 oeteo&
