3278 5550
145 286 210 360 512
678 293 709 347 rs
730 294 898 363 menaeus
915 291 962 351 aa

146 473 294 556 praebent
317 478 473 535 conatuum
497 494 559 537 rem
581 474 705 537 ulterius
728 476 931 552 continuandi,
955 475 1074 556 singula
1096 474 1293 538 theoremata
1315 474 1476 556 velproble-

150 573 235 627 mata
258 562 382 644 digitum
406 563 563 625 intendunt
587 565 625 625 ad
648 566 826 645 praemissa,
849 566 969 628 omissis
992 584 1064 627 vero
1080 565 1215 627 numeris
1229 564 1404 640 ordinariis;
1424 564 1477 626 cal·

150 654 209 715 culi
233 652 416 728 multiplices
440 653 487 715 his
511 654 605 715 additi
629 656 758 717 suntad
783 655 930 737 inceptum
945 657 1130 736 pertinentes
1147 655 1320 737 negotium,
1342 654 1477 717 donceres

145 743 235 824 plane
264 741 422 804 deseritur.

233 831 266 895 Si
291 851 329 893 ex
343 831 409 905 -his,
433 850 509 912 quae
531 839 653 911 praesto
677 840 756 908 snut,
780 834 936 914 exemplis,
952 834 978 896 si
998 832 1139 915 inspectis
1154 833 1273 913 passim
1288 832 1477 915 mmmcnptir

148 930 179 984 et
216 921 397 1001 comparatis
434 921 490 994 iis,
524 940 599 1001 quae
631 921 695 1000 ipsc
733 922 821 984 affert
853 925 889 985 de
918 923 1035 985 ratione
1067 922 1252 1004 procedendi
1275 923 1307 985 in
1330 921 1476 987 Commeat

145 1011 255 1077 Martis
285 1013 396 1089 (comp.
425 1012 533 1074 literas
557 1010 680 1091 Kepleri
710 1012 749 1073 ad
771 1012 975 1086 lllaestliuum,
1000 1013 1170 1077 Fabricium
1194 1013 1332 1093 aliosque
1356 1013 1386 1074 iu
1405 1031 1476 1092 prae·

145 1102 258 1163 latione
282 1101 320 1162 ad
343 1100 399 1161 hoc
423 1100 512 1181 opus)
537 1101 562 1161 si
587 1119 624 1160 ex
647 1101 694 1162 his
718 1103 894 1163 concludere
919 1103 990 1164 licet
1009 1103 1044 1163 de
1064 1101 1198 1181 reliquis,
1224 1121 1304 1183 quae
1318 1102 1499 1185 cononem,

146 1191 307 1272 Keplerus,
331 1209 390 1251 non
415 1190 478 1252 sine
502 1189 640 1251 veritatis
656 1191 757 1271 specie
776 1191 850 1253 baec
869 1193 905 1254 de
925 1201 1047 1255 auctore
1062 1202 1164 1254 nostro
1177 1192 1331 1254 dicamus:
1355 1191 1473 1265 Ρῐίωυω,
1497 1194 1499 1251 l

146 1299 338 1364 quaecuuque
362 1279 557 1341 occurrebant
580 1278 713 1359 Keplero
742 1281 935 1356 notabiliora,
960 1301 1027 1345 cum
1049 1281 1129 1343 domi
1152 1289 1215 1342 tum
1240 1281 1272 1343 in
1295 1282 1401 1344 itinere
1422 1280 1473 1351 (ad-

147 1371 277 1451 scripsit,
303 1369 439 1450 saepius,
469 1377 588 1448 praeter
620 1370 697 1430 diem
723 1389 780 1450 quo
805 1371 1026 1433 lucubrationes
1050 1372 1174 1433 chartae
1197 1370 1371 1443 mandavit,
1402 1370 1472 1432 etim

147 1460 264 1535 urbem,
289 1479 317 1521 v.
342 1477 371 1539 g.
398 1458 602 1533 „Monachii“,
630 1458 798 1538 ,Pragae“‚
826 1461 1020 1540 „Tubingae“
1046 1462 1135 1535 hc),
1164 1460 1245 1522 iuter
1269 1460 1372 1523 studia
1393 1470 1471 1521 astro·

144 1549 260 1611 uomica
289 1557 320 1611 et
341 1549 372 1610 in
396 1548 475 1623 otio,
514 1548 664 1628 extemplo
688 1549 738 1610 ubi
761 1558 867 1629 posset
897 1550 1011 1611 clrartis
1043 1550 1198 1621 tradebat,
1232 1550 1283 1611 rel
1312 1566 1368 1631 per
1389 1549 1470 1610 litent
1496 1560 1499 1605 i

145 1641 183 1701 ad
207 1639 319 1701 amicos
344 1638 432 1698 datas
456 1636 668 1712 dubitationes,
693 1658 768 1720 quae
792 1639 998 1714 occurrebant,
1023 1640 1079 1701 sibi
1104 1638 1160 1720 ipsi
1185 1638 1317 1702 eximere
1341 1639 1470 1701 studebat

143 1727 269 1797 Deinde,
294 1747 382 1808 quum
405 1746 454 1788 res
482 1727 577 1807 ipsum
604 1728 735 1806 agitaret
759 1728 870 1808 gravis,
895 1748 993 1809 quum,
1023 1737 1056 1791 ut
1079 1727 1190 1790 accidit
1213 1728 1244 1789 iu
1269 1727 1470 1811 „Hipparcbo“,

144 1817 476 1887 moliretureditionem
490 1815 645 1895 cujusdam
666 1817 773 1898 operis,
789 1817 933 1880 versabat
949 1837 1010 1879 rem
1028 1818 1223 1899 propositam,
1244 1817 1341 1880 donec
1365 1817 1472 1879 mann

146 1927 183 1969 ex
206 1916 310 1988 parte,
334 1915 367 1969 ut
390 1905 434 1966 ita
457 1905 564 1972 dicam,
589 1904 618 1967 in
643 1915 804 1986 conspectu
827 1915 920 1980 esset,
944 1918 976 1968 et
999 1909 1063 1970 sive
1078 1907 1177 1969 nullas
1192 1905 1471 1988 animopraecipicns

146 1994 350 2070 difficultates,
376 2000 452 2077 q'nae
476 1994 565 2074 objici
589 2006 723 2074 possent,
748 1997 813 2057 sive
836 1996 907 2059 illas
926 2015 969 2072 sc,
993 1997 1173 2078 procedente
1192 1995 1325 2077 negotio,
1349 1996 1471 2059 victutum

144 2085 254 2149 fiducia
284 2087 407 2166 plenus,
444 2102 506 2147 rem
540 2083 683 2146 alacriter
711 2104 890 2166 aggressus,
929 2086 1015 2168 quasi
1045 2085 1101 2148 sibi
1125 2085 1184 2166 ipsi
1206 2084 1349 2149 stimulos
1367 2084 1471 2148 subdere

146 2176 249 2249 vellet,
276 2175 313 2237 ab
337 2174 422 2235 initio
446 2184 559 2255 quauta
581 2176 680 2254 potuit
703 2174 939 2255 diligentiorem
963 2176 1127 2248 tractabat,
1148 2174 1248 2256 prima
1261 2176 1328 2256 jam
1347 2174 1420 2238 linea
1434 2190 1472 2235 ra·

146 2264 277 2348 spiciens
306 2263 391 2346 quasi
420 2264 458 2325 ad
484 2271 602 2345 typum,
632 2264 823 2345 ordinemque
848 2283 973 2327 servans
997 2265 1065 2327 inds
1089 2265 1128 2326 ab
1151 2265 1236 2327 initio
1260 2265 1361 2327 animo
1383 2280 1474 2345 prope*

148 2354 265 2427 situm„
296 2352 349 2417 Sic
382 2353 519 2432 singulae
549 2353 690 2434 deinceps
725 2353 790 2415 libri
823 2365 927 2437 partes
960 2373 993 2415 se
1033 2354 1160 2416 invicem
1197 2354 1399 2435 sequebantur
1435 2352 1472 2427 (ul

145 2462 174 2505 v.
199 2463 225 2508 ou
250 2444 279 2507 in
304 2444 415 2506 Martis
439 2441 670 2506 Commentariis
694 2443 796 2522 capita
819 2445 856 2504 ab
880 2443 965 2505 initio
985 2441 1027 2509 52
1043 2442 1169 2523 priora),
1192 2441 1471 2524 doaeeimprovim

146 2534 371 2616 deprehendens
383 2531 625 2614 impedimentum
638 2532 763 2610 gradum
777 2524 915 2605 sistebat,
936 2541 978 2605 et,
996 2552 1137 2596 reversus
1150 2532 1191 2596 ad
1204 2532 1370 2607 exordium,
1384 2548 1439 2595 rem
1448 2536 1482 2593 st·

146 2643 183 2686 ea
206 2642 281 2706 quae
304 2620 419 2685 chartis
443 2621 586 2683 mandata
615 2621 747 2683 habebat
779 2622 947 2685 accuratius
970 2622 1162 2703 inspiciebat,
1185 2630 1248 2684 tum
1273 2621 1390 2685 demum
1410 2621 1472 2683 tom

146 2732 191 2789 ea,
216 2733 292 2795 quae
316 2712 353 2774 de
376 2710 562 2774 instituenda
583 2711 683 2792 operis
706 2709 821 2773 ratione
845 2712 944 2773 auimo
968 2712 1244 2792 comprehenderat,
1268 2711 1383 2775 chartis
1404 2728 1499 2787 rostr-¹

146 2802 232 2866 dans.
278 2802 313 2864 Iu
340 2800 553 2882 ,Hipparcho“
579 2800 772 2862 difficultates
788 2799 929 2880 frangunt
952 2800 1104 2882 impetum,
1128 2808 1160 2863 et
1182 2819 1363 2883 quamquam
1384 2801 1472 2863 iterun

144 2893 312 2973 iterumque
334 2891 439 2964 rediit,
469 2890 590 2951 tandem
615 2889 755 2951 iniectum
780 2889 917 2969 reliquit,
957 2901 1075 2970 partem
1098 2910 1214 2965 eorum,
1252 2908 1330 2971 qnae
1353 2888 1476 2953 anselm

144 2982 273 3055 fuerunt,
300 2978 510 3061 ,praeceptis“
535 2977 714 3040 Tabularum
739 2977 995 3059 Rudolphinamm
1019 2980 1258 3042 accommodans.

230 3069 382 3150 Keplerus
396 3087 484 3149 quam
501 3067 539 3129 ob
553 3086 615 3129 rem
631 3086 705 3146 opus
724 3087 808 3129 suum
829 3068 1049 3131 inscribendum
1069 3069 1219 3132 censuerit
1233 3065 1475 3148 Hipparchum,
1497 3068 1499 3075 '

143 3159 232 3223 facilc
247 3157 406 3240 conjicient
422 3158 450 3232 ii,
467 3157 527 3238 qni,
542 3156 648 3218 imbuti
664 3157 866 3218 astronomiae
887 3158 1024 3234 historia,
1047 3178 1104 3221 noo
1122 3159 1270 3236 ignorent,
1286 3155 1476 3239 Hipparchum

143 3247 288 3331 peculiari
317 3248 433 3310 ratione
458 3246 622 3308 dimensum
647 3265 713 3307 esse
742 3246 918 3310 distantiam
943 3258 973 3311 et
996 3249 1196 3329 quantitatem
1219 3245 1301 3310 Solis
1326 3257 1359 3309 et
1381 3246 1477 3317 Lunae,

143 3337 290 3418 singulari
314 3336 343 3399 in
361 3337 436 3398 hunc
450 3336 537 3398 linem
554 3355 638 3396 usum
655 3336 864 3412 delineatione,
890 3357 965 3417 quae
991 3337 1240 3419 ,diagramma
1261 3332 1476 3419 Hipparchi

143 3428 266 3502 dicitur,
291 3434 473 3509 apparentes
497 3423 579 3487 Solis
602 3426 764 3506 Lunaeque
788 3427 951 3489 diametros
975 3447 1133 3510 eorumque
1156 3427 1331 3507 parallaxea
1356 3426 1478 3489 hunno·

143 3519 223 3581 tales
247 3525 481 3597 comparantem,
505 3535 561 3577 nec
584 3535 641 3577 non
666 3516 787 3577 umbrae
811 3517 975 3581 Terrestris
999 3517 1176 3580 diametrum
1200 3536 1235 3579 eo
1259 3517 1340 3589 loco,
1362 3534 1418 3598 quo
1436 3530 1479 3575 aa·

145 3616 231 3671 catur
258 3625 312 3686 per
334 3607 450 3670 Lunam
483 3605 669 3687 eclipsatam.
724 3605 787 3669 Alii
811 3613 930 3683 autem,
968 3606 1064 3670 minus
1096 3604 1209 3669 versati
1240 3604 1269 3668 in
1303 3605 1353 3668 his
1377 3601 1480 3675 studin.

142 3699 218 3761 baec
250 3696 401 3759 habeant:
431 3695 633 3774 Hipparchus,
656 3702 747 3761 natus
769 3694 904 3759 Nicaeae
926 3696 1138 3779 Bithynorum,
1163 3693 1276 3776 primus
1299 3694 1424 3775 collegit
1441 3710 1479 3765 ea.

147 3806 224 3870 quae
248 3787 363 3866 priores
387 3783 417 3847 iu
441 3786 524 3846 coelo
549 3783 802 3860 observaverant,
827 3793 873 3859 et,
896 3805 956 3847 non
980 3794 1138 3848 contentus
1162 3784 1426 3847 observationibus
1444 3778 1481 3844 d·

143 3878 247 3940 derum
275 3894 328 3955 per
355 3893 388 3938 se
418 3893 484 3937 cum
516 3873 554 3935 ab
593 3873 655 3936 illis
685 3880 748 3935 tum
784 3872 822 3934 ab
855 3871 920 3953 ipso
961 3874 1190 3953 diligentissime
1221 3872 1331 3948 iactis,
1361 3870 1480 3935 'studim

144 3966 201 4030 hoc
238 3965 331 4028 altius
364 3963 540 4043 accipiens,
569 3962 704 4039 integrae
738 3962 882 4024 scientiae
913 3965 1145 4027 conformandae
1178 3982 1300 4046 operam
1334 3961 1418 4025 dedit
1437 3956 1481 4035 [ab

145 4076 223 4119 anno
247 4076 275 4118 a.
301 4052 358 4117 Ch.
386 4049 584 4127 too—tto).
631 4053 748 4116 Motum
772 4053 968 4131 planetarum,
994 4053 1074 4117 Solis
1098 4062 1129 4116 et
1152 4053 1255 4116 Lunae
1277 4051 1421 4134 periodos
1436 4066 1481 4119 tt·

143 4145 276 4209 curatius
299 4142 482 4206 constituere
506 4141 564 4203 sibi
583 4140 750 4221 proposuit,
774 4159 950 4220 comparans
969 4161 1041 4206 snas
1055 4142 1149 4226 ipsius
1171 4140 1405 4205 observationes
1425 4154 1482 4217 ct!

142 4235 204 4298 illis
234 4241 384 4309 veterum,
419 4231 589 4312 primusque
619 4230 749 4292 confecit
777 4230 954 4313 hypothesin
983 4232 1032 4294 vel
1060 4232 1138 4312 quod
1174 4228 1362 4312 posteriores
1393 4222 1482 4293 musi

142 4328 280 4407 syllema
302 4322 454 4397 dicebant,
478 4320 565 4383 orbes
589 4320 776 4401 planetarum
800 4321 983 4383 eccentricos
1004 4341 1128 4402 ponens,
1151 4327 1186 4383 ut
1209 4321 1349 4389 salvaret
1363 4326 1482 4382 motura

143 4410 411 4505 irregularitatem.
445 4410 473 4473 A
516 4402 630 4499 i“quan,
644 4409 749 4470 'tatem
766 4410 935 4473 accuratius
946 4404 1096 4474 dimensus
1112 4418 1169 4484 est,
1193 4408 1317 4473 tabulas
1337 4404 1483 4483 constitnit

143 4502 277 4591 mqt‘num
311 4499 392 4564 Solis
422 4506 454 4561 et
503 4510 615 4579 qnaejp'
674 4497 806 4578 talogum
837 4497 962 4578 denique
994 4498 1125 4583 coniecit
1160 4496 1321 4583 stellarum
1353 4499 1480 4561 lixarum

34 4584 39 4595 ’
142 4590 394 4673 δὲᾱήεὶιιᾶὶοῐυω
417 4589 521 4651 horum
656 4587 795 4679 simorum
820 4587 998 4665 documenta
1026 4589 1126 4652 omnia
1151 4576 1235 4661 iere-⁹
1290 4586 1391 4683 'erurq
1412 4594 1481 4649 tem·

142 4699 249 4765 porum
271 4677 394 4761 injuria,
413 4694 471 4741 uno
495 4685 614 4741 tantum
635 4684 764 4756 excepto
785 4675 898 4765 libelle,
914 4696 1009 4758 quem
1024 4677 1176 4759 inscripsit
1201 4678 1206 4687 '
1278 4675 1479 4758 rupem,-

143 4762 282 4843 Εὐδόξου
303 4764 493 4844 &mperes
514 4762 678 4845 a'Srpnoaors¹
695 4766 794 4844 βιβλια
815 4789 839 4845 y,
858 4762 948 4848 qb'em
972 4767 1099 4848 primum
1118 4766 1229 4830 cdidrt⁵
1264 4766 1381 4831 'etrus
1401 4762 1478 4829 vie.

143 4858 272 4925 torius
301 4857 473 4938 Florentiae
502 4850 609 4932 utor,
641 4863 673 4920 et
695 4855 729 4921 in
755 4855 896 4919 Latinam
925 4852 1045 4923 verthm
1074 4857 1208 4941 linguam
1233 4856 1276 4925 o.
1305 4852 1474 4925 Patarico
