3278 5550
233 275 298 347 676
836 276 876 330 De
897 275 980 331 Iam·
1627 300 1629 329 r

321 458 394 508 llaec
411 464 477 513 sunt
495 471 560 521 quse
579 457 749 521 hlsuuseriptu
767 457 885 508 exhibent
902 457 933 507 de
952 457 1081 507 conantur
1101 454 1216 518 Kepleri,
1234 455 1331 505 librum
1350 468 1425 519 quem
1446 456 1577 520 mamiptoss

235 529 403 595 „Hipparchi”
423 530 566 593 insignitum
585 530 610 579 ln
623 529 703 579 locum
716 528 853 593 Almsgesti
868 530 1013 578 astronomis
1032 528 1179 577 substituere
1191 527 1281 582 soluit.
1299 526 1461 590 perficiendi.
1487 527 1578 592 usqu

234 617 299 667 quse
315 604 401 650 insunt
418 598 578 649 uoluminibus
597 601 617 650 1.
633 608 664 649 et
681 599 736 649 XV.
756 600 816 650 Mes.
836 601 946 665 Petrop..
965 600 1131 649 testimonium
1151 599 1251 662 quidem
1279 598 1425 661 praebent,
1444 608 1474 647 ut
1490 613 1520 649 es
1534 615 1579 663 quae

233 674 304 723 initio
323 672 427 721 diximus
445 677 595 734 repetamus,
614 686 740 735 nunquam
758 672 833 735 plane
851 673 966 721 omissam
980 685 1034 720 esse
1047 684 1098 719 sem
1111 671 1247 733 inceptam,
1269 678 1426 732 superatam
1445 685 1500 719 rsro
1517 670 1580 718 sulus·

234 752 312 795 tstem
331 742 517 792 difficultatibus
535 744 615 807 magis
633 744 761 807 magisque
783 744 984 792 increscentibus.
1022 740 1090 790 Nihil
1109 742 1134 789 in
1152 740 1190 789 his
1210 741 1385 789 voluminibus
1405 741 1520 798 occumlt.
1535 742 1582 805 quod

234 815 375 880 praemissis
394 813 535 863 addendum
554 815 595 870 sit.
615 822 721 878 excepta
740 812 983 871 „Translormstione
1000 812 1164 877 hypotheseos
1182 812 1323 866 Lnnsris.“
1345 825 1415 876 quse
1435 812 1500 861 inira
1515 827 1581 875 seque

235 894 290 943 tur;
310 885 404 949 reliqua
423 884 525 934 calculis
544 892 660 934 constant
678 885 871 934 omnimodarum
891 885 1030 947 eclipsium,
1051 883 1248 933 ermenasiam
1267 889 1327 932 tum
1347 884 1500 940 Lucanum.
1516 885 1583 947 quibu

234 956 381 1022 hypothesin
400 970 472 1004 auam
491 957 624 1005 emendare
644 954 681 1005 rel
701 956 786 1005 fulcire
805 956 889 1005 studet
907 956 1038 1019 Keplerus.

322 1027 390 1075 Folio
410 1022 461 1074 tet
480 1026 603 1090 Keplerus
625 1027 710 1076 literas
735 1027 796 1077 dicit
817 1026 848 1075 ad
868 1024 1028 1076 hlsestlinum
1047 1024 1129 1081 datas,
1148 1039 1211 1090 quas
1230 1024 1271 1074 bie
1292 1024 1449 1075 inserendas
1468 1039 1584 1074 cenam

235 1097 329 1150 Ultima
356 1113 420 1162 quse
446 1107 558 1161 superest
576 1098 739 1147 hlaestlini
768 1098 799 1146 sd
825 1098 993 1157 Kepierunr
1020 1098 1124 1160 epistole
1152 1097 1213 1146 duta
1241 1104 1281 1145 est
1310 1096 1336 1144 d.
1359 1095 1404 1143 ll.
1427 1096 1504 1145 Mart
1523 1094 1584 1144 tttt.

234 1170 271 1221 Ex
290 1183 322 1220 ss
340 1175 452 1233 sppsset,
471 1169 607 1231 Keplesnm
627 1184 643 1219 s
662 1169 699 1217 W.
719 1169 915 1219 Schiclrardo
933 1170 1086 1232 Tubingensi
1110 1170 1247 1232 professore
1272 1169 1399 1230 petiisse.
1426 1175 1456 1217 ut
1472 1169 1517 1217 sibi
1534 1183 1584 1217 osu

234 1243 373 1293 manicaret
392 1255 443 1297 eas,
462 1255 526 1304 qnae
539 1243 584 1304 ipsi
598 1248 623 1290 et
636 1240 768 1289 Maestlino
787 1248 991 1303 praestruerent,
1010 1241 1193 1289 observationes
1209 1239 1351 1303 eclipsium.
1373 1241 1524 1302 praesertim
1541 1240 1585 1289 ω’

234 1314 342 1378 proxime
362 1314 453 1360 exacti.
489 1312 528 1360 Ad
547 1325 611 1375 quae
631 1312 755 1377 respoudit
772 1309 938 1360 Schiclardns
957 1310 1080 1368 illsuscb.
1100 1326 1123 1374 p.
1138 1308 1201 1368 070)
1221 1312 1255 1360 sd
1274 1308 1449 1359 Maestlinum
1468 1324 1584 1359 secamus

235 1382 382 1434 Maestlinus
401 1381 503 1446 eclipsin
522 1381 638 1431 describit
656 1383 795 1435 Lnnasem.
815 1382 908 1431 addens
927 1382 1050 1431 calculum
1069 1384 1274 1440 astronomicum,
1297 1383 1454 1445 praesertim
1474 1382 1504 1430 de
1521 1381 1584 1445 psraL

236 1456 349 1510 lusibusc
369 1454 402 1502 sd
415 1454 537 1504 calculum
557 1468 626 1502 snum
646 1468 695 1502 non
717 1453 818 1503 adhibet
838 1453 997 1517 logsrithmos
1017 1453 1091 1516 „quia
1104 1453 1293 1503 fundamentum
1307 1468 1357 1516 ego
1372 1453 1502 1502 hactenns
1519 1466 1587 1501 eruere

235 1541 285 1577 nou
304 1526 398 1590 potul.“
437 1523 535 1588 (comp.
554 1525 657 1575 blansch
687 1541 709 1588 p.
731 1521 787 1583 50.)
824 1525 979 1587 Keplesns
998 1524 1124 1586 respondit
1141 1524 1205 1572 bunc
1224 1527 1249 1572 in
1267 1525 1395 1573 modum:

326 1612 503 1675 Clarissima
519 1614 584 1674 Vir.
625 1614 759 1674 huncius
783 1632 829 1673 me
849 1614 973 1673 absente
999 1615 1101 1673 literas
1126 1622 1193 1675 tuas
1209 1613 1237 1673 in
1254 1632 1341 1674 meas
1369 1615 1469 1674 aedes
1493 1613 1586 1684 intulit,

237 1722 304 1766 cum
328 1702 568 1775 denunciatione,
595 1712 627 1762 ut
643 1703 721 1764 intra
735 1703 946 1780 praestitutum
968 1710 1084 1782 tempus
1109 1703 1334 1781 responderem.
1376 1703 1491 1764 Brevis
1512 1702 1588 1781 igitur

236 1812 305 1854 esse
321 1792 442 1863 stadem
467 1811 504 1851 an
521 1790 622 1850 idaim
640 1800 841 1863 assecuturus,
867 1791 932 1851 flnis
948 1792 1094 1871 epistolae
1119 1792 1268 1854 ostendet.
1311 1791 1450 1853 Gratias
1466 1792 1586 1870 ingentes

237 1900 295 1960 ago
320 1888 351 1940 et
373 1899 426 1958 pro
459 1879 669 1940 observatione
694 1889 746 1939 tua
773 1880 921 1958 eclipseos
947 1891 978 1940 et
1005 1900 1058 1959 pro
1087 1880 1224 1941 examine
1257 1896 1356 1943 meae.
1412 1879 1500 1959 Opus
1531 1898 1586 1940 vero

237 1969 292 2032 tibi
316 1988 385 2030 esse
410 1977 481 2047 puto
505 1969 710 2029 declaratione
735 1970 920 2047 quarundam
945 1988 1056 2043 rerum,
1082 1988 1140 2048 qua
1163 1980 1307 2049 percepta
1331 1988 1430 2047 rogo,
1456 1980 1490 2031 ut
1514 1969 1586 2029 iteres

238 2077 396 2121 censuram
421 2069 518 2118 tuam:
545 2078 594 2118 res
618 2058 696 2118 etnim
722 2078 831 2136 rrragna
855 2059 953 2137 agitur
977 2059 1013 2117 tle
1039 2058 1112 2121 locis
1137 2078 1179 2119 sc.
1206 2060 1336 2120 omnium
1364 2060 1509 2120 lixarum.

327 2147 458 2208 Primum
483 2147 696 2225 parallaxish
723 2144 777 2208 62⁴
805 2148 866 2208 10⁰
895 2165 1080 2226 nequaquam
1111 2158 1199 2207 arne
1233 2147 1291 2208 fuit
1320 2148 1468 2209 adhibita
1497 2146 1584 2207 aititu-

237 2235 299 2298 dini
322 2230 392 2306 50⁰,
416 2236 469 2296 sed
492 2244 541 2297 est
565 2236 638 2296 haec
663 2236 828 2314 parallaxis
853 2236 1021 2297 altitudinis
1041 2235 1152 2315 inipso
1175 2237 1341 2299 horizonte.
1383 2235 1584 2300 Demonstrati

237 2334 337 2388 autem
362 2334 431 2386 ante
458 2320 498 2385 16
522 2344 617 2385 annos
642 2325 669 2385 in
695 2323 814 2403 Opticis
840 2324 915 2405 Cap.
935 2325 992 2387 IX.
1019 2325 1069 2387 fol.
1090 2321 1165 2399 330,
1189 2326 1277 2406 quod,
1303 2325 1411 2404 posito
1438 2345 1496 2387 uno
1518 2334 1583 2386 certo

237 2415 332 2495 grsdu
356 2413 514 2493 eclipticas
540 2414 569 2475 in
593 2413 749 2474 horizonte
774 2433 867 2492 eoque
893 2424 1010 2475 retento
1035 2414 1177 2475 immobili
1204 2415 1232 2475 in
1256 2434 1309 2488 eo,
1334 2416 1430 2476 Luna
1452 2434 1524 2477 vero
1544 2430 1582 2492 per

237 2511 334 2577 totum
356 2503 576 2564 semicirculum
600 2502 758 2582 eclipticas
787 2514 955 2564 exstantem
980 2511 1069 2564 eunte
1094 2503 1123 2562 in
1147 2505 1250 2564 eadem
1269 2526 1294 2569 ‚a
1318 2505 1421 2565 Terra
1446 2502 1580 2571 distantia,

237 2609 357 2672 semper
380 2593 632 2653 eadem-maneat
656 2592 821 2670 parallaxis
847 2593 1025 2653 latitudinis.
1069 2602 1124 2665 (Sit
1146 2596 1198 2655 2⁴⁰
1222 2600 1255 2665 ili
1285 2604 1312 2656 in
1340 2611 1423 2666 ortu.
1456 2605 1495 2657 sit
1516 2602 1580 2657 etim

237 2685 334 2738 eudem
355 2683 490 2737 distantia
511 2674 537 2743 )
559 2698 577 2736 s
598 2683 692 2744 Terra,
713 2683 768 2736 erit
789 2683 946 2750 parallaxis
967 2683 1121 2737 latitudinis
1143 2673 1169 2743 J>
1191 2692 1273 2737 tanta
1292 2684 1321 2737 in
1337 2678 1441 2749 24⁰³?
1467 2685 1495 2739 in
1514 2697 1578 2737 nous
1625 2690 1629 2749 ξ

238 2773 353 2847 gesimo
375 2771 528 2842 quantula
550 2766 602 2825 24⁰
629 2768 660 2833 10
682 2771 708 2825 in
730 2771 836 2824 oriente
858 2772 901 2824 rel
924 2766 1018 2827 24⁰&
1042 2773 1068 2825 in
1090 2770 1266 2834 occidente.)·
1292 2763 1334 2824 Ut
1356 2762 1454 2841 igitur
1470 2763 1525 2823 siu.
1538 2772 1578 2821 tot.

238 2852 277 2913 ad
301 2851 357 2913 sin.
383 2850 548 2912 distantiae
572 2850 758 2929 nonagesimi
784 2871 802 2910 a
827 2851 953 2922 vertice,
981 2851 1024 2911 ita
1048 2848 1100 2913 62¹
1131 2849 1190 2912 l0“
1218 2853 1256 2911 ad
1287 2852 1468 2929 parallaxin
1492 2850 1579 2912 latitu-
1627 2880 1629 2887 1

240 2940 340 3015 dinis;
364 2947 395 3000 et
418 2947 453 3001 ut
475 2939 553 3000 idem
577 2940 634 2999 sin.
659 2949 714 3001 tot.
741 2939 779 2999 ad
803 2938 859 2999 sin.
880 2939 1055 3007 ¹altitudinis
1085 2939 1286 3019 nonagesimi,
1318 2941 1365 3001 ita
1390 2937 1448 3004 62‘
1477 2937 1534 3002 l0‘¹
1553 2937 1579 2998 ad
1626 2939 1629 2943 ’

237 3028 407 3110 parallaxiu
433 3029 512 3104 long.
538 3028 770 3101 lmrizontalem;
796 3036 829 3089 ut
853 3048 923 3088 vero
947 3030 1243 3091 siu.tot.adsinu1n
1267 3029 1439 3090 distantiae
1455 3031 1579 3092 Luuaea

237 3117 440 3198 nonagesimo,
466 3117 510 3177 ita
526 3117 693 3197 parallaxis
719 3117 912 3178 horizontalis
929 3119 967 3178 ad
983 3119 1151 3198 parallaxin
1178 3118 1377 3197 longitudinis
1395 3120 1424 3179 in
1442 3117 1580 3199 propositi
1628 3148 1629 3154 κ

203 3206 398 3293 'altitudine
423 3207 536 3266 Lunae.
584 3205 661 3267 Hinc
685 3214 786 3285 patet,
809 3207 835 3267 si
860 3207 915 3267 sin.
941 3208 994 3268 alt.
1025 3206 1212 3286 nonagesimi
1240 3207 1466 3286 multiplicetur
1489 3209 1516 3267 in
1538 3205 1579 3265 sin.
1628 3238 1629 3242 =

236 3294 402 3359 distantiae
417 3295 521 3355 Lunae
546 3295 783 3373 anonagesinn,
809 3297 905 3357 tactus
930 3296 958 3356 in
977 3294 1119 3370 62‘10‘2
1145 3296 1255 3357 ablatis
1276 3293 1314 3358 10
1336 3297 1447 3375 liguris
1471 3294 1578 3362 alanis

236 3386 407 3447 conlectum
426 3383 460 3444 iri
481 3384 650 3463 parallaxin
677 3386 755 3460 long.
776 3383 1001 3446 horizontalesn.
1041 3385 1137 3465 Atqui
1154 3385 1426 3463 multiplicationes
1451 3385 1580 3447 tolluntur

237 3473 390 3536 additione
420 3471 685 3551 legarithnomn,
710 3483 740 3533 nt
767 3473 987 3535 demonstrarit
1016 3476 1197 3552 Nepesus.
1245 3474 1351 3554 Itaque
1379 3475 1518 3535 invenies
1538 3472 1580 3533 boe

159 3557 165 3571 ⁸
237 3573 372 3642 tempore
395 3558 585 3623 altitudinem
609 3563 635 3631 2)
662 3561 703 3624 55
730 3562 855 3624 semidrl.
881 3564 992 3624 'serrae
1016 3583 1052 3624 ex
1076 3584 1143 3624 mea
1165 3563 1316 3642 parallaxi
1341 3558 1398 3624 62⁴
1428 3562 1503 3638 10¹2
1524 3572 1580 3642 pun

237 3651 417 3714 horizontali
441 3650 620 3711 altitudinis.

326 3741 369 3802 Ut
392 3748 492 3800 autem
517 3739 571 3801 tibi
594 3740 741 3819 perhanc
765 3739 952 3800 occasionem
978 3741 1122 3822 explicem
1145 3741 1244 3801 obiter
1266 3739 1420 3802 rationem
1446 3739 1580 3820 logaritle

237 3848 361 3894 morum.
386 3829 509 3895 attende
533 3828 628 3907 primo
659 3848 781 3902 nornen,
817 3829 893 3909 quod
922 3829 984 3890 sint
1006 3829 1098 3910 aliqui
1128 3829 1261 3902 numeri,
1293 3828 1343 3909 qui
1369 3838 1445 3891 sunt
1473 3829 1582 3908 dpsdps

238 3941 290 3980 sos
306 3920 402 3996 loyce.
444 3916 536 3978 Verbi
554 3938 647 3979 causa
665 3917 707 3978 sit
725 3917 848 3979 minima
871 3918 999 3979 omniurn
1024 3919 1176 3999 proportio
1201 3926 1343 3997 suscepta
1360 3917 1444 3980 inter
1458 3936 1582 3981 numeros

241 4003 426 4070 10000000
458 4014 488 4066 et
514 4002 699 4069 99999.99:
731 4007 805 4068 haec
833 4008 985 4086 proportio
1025 4007 1160 4086 signetur
1192 4007 1279 4069 nobis
1311 4007 1433 4069 unitate
1471 4011 1583 4090 (quauta

238 4095 376 4157 nimirum
409 4102 463 4155 est.
489 4094 683 4156 terminorum
715 4095 897 4169 differentia,
929 4105 960 4156 et
990 4097 1034 4157 sic
1067 4095 1240 4177 legarithmi
1272 4105 1343 4157 sunt
1378 4098 1582 4159 accuratiores.

237 4185 316 4272 liam
340 4183 455 4244 initium
480 4182 570 4244 debet
593 4184 656 4244 lieri
676 4185 901 4263 aproportione
925 4184 1021 4246 adhuc
1046 4186 1133 4264 louge
1158 4185 1273 4260 minori,
1298 4185 1343 4245 ita
1366 4196 1403 4246 ut
1422 4187 1501 4248 haec
1523 4203 1582 4265 pro·
1627 4250 1629 4265 ¹

238 4272 337 4350 portio
367 4281 511 4351 aequaret
540 4291 645 4333 nomen
685 4275 775 4352 paulo
810 4274 905 4351 majus
938 4274 1089 4347 unitate):
1120 4275 1187 4353 jam
1213 4274 1292 4348 sois,
1333 4275 1416 4354 quod
1442 4273 1584 4356 proportio
1627 4278 1629 4325 l

238 4360 319 4421 inter
342 4356 505 4424 9999999
529 4369 561 4422 et
584 4358 748 4425 9999998
776 4361 818 4423 sit
843 4363 939 4441 major
967 4382 1054 4443 quam
1079 4363 1132 4424 illa
1161 4364 1243 4444 prior
1266 4372 1297 4423 et
1318 4381 1452 4444 sequens
1483 4379 1585 4427 rursum
1626 4330 1629 4447 i

240 4449 354 4528 major,
387 4469 428 4511 sc.
454 4450 532 4511 inter
556 4446 722 4514 99999.98
746 4461 777 4511 et
801 4447 965 4515 9999997
991 4460 1022 4512 et
1051 4453 1094 4514 sie
1120 4461 1348 4532 consequenter,
1382 4453 1429 4515 sic
1461 4463 1498 4517 ut
1525 4470 1585 4534 pro-

238 4537 337 4618 portio
362 4536 438 4598 inter
461 4536 620 4601 50000.01
645 4549 676 4600 et
696 4536 862 4604 50000.00
886 4541 927 4600 sit
950 4542 1060 4619 major,
1086 4561 1174 4622 quarn
1195 4542 1257 4603 ulla
1280 4542 1431 4621 priorum,
1456 4540 1585 4624 quaesit

239 4625 441 4708 proximorum
474 4647 660 4688 numerorum
692 4630 806 4691 ordinis
831 4631 987 4691 naturalis.
1036 4627 1116 4700 Quia
1144 4651 1216 4710 ergo
1248 4630 1364 4711 primae
1390 4629 1585 4712 proportionis

241 4713 396 4795 quantitas
412 4722 460 4775 est
473 4734 619 4793 expressa
634 4737 755 4781 numero
776 4717 803 4791 l,
819 4720 968 4779 secundae
984 4720 1137 4799 quantitas
1152 4740 1211 4782 non
1227 4718 1414 4800 exprimetur
1433 4719 1584 4787 numeral,

241 4806 295 4873 sed
319 4802 419 4897 aliquo
443 4806 532 4893 paulo
556 4805 672 4886 majori,
697 4816 728 4870 et
753 4807 797 4871 sic
821 4816 1070 4890 consequentem.
1090 4808 1157 4895 ipsa
1175 4809 1301 4897 deniqne
1326 4810 1408 4875 iuter
1431 4804 1582 4875 50000.οῐ
