3278 5550
528 294 591 351 Pars
608 296 701 351 Prima.
737 296 820 367 capnt
836 298 882 351 vl.

119 2876 238 2951 nudae.
279 2875 433 2961 Terapore
454 2877 563 2961 ipu'tur,
587 2880 673 2959 qaod
687 2884 875 2941 morannum
891 2894 954 2959 per
966 2870 1025 2937 GV
1043 2876 1201 2957 sinuatam
1222 2874 1379 2939 antecedit

119 2972 213 3032 nan
228 2960 312 3045 CT),
335 2986 407 3031 eum
421 2964 483 3029 Sol
502 2968 628 3031 meletae
650 2970 686 3031 iu
707 2967 794 3031 linea
808 2964 874 3040 OQ,
894 2964 1028 3048 planetu
1050 2966 1086 3027 in
1102 2965 1170 3051 q‘rus
1192 2964 1379 3047 appareretis

119 3056 263 3141 pposito,
283 3062 366 3136 puta
379 3058 415 3119 in
429 3056 456 3130 Ι,
478 3058 642 3129 attenua,
663 3062 694 3118 et
708 3056 863 3141 quiajam
880 3054 1023 3137 panitur,
1045 3054 1081 3117 in
1095 3054 1153 3117 itae
1172 3074 1251 3117 eata
1263 3072 1379 3117 enuere

119 3140 285 3209 unalitatem
312 3146 500 3220 senentiam,
530 3146 603 3207 iuteo
627 3144 700 3216 QCI
722 3146 783 3209 m‘t
804 3144 891 3207 linea
911 3164 994 3217 ana,
1024 3144 1084 3207 troo
1105 3148 1160 3214 eut,
1180 3148 1334 3225 prunetum
1356 3164 1379 3207 a

119 3233 269 3317 mryit
291 3236 507 3297 ecenrtniaitas
529 3237 590 3299 erit
611 3238 647 3298 in
669 3234 756 3299 lineu-
779 3230 845 3303 OQ.
895 3232 983 3313 Quia
1005 3232 1104 3313 initur
1126 3228 1169 3293 CI
1195 3232 1274 3295 uitio
1296 3230 1375 3317 pia-

120 3324 317 3405 ·retroaraeii
333 3324 430 3407 peior
453 3330 589 3405 ternpore
611 3334 656 3388 eet
677 3322 766 3387 utura
789 3321 846 3385 CO
868 3325 1019 3385 vidonem
1043 3322 1265 3403 posteriorem,
1287 3322 1376 3385 ideo-

120 3412 208 3497 uqio
229 3414 264 3473 in
294 3413 511 3476 antecedentia
539 3422 727 3495 rumpentem,
758 3414 819 3477 erit
847 3414 947 3492 ipitur
969 3418 999 3473 et
1021 3408 1077 3480 CQ
1104 3408 1192 3475 altro
1215 3406 1273 3471 CV
1296 3418 1327 3473 et
1348 3407 1379 3482 Q

120 3508 297 3565 ramnum
319 3504 500 3585 mutuantis
522 3502 610 3567 uultra
633 3504 663 3563 V
685 3510 780 3567 uetus.
826 3502 872 3565 Et
895 3522 967 3565 eum
995 3520 1035 3563 ea
1058 3497 1118 3560 OV
1140 3502 1183 3561 eit
1203 3498 1300 3581 saeta
1322 3496 1377 3571 10,

120 3590 247 3653 &omae
268 3589 303 3651 in
325 3594 545 3671 aameqaeutia
568 3590 684 3673 anpuio
708 3590 791 3665 oct,
814 3590 900 3653 linea
922 3610 992 3652 uero
1017 3588 1165 3669 apsida-m
1179 3588 1240 3651 VD
1261 3587 1309 3651 uei
1323 3588 1378 3649 Po

120 3696 153 3743 nr
172 3688 279 3743 motus
299 3674 431 3763 incipit)
454 3689 582 3747 nuaneat
603 3682 638 3743 in
662 3681 747 3743 muni
776 3682 911 3743 circuitu
931 3678 993 3741 eibi
1014 3679 1079 3760 ipsi
1100 3674 1292 3761 parallelos,
1316 3698 1378 3759 ap-

134 3767 250 3853 ipitnr,
282 3768 400 3833 nunaut
419 3772 569 3851 temporis
590 3768 755 3833 intervallo
783 3770 882 3831 statui
906 3768 1070 3851 planetam
1099 3765 1231 3829 ulterius
1259 3768 1378 3829 uenisse

133 3866 277 3921 emirum
298 3854 327 3926 Q
349 3864 546 3940 matanatis,
577 3880 672 3941 qaam
695 3868 789 3923 antea
811 3861 867 3920 suu
889 3857 1006 3939 nteriori
1034 3858 1184 3939 temporis
1212 3854 1377 3921 immuto

132 3946 164 4009 V
189 3952 331 4011 antrum
352 3951 539 4031 systematis.

121 4036 255 4115 apparet
279 4036 399 4115 itaque,
430 4038 498 4115 quid
523 4039 553 4099 in
576 4039 633 4098 hac
656 4036 827 4099 reductione
853 4056 870 4095 a
892 4033 988 4094 medio
1014 4034 1051 4093 ad
1076 4040 1271 4112 apparentem
1295 4030 1376 4093 Solis

121 4144 138 4187 o
165 4125 194 4185 in
227 4133 309 4185 motu
339 4128 498 4204 apparenti
529 4124 695 4189 eecentrico
726 4126 909 4187 immutetur.
964 4124 1043 4184 Nam
1075 4123 1104 4183 in
1129 4121 1158 4183 G
1183 4130 1212 4183 ot
1236 4122 1373 4202 opposito

121 4222 302 4277 aversante
327 4224 430 4275 centro
455 4216 643 4298 systematis,
674 4214 753 4275 linea
777 4223 874 4275 motus
898 4212 1043 4273 secontici
1067 4210 1241 4291 apparentis
1265 4220 1376 4283 manet,

130 4309 340 4385 promovetur,
371 4302 400 4363 in
433 4307 571 4386 opposito
605 4304 784 4376 retrahitur,
816 4322 882 4365 cum
917 4302 977 4363 illie
1001 4309 1120 4380 tempus
1145 4302 1303 4375 minuatur,
1329 4301 1376 4361 hic

124 4403 182 4456 tor.
230 4392 332 4469 atque
357 4391 401 4453 ita
425 4393 479 4455 hae
505 4396 603 4456 lineae
628 4416 645 4453 a
669 4394 805 4473 pristinis
828 4392 953 4453 muitum
970 4390 1128 4451 dissident.
1162 4388 1376 4459 (inareetiam,

122 4502 160 4544 ex
190 4482 238 4543 his
263 4480 379 4560 aliquot
403 4481 476 4544 locis
501 4484 574 4545 visis
597 4485 736 4563 planetae
763 4484 793 4555 (e
818 4500 940 4561 quorum
965 4480 1085 4557 regione
1110 4480 1303 4562 supponimus
1326 4480 1374 4540 in-

143 4579 280 4633 centrum
304 4573 490 4650 systematis,
516 4592 621 4652 nempe
646 4573 674 4633 iu
699 4573 764 4651 ipso
789 4571 876 4643 Sole)
901 4589 978 4629 nova
1002 4579 1032 4630 et
1051 4568 1182 4647 repetita
1197 4569 1371 4647 operatione

121 4682 134 4723 s
157 4670 191 4721 et
213 4678 384 4720 mensuram
408 4661 632 4742 inaequalitatis
656 4660 770 4740 primae
795 4660 1018 4739 investigamus,
1044 4660 1168 4719 etiectus
1190 4658 1374 4737 operationis
1492 4680 1498 4695 ·

122 4749 474 4923 iilariluluiiiiadlpitirititunu
496 4838 715 4924 opinionisve
738 4838 855 4905 cirtulo
871 4838 936 4915 Vl',
960 4838 994 4900 iu
1016 4858 1075 4919 qua
1098 4789 1250 4901 Brattia-e
1271 4837 1376 4919 ipsum
