3278 5550
47 258 50 269 '
158 262 203 333 80
585 265 686 319 litem
704 263 807 331 Keplerl
826 261 978 331 chorumque
993 267 1097 317 mae

156 445 238 525 pium
262 450 411 524 petentes.
459 442 494 505 ld
517 443 626 523 proba,
660 444 739 505 male
768 443 879 507 habere
901 463 1001 506 meam
1024 441 1259 507 eccentricitatie
1283 443 1423 508 ordinati

157 534 320 596 destructis
343 534 390 609 iis,
415 532 521 614 quibus
544 532 649 594 videas
673 533 964 613 superaedificatam.

247 624 294 683 De
331 621 630 703 aequipollentia
666 622 930 704 hypotheseon
962 622 1059 685 sentio
1093 622 1268 702 plagamin
1298 621 1396 702 digito

160 712 292 774 minimo.
346 714 470 784 Fateor,
511 712 662 773 minimum
695 712 809 792 aliquid
826 712 1016 775 ¹mutandum
1048 718 1097 773 est
1129 710 1157 774 in
1192 711 1423 775 dimensionibus

157 820 292 881 aequans
316 799 517 863 Ptolomeicus
541 809 573 862 et
597 801 772 883 epicyclium
796 799 1034 881 Cepernicanum
1058 799 1143 879 paria
1166 800 1292 863 faciant.
1338 800 1423 881 Neqn

160 899 262 952 tamen
286 890 375 970 plane
398 887 651 969 aequipollebnut,
675 890 701 952 si
718 891 783 970 quis
803 891 881 952 infra
895 891 1026 953 secunda
1041 889 1181 971 scrupula
1195 898 1301 969 posset
1318 890 1423 953 descen

159 978 290 1042 Causam
314 997 441 1060 quaeres
474 979 504 1040 in
529 977 712 1061 Copernico,
745 978 795 1041 ubi
828 980 865 1042 de
894 979 984 1043 trium
1015 980 1200 1059 superiorum
1234 978 1423 1060 inaequaliter

153 1088 263 1149 genere
286 1069 361 1147 agit.

242 1158 291 1220 De
312 1155 554 1228 miraculosa,
576 1164 611 1217 ut
633 1155 693 1233 ais,
718 1157 852 1220 Martis
875 1157 1076 1221 latitudine
1108 1155 1273 1220 identidem
1307 1156 1365 1220 tibi
1395 1176 1423 1219 re

153 1247 224 1310 nihil
248 1265 296 1307 me
319 1267 356 1307 ex
380 1266 448 1308 mea
471 1245 630 1327 hypothesi
654 1246 781 1322 dixisse,
811 1247 944 1329 adeoque
976 1267 1014 1308 ne
1047 1247 1164 1326 quidem
1199 1256 1356 1321 tentasse,
1385 1265 1423 1307 sei

153 1335 313 1419 ipsissimis
338 1335 597 1397 observationibus
622 1354 688 1398 eum
711 1342 795 1398 esset
817 1336 901 1398 Mars
926 1337 954 1398 iu
978 1343 1017 1409 ,Α
1043 1368 1084 1378 -

240 1424 380 1488 Revocas
404 1443 450 1486 me
475 1429 513 1494 (iu
537 1430 849 1496 lamentaretur.)
877 1427 917 1487 ad
944 1426 1092 1488 theoriam
1116 1424 1235 1487 Martis.
1283 1422 1383 1504 Supra
1405 1443 1423 1486 n

152 1515 270 1597 Sequar
307 1523 337 1576 te
374 1523 486 1576 tamen.
534 1511 664 1576 Causam
702 1515 780 1595 petis
817 1515 1022 1595 prohabilem,
1061 1535 1131 1589 cnr,
1169 1522 1330 1595 postquam
1367 1532 1422 1576 con

153 1603 335 1685 acronychia
366 1602 524 1665 eccentrici
555 1603 622 1665 loca
651 1623 705 1684 per
739 1612 851 1666 certam
892 1604 1163 1679 eccentricitatem,
1198 1603 1237 1664 ab
1274 1623 1311 1664 ea
1341 1610 1423 1682 poste

153 1693 331 1774 quaerendis
363 1690 570 1773 parallaxibus
599 1693 711 1774 aliquid
745 1694 886 1756 demam?
926 1693 1130 1773 Respondeo:
1164 1693 1268 1754 vitium
1292 1711 1422 1754 omnen

153 1783 272 1862 quidem
300 1781 406 1856 abest,
440 1801 507 1842 curu
536 1791 627 1844 ancta
650 1791 718 1846 utar
741 1782 985 1859 eccentricitate,
1017 1801 1071 1844 uec
1100 1783 1189 1862 plane
1218 1782 1285 1843 loca
1312 1782 1351 1843 ad
1380 1802 1423 1851 un,

152 1871 237 1933 reddi
273 1878 417 1950 possunt,
457 1869 483 1931 si
516 1869 592 1932 libet
623 1870 840 1952 depcssoloyeag-
882 1873 936 1934 sed
974 1879 1057 1933 esset
1092 1872 1234 1933 utendum
1272 1870 1359 1950 justa
1401 1891 1423 1932 e

151 1960 302 2040 trisitate,
338 1959 392 2020 sed
428 1977 483 2038 per
519 1961 724 2039 operationem
754 1961 835 2042 plani
872 1960 1022 2041 ellipoidis
1050 1981 1102 2022 seu
1139 1959 1326 2039 metopoidis.
1376 1961 1423 2023 At

152 2048 294 2111 vicariam
324 2056 356 2111 et
392 2057 511 2109 auctam
548 2050 803 2112 eccentricitatem
840 2050 1079 2130 compendiosius
1110 2059 1142 2110 et
1174 2050 1254 2112 intra
1291 2068 1399 2111 sensns

120 2181 123 2193 .
156 2138 299 2200 tilitatem
323 2137 525 2221 descenditur.
571 2139 786 2220 Aequipollent
810 2139 888 2201 enim
917 2141 1080 2202 secundum
1108 2138 1204 2217 magis
1229 2145 1260 2201 st
1283 2137 1423 2200 minnsv

152 2227 349 2310 hypotheses.
396 2225 545 2299 Primum,
568 2227 595 2288 si
619 2229 714 2290 utaris
742 2228 960 2291 immanissima
987 2228 1227 2304 eccentricitate,
1262 2226 1423 2292 nihilominr

153 2334 291 2398 apogaeo
315 2323 347 2377 et
369 2315 512 2396 perigaeo
536 2316 603 2378 loca
626 2326 796 2398 sequentur,
823 2318 980 2404 dnmmodo
1001 2318 1127 2399 apogaei
1151 2319 1234 2380 locus
1258 2325 1289 2378 et
1309 2317 1423 2379 revolut

151 2417 272 2486 tempus
303 2423 405 2465 verum
436 2403 591 2473 habeatur.
638 2407 771 2488 Reliqua
799 2408 867 2469 loca
899 2408 999 2473 omnia
1028 2407 1137 2469 vitiose
1169 2406 1341 2486 prodibunt.
1389 2406 1420 2467 D

148 2515 203 2576 per
226 2493 483 2557 eccentricitatem
507 2495 632 2558 totalem
657 2505 783 2579 quatuor
807 2499 874 2559 loca
897 2497 926 2558 in
949 2515 1103 2577 apogaeo,
1133 2496 1293 2575 perigaeo,
1317 2494 1423 2559 intern

150 2585 320 2647 constitues
351 2602 436 2657 vere,
470 2583 566 2646 deerit
598 2585 711 2667 aliquid
741 2587 816 2649 locis
846 2587 955 2648 ceteris
984 2586 1136 2648 omnibus:
1169 2585 1213 2646 sic
1242 2594 1342 2646 tamen
1368 2593 1404 2647 nt

148 2671 286 2754 impediti
310 2673 423 2734 ineunt
446 2683 565 2736 veteres
589 2676 646 2739 hoc
671 2677 778 2756 exiguo
802 2677 920 2738 defectu
945 2674 973 2737 in
991 2676 1096 2737 Lunae
1120 2673 1250 2736 motibus
1274 2673 1423 2754 investiga

148 2765 184 2825 In
208 2771 234 2832 ό
258 2761 358 2823 adhuc
381 2761 480 2841 major
503 2765 715 2827 eccentricitas
739 2764 820 2827 Solis
849 2783 988 2845 magnum
1008 2764 1042 2829 in
1072 2763 1243 2826 octantibus
1268 2762 1343 2824 facit
1367 2783 1423 2826 ern

470 2852 550 2916 Nam
579 2854 604 2914 si
628 2855 686 2915 BA
716 2861 805 2915 tanta
837 2853 1062 2924 eccentricitas,
1096 2862 1238 2932 quantam
1270 2852 1423 2930 requirit]

468 2941 598 3020 angulus
624 2942 811 3022 aequationis
834 2941 997 3017 maximae,
1026 2949 1097 3004 tuno
1120 2943 1147 3004 si
1169 2939 1238 3015 BG,
1262 2942 1319 3004 BD
1343 2941 1409 3004 sint

417 3071 435 3121 α
471 3037 502 3090 et
517 3026 601 3093 GBO
621 3030 750 3110 simplex
764 3030 924 3104 anomalia,
949 3030 1033 3092 cadit
1045 3030 1103 3095 Ac
1126 3030 1215 3093 nimis
1229 3031 1259 3092 in
1276 3049 1423 3111 conseque

303 3112 306 3117 ’
470 3116 590 3180 etiamsi
613 3118 685 3194 AG,
709 3119 769 3182 AD
792 3120 920 3181 officium
954 3120 1076 3183 saciant.
1123 3121 1167 3184 Ut
1196 3139 1268 3200 ergo
1297 3128 1329 3181 et
1351 3119 1413 3184 Ac

469 3205 499 3268 in
515 3209 726 3275 antecedentia
740 3209 903 3271 secundum
925 3209 1102 3290 requisitum
1120 3208 1362 3272 observationum
1384 3210 1423 3272 iu

470 3304 547 3369 atur,
570 3305 690 3375 oportet
713 3298 820 3361 ducere
835 3299 891 3361 AF
905 3306 937 3360 et
955 3308 1055 3361 tamen
1078 3318 1199 3362 manere
1215 3295 1299 3360 GBC
1320 3318 1423 3361 anoma

469 3383 634 3465 simplicem
658 3406 710 3449 seu
739 3407 908 3469 mensuram
937 3388 1149 3469 aequalitatis3
1186 3405 1257 3467 ergo
1281 3387 1322 3448 sit
1350 3399 1423 3450 sect:

467 3475 502 3545 F,
527 3470 693 3555 qnare'FB
718 3477 813 3538 minor
843 3497 931 3557 quam
957 3477 1025 3548 CB,
1056 3478 1096 3539 sit
1129 3497 1200 3556 ergo
1231 3477 1333 3554 aliqua
1364 3496 1423 3559 aeq

468 3561 521 3626 OB
544 3565 593 3627 vel
619 3564 671 3630 DB
705 3566 808 3639 radio,
846 3568 886 3629 sit
909 3567 979 3642 FE,
1021 3566 1064 3629 sic
1096 3575 1130 3629 nt
1151 3566 1223 3638 ΓΕ,
1260 3565 1317 3627 ΕΙ)
1343 3567 1410 3646 janu

466 3654 617 3731 aequales.
666 3655 772 3735 ltaque
805 3665 873 3719 octo
906 3656 981 3719 locis
1008 3655 1037 3716 in
1071 3655 1206 3718 ordinem
1238 3655 1371 3716 redactis
1402 3676 1422 3737 p

393 3744 411 3789 Α
465 3743 679 3823 qualiscunque
708 3744 882 3826 hypothesis
911 3765 983 3807 vera
1007 3744 1062 3812 sit,
1093 3745 1167 3806 haec
1191 3754 1291 3807 tamen
1321 3744 1423 3827 hypotl

463 3849 524 3892 una
546 3832 676 3894 officinm
699 3833 785 3905 lacit,
811 3835 868 3896 etsi
896 3834 1028 3897 nonnihil
1057 3835 1257 3896 reclamarent
1280 3833 1397 3911 adhuc,

145 3915 231 3980 inter
255 3916 311 3980 GF
338 3927 370 3981 et
407 3938 483 4000 qnae
520 3919 599 3983 inter
635 3923 703 3995 FD,
741 3923 767 3983 si
803 3925 897 4003 major
933 3930 1017 3986 esset
1050 3923 1268 3986 eccentricitas.
1320 3925 1378 3985 At·
1402 3944 1423 3986 u

145 4006 218 4069 Sole
243 4007 327 4070 locus
352 4007 387 4082 O,
413 4009 546 4071 reserens
575 4019 701 4090 quatuor
731 4013 797 4074 loca
820 4032 858 4074 ex
880 4013 1008 4094 simplici
1030 4014 1088 4075 BA
1117 4012 1354 4086 eccentricitate,
1378 4032 1423 4075 no:

147 4089 222 4179 l¹l,‘
246 4097 403 4173 reclamat,
428 4099 472 4160 ita
490 4098 557 4178 jam
579 4099 726 4163 in-Marte
750 4102 881 4164 sedecim
904 4104 970 4167 loca
992 4102 1170 4163 intermedia
1192 4101 1288 4163 minus
1312 4102 1423 4165 teclam

144 4185 280 4264 quamvis
308 4207 364 4250 nec
397 4188 480 4266 prius
504 4187 602 4263 Solis,
635 4209 688 4252 uec
720 4190 786 4270 jam
814 4192 923 4254 Martis
960 4190 1135 4273 hypothesis
1165 4209 1237 4251 vera
1265 4191 1315 4252 sit.
1363 4189 1414 4254 Sit

144 4281 210 4350 (rig.
235 4280 281 4345 22)
306 4275 426 4339 INKO
459 4277 611 4357 perlectus
645 4279 773 4343 circulus
796 4281 907 4342 Martis
940 4290 971 4342 et
997 4281 1054 4342 ΗΡ
1082 4296 1154 4342 vera
1187 4279 1408 4343 eccentricitas,

142 4364 213 4445 qnia
236 4383 274 4426 ex
297 4364 396 4426 causis
420 4366 553 4447 physicis
576 4367 622 4430 HI
646 4375 694 4431 est
718 4369 834 4449 longior
857 4389 946 4451 quam
968 4370 1024 4443 ΡΙ,
1051 4370 1156 4432 tardus
1184 4369 1276 4449 igitur
1300 4377 1348 4431 est
1370 4369 1423 4449 pla

142 4455 172 4516 iu
195 4453 212 4515 I
235 4462 318 4516 motu
342 4454 422 4516 circa
436 4453 555 4529 Solem;
579 4458 746 4538 aequabilis
772 4477 842 4522 vero
867 4467 915 4522 est
928 4467 1026 4522 motus
1050 4459 1079 4522 in
1095 4459 1239 4541 epicyclo,
1263 4478 1320 4538 quo
1340 4478 1423 4522 acces

142 4543 182 4606 ad
205 4541 308 4606 Solem
332 4544 452 4606 conficit
479 4545 562 4625 (qnia
589 4545 640 4609 ille
664 4566 702 4609 ex
719 4546 798 4610 'Sole
812 4548 940 4611 alienus
964 4558 995 4611 et
1016 4549 1065 4612 hic
1092 4549 1229 4630 proprius
1252 4556 1314 4622 est,
1347 4548 1396 4611 ille

140 4653 196 4713 per
218 4632 350 4714 spatium
378 4641 504 4697 extensa
532 4637 628 4715 magis
657 4636 812 4718 magisque
841 4644 1013 4714 attenuata,
1047 4637 1096 4701 hic
1119 4637 1203 4700 nutui
1233 4637 1358 4699 similior
1381 4658 1422 4701 nn

141 4722 264 4805 capiens
287 4722 487 4787 intensionem
512 4745 604 4790 causa
628 4727 733 4808 spatii,
759 4726 830 4807 quia
852 4726 881 4788 in
905 4727 971 4809 ipso
999 4729 1124 4808 planeta
1151 4731 1301 4808 semper),
1325 4747 1423 4809 praeci

214 2904 219 2913 '
248 2920 302 2986 rig.
326 2917 368 2968 ar.
