3278 5550
576 288 759 353 recum
794 288 969 360 omero
1381 252 1460 353 eor

116 463 182 531 Solis
195 464 281 548 sique
295 465 475 546 conjunctae
495 469 691 549 magneticae‚
714 471 822 534 insitae
841 472 900 553 ipsi
918 473 1068 555 planetae,
1091 473 1230 549 utsupra
1253 464 1447 547 explicatum.

117 556 230 637 Siergo
251 574 307 637 per
331 575 400 619 sese
424 558 553 621 officium
585 560 700 622 iaciunt
727 560 853 623 virtutes
884 559 1090 642 magneticse,
1114 557 1184 638 quid
1212 576 1287 639 opus
1313 554 1376 619 illis
1399 562 1448 616 est

117 645 211 709 nce
241 644 426 708 directorio?
460 647 509 711 Ao
539 648 598 710 etsi
630 649 668 711 de
697 651 868 730 magnetica
889 652 936 726 vi,
966 650 1042 732 ipsis
1074 647 1247 728 corporibus
1269 643 1448 726 planetariis

117 732 202 809 insita
223 734 331 798 incerti
348 735 512 798 mansimus
535 739 786 819 contemplatione
805 742 872 803 axis
886 739 1027 815 Telluris,
1052 737 1101 821 qui
1117 737 1253 799 diversus
1272 741 1321 797 est
1335 755 1355 796 a
1367 734 1449 799 linea

117 823 238 907 apsidum
261 822 364 887 Solis:
393 826 523 888 ethaeo
547 827 710 891 difficultas
736 829 874 911 utrinque
902 826 1145 892 communisset.
1189 825 1269 887 Nam
1293 829 1326 887 et
1348 830 1448 885 mente

117 913 202 995 posita
229 921 331 976 tamen
359 914 456 976 coacti
480 935 581 979 sumus
605 918 762 980 admittere
786 921 1002 994 talemaxem,
1027 918 1144 999 qualem
1167 914 1198 976 iu
1220 913 1352 976 Tellure·
1365 911 1448 974 desi-

117 1002 250 1079 deramus,
274 1021 333 1083 quo
348 1003 498 1066 mediante
513 1025 598 1068 mens
618 1006 825 1088 apprehendat
847 1007 1052 1071 fortitudinem
1076 1003 1177 1085 anguli
1196 1023 1249 1065 seu
1263 1002 1329 1082 ejus
1351 1000 1448 1063 sinum

117 1110 230 1155 rasum.
277 1091 391 1156 Contra
419 1094 612 1157 vehementer
640 1107 727 1176 urget
748 1117 803 1160 nos
832 1097 1076 1172 verisimilitudo,
1103 1102 1138 1156 ut
1160 1091 1348 1157 librationem
1369 1090 1448 1152 hanc

117 1181 299 1261 planetarum,
323 1201 399 1261 quae
413 1183 490 1245 citra
513 1187 747 1249 controversiam
768 1188 851 1268 leges
870 1195 996 1251 naturae
1020 1185 1162 1267 sequitur,
1186 1190 1310 1245 naturas
1331 1177 1449 1241 adscri-

117 1271 207 1333 tsmus
229 1271 259 1332 iu
276 1270 416 1346 solidum,
440 1274 701 1355 quomodocunque
726 1295 763 1339 ea
778 1276 852 1339 insit
874 1276 1048 1357 corporibus
1070 1276 1267 1356 planetarum.
1302 1269 1449 1349 Adeoque

117 1366 142 1422 st
159 1360 255 1442 ipsam
277 1359 354 1423 hanc
377 1363 671 1442 comprehensionem
695 1366 871 1429 sensitivam
891 1365 973 1429 Solis
997 1373 1028 1427 et
1049 1366 1183 1436 fixarum,
1208 1378 1296 1442 quam
1318 1357 1450 1421 molliter

118 1466 162 1529 rgo
182 1448 298 1530 accipio
320 1451 472 1532 mentique
494 1454 635 1533 planetae
660 1454 809 1536 indulgeo,
834 1455 936 1518 nescio
959 1475 997 1516 an
1017 1453 1199 1517 sufficienter
1220 1447 1326 1512 lectori
1347 1446 1450 1527 philo-

118 1538 197 1620 roplro
217 1538 486 1619 comprobaverim.

188 1627 320 1690 Accedit
340 1634 373 1690 et
389 1628 456 1705 hoc,
480 1631 557 1712 quod
581 1631 611 1692 in
633 1631 710 1712 ipsis
733 1633 823 1695 etiam
846 1633 953 1707 modis,
977 1651 1051 1714 quos
1073 1628 1166 1692 menti
1187 1624 1448 1708 praescripsimus,

118 1715 242 1792 ominum,
268 1716 318 1798 qui
340 1726 469 1799 possunt
486 1739 564 1794 esse,
587 1721 826 1801 probatissimos,
849 1722 996 1803 implicari
1018 1720 1138 1782 videtur
1156 1717 1300 1799 quaedam
1321 1712 1450 1776 incerti-

118 1807 174 1871 ndo
195 1806 396 1887 geometrica3
429 1829 505 1890 quae
530 1810 630 1872 nescio
654 1831 692 1872 au
715 1831 774 1873 non
798 1832 816 1872 a
838 1813 904 1874 Deo
927 1812 993 1891 ipso
1016 1809 1202 1891 repudietur,
1232 1805 1281 1888 qui
1302 1805 1450 1866 hacteuus

118 1914 221 1978 uper
242 1894 481 1960 demonstrativa
509 1899 559 1960 via
582 1918 760 1980 progressus
780 1920 846 1963 esse
870 1900 1109 1982 deprehenditur.
1156 1897 1235 1959 Nam
1259 1893 1285 1956 si
1314 1893 1449 1975 planeta,

118 1993 190 2069 pout
211 1985 250 2046 ad
264 1984 368 2048 Solem
389 1987 500 2067 partim
516 1988 607 2051 insita
631 1991 659 2052 vi
683 1990 975 2071 appropinquaverit,
999 1988 1028 2050 ln
1051 1987 1144 2050 alium
1157 1993 1188 2048 et
1210 1984 1301 2047 alium
1320 1982 1447 2062 madum

118 2072 223 2139 fctufis
251 2093 288 2136 ex
311 2073 383 2137 Sole
411 2077 595 2140 adventitiae
629 2079 712 2140 venit
735 2081 782 2152 (ut
805 2080 923 2162 quidem
946 2078 1052 2152 venit),
1083 2085 1114 2138 et
1142 2074 1168 2137 si
1191 2073 1303 2135 diversi
1334 2071 1447 2151 gradum

118 2164 252 2245 reciproce
276 2163 372 2243 ipsius
388 2166 478 2229 etiam
499 2168 640 2248 planetae
663 2168 722 2230 vim
745 2167 999 2250 appropinquandi
1021 2166 1190 2237 intendunt,
1214 2163 1284 2224 dum
1306 2159 1447 2239 angulum

119 2260 230 2333 lgent,
263 2252 315 2335 qui
336 2255 440 2334 regula
461 2256 582 2336 ponitur
611 2250 906 2339 appropinquationis
935 2277 987 2319 seu
1010 2253 1158 2317 auctionis
1182 2250 1321 2313 diametri
1343 2247 1447 2312 Solis:

119 2340 190 2405 mes
212 2340 355 2422 planetae
368 2345 505 2424 proprius
529 2347 656 2427 denique
681 2347 811 2427 sibiipsi
834 2350 887 2410 flet
900 2367 937 2409 ex
959 2352 1046 2427 parte
1065 2361 1213 2414 mensura,
1239 2347 1270 2402 ct
1292 2339 1323 2400 in
1346 2337 1449 2400 inteu-

119 2428 182 2495 ᾖε
210 2431 353 2511 planetae
385 2433 472 2496 simul
503 2435 587 2516 prius
610 2445 642 2498 et
662 2437 830 2517 posterius3
862 2457 929 2499 cum
952 2437 993 2497 sit
1014 2453 1068 2515 per
1096 2438 1199 2512 partes
1230 2426 1396 2513 inaequalis
1419 2431 1452 2488 et

124 2518 221 2583 thoe
245 2519 343 2600 ipsum
365 2540 506 2584 mensura
528 2524 698 2603 indiguerit.
737 2525 804 2597 Quo
827 2533 916 2606 pacto
935 2544 995 2587 non
1018 2518 1263 2591 demonstrative,
1288 2517 1342 2579 sed
1365 2513 1452 2597 quasi

125 2622 160 2691 μ
178 2609 317 2689 regulam
340 2610 411 2672 falsi
434 2610 553 2675 dabitur
585 2614 752 2694 exploratio
783 2614 1041 2694 temperandarum
1064 2611 1171 2672 virium
1201 2607 1355 2687 utriusque
1386 2602 1450 2677 vir,-

122 2697 187 2774 rtis,
210 2706 246 2759 ut
269 2699 373 2760 eodem
396 2707 531 2783 tempore
555 2722 622 2764 sese
646 2704 808 2784 expediant
830 2704 935 2766 eodem
958 2700 1091 2781 corporis
1114 2699 1304 2760 circumactu.

189 2787 261 2851 Nisi
284 2789 362 2850 forte
377 2789 443 2870 quis
458 2810 496 2852 ex
518 2792 574 2853 hac
597 2792 665 2872 ipsa
683 2812 823 2855 mensura
837 2792 1045 2872 dycopequsp
1060 2806 1252 2871 progressum
1265 2782 1451 2866 apheliorum

123 2876 293 2941 tonsionem
324 2877 458 2941 iuvenire
482 2882 629 2962 suspicari
652 2882 734 2944 velit.
781 2882 843 2946 Sed
871 2902 927 2944 nos
956 2900 1046 2962 supra
1069 2898 1134 2959 cap.
1158 2875 1293 2939 XXXV.
1317 2874 1350 2935 in
1379 2892 1450 2936 sus-

122 2976 196 3045 nso
218 2964 409 3048 reliquimus,
441 2990 479 3031 au
509 2990 567 3033 nou
598 2971 655 3033 hoc
687 2989 781 3051 genus
811 2979 943 3033 motuum
975 2971 1013 3031 ab
1045 2969 1106 3031 alia
1133 2985 1240 3039 causa,
1273 2962 1390 3026 scilicet
1411 2961 1450 3022 ab

121 3046 289 3133 buppcsso,
319 3056 419 3135 possit
441 3059 586 3134 existerc;
618 3069 665 3136 ut,
695 3061 773 3123 sicut
795 3063 893 3123 ferrea
915 3059 1028 3123 tabella
1060 3058 1119 3120 vim
1141 3053 1291 3135 magnetis
1319 3050 1451 3131 lingulae

120 3136 218 3209 trae
251 3144 417 3226 intercipit,
450 3149 494 3210 sic
520 3150 708 3229 planetarum
731 3169 858 3230 corpora
889 3150 947 3213 sibi
975 3154 1077 3210 mutuo
1100 3145 1192 3208 etiam
1223 3164 1294 3206 suas
1323 3140 1451 3203 virtutes

119 3234 291 3317 hgneticas
312 3235 466 3316 proprias,
489 3237 596 3320 quibus
619 3240 658 3300 ad
680 3239 783 3302 Solem
805 3247 952 3313 annuunt,
975 3235 1177 3316 intercipiant.
1221 3234 1302 3295 Nam
1323 3249 1360 3293 ne
1383 3248 1450 3292 cum

120 3314 204 3388 iolari
218 3323 331 3386 virtute
353 3325 410 3386 hoc
433 3327 529 3403 fieret,
549 3347 586 3389 ne
609 3328 729 3410 inquam
744 3329 863 3392 Solaris
881 3328 987 3399 virtus,
1011 3322 1175 3388 communis
1190 3321 1337 3395 omnibus,
1353 3318 1450 3382 inter-

120 3408 256 3497 lperetur
278 3413 328 3475 uni
351 3413 510 3496 interjectu
524 3416 664 3491 alterius,
689 3418 880 3480 distinximus
903 3418 980 3478 inter
998 3413 1162 3478 essentiam
1184 3409 1319 3491 corporis
1334 3406 1452 3473 Solaria

120 3502 412 3584 tplanetariorum.
469 3504 545 3568 (lum
577 3506 669 3586 igitur
700 3527 758 3569 non
789 3506 1014 3569 distinxerimus
1053 3504 1132 3565 inter
1163 3517 1289 3583 corpora
1320 3497 1452 3580 ipsorum

120 3590 303 3667 iunctarum,
327 3591 445 3655 videtur
467 3595 524 3657 hoc
547 3595 577 3656 in
601 3615 693 3657 causa
714 3595 851 3678 relinqui.
886 3595 990 3677 Neque
1014 3612 1086 3655 sane
1105 3590 1239 3672 expediri
1261 3587 1368 3669 potuit,
1391 3584 1451 3648 nisi

120 3680 294 3765 aprehensa
316 3682 476 3745 verissima
499 3683 696 3765 dispositione
726 3685 887 3765 magnetici
910 3683 1044 3767 corporis
1066 3682 1221 3764 planetae,
1251 3697 1311 3758 qus
1333 3674 1452 3740 libratio

120 3769 342 3835 ministretur.

194 3856 259 3920 Sed
280 3865 316 3921 ut
337 3860 576 3924 ratiocinationis
600 3862 640 3925 sit
663 3864 845 3943 exemplum:
875 3861 916 3924 sit
937 3859 1096 3943 dispositio
1110 3857 1280 3940 magnetica
1301 3854 1451 3935 planetae,

120 3949 227 4031 nalem
249 3948 341 4029 paulo
363 3958 433 4013 ante
457 3971 523 4014 cum
545 3951 825 4029 introduxissemus,
848 3958 956 4034 postea
979 3953 1015 4013 de
1038 3949 1158 4013 Tellure
1187 3944 1372 4027 negavimus.
1416 3945 1452 4006 In

121 4058 143 4101 ι
163 4056 226 4100 non
249 4037 344 4100 habet
365 4040 463 4103 locum
484 4040 726 4122 impedimentum
749 4043 787 4104 ab
810 4039 987 4120 ἀκιφραξει.
1032 4040 1111 4101 Nam
1130 4037 1199 4118 quia
1220 4033 1341 4097 virtutis
1364 4051 1452 4112 mag-

120 4126 225 4191 cticae
249 4127 374 4190 effectus
396 4129 463 4204 fuit,
486 4131 525 4191 ad
540 4130 643 4193 Solem
665 4131 787 4193 tendere
810 4139 842 4193 et
864 4130 968 4194 aSolc
991 4130 1104 4210 fugere,
1127 4125 1305 4204 interimque
1320 4121 1453 4185 duectu

121 4233 209 4279 encre
234 4216 326 4278 libras
349 4218 430 4281 sedis
452 4220 654 4299 magneticae;
679 4220 705 4281 si
724 4238 794 4299 ergo
811 4221 889 4282 alius
911 4221 1042 4301 planeta,
1067 4217 1169 4280 Solem
1192 4214 1270 4276 inter
1292 4219 1323 4274 et
1344 4210 1452 4292 plane-

121 4324 170 4369 m
193 4304 411 4382 interveniens,
443 4307 568 4389 impedit
598 4311 675 4372 hano
699 4309 959 4390 adnavigationem
983 4309 1021 4370 ad
1044 4306 1148 4370 Solem
1176 4304 1223 4365 vel
1247 4303 1364 4383 fugam,
1391 4320 1452 4364 non

121 4393 251 4477 mpedito
275 4396 422 4458 communi
444 4404 527 4459 motu
549 4417 587 4461 ex
610 4399 698 4463 Sole:
723 4399 819 4460 minus
841 4399 933 4478 igitur
952 4398 1035 4478 justo
1055 4393 1248 4474 adnavigabit
1271 4391 1318 4453 vel
1347 4390 1452 4472 fugiet,

121 4484 207 4547 etsie
229 4485 393 4547 mutabitur
416 4485 556 4549 circuitus
579 4486 743 4570 amplitudo
766 4507 831 4550 oum
860 4487 1013 4568 periodico
1035 4494 1168 4565 tempore
1198 4499 1340 4545 successu
1363 4499 1452 4543 secu-

121 4572 207 4637 lorum
246 4572 412 4656 iterumque
442 4576 607 4656 corrigetur
638 4576 797 4639 contrariis
819 4575 1080 4656 eclipsationibns3
1113 4581 1146 4635 at
1168 4592 1226 4635 non
1254 4568 1453 4634 transferetur

121 4660 262 4744 spltelium
285 4682 322 4726 ex
344 4664 401 4727 hac
424 4664 543 4748 quidem
558 4663 733 4747 ἀηιφραξει.
771 4665 867 4748 Igitur
889 4686 981 4729 causa
1003 4671 1102 4727 motus
1116 4661 1302 4743 apheliorum
1324 4679 1344 4720 a
1365 4658 1453 4722 nobis

121 4748 195 4833 prim
216 4752 313 4816 allata
337 4754 433 4817 adhuc
457 4756 525 4817 sola
546 4763 669 4836 regnat,
699 4756 763 4819 sine
787 4758 871 4819 socia
892 4756 941 4818 vel
963 4754 1089 4818 aemula.
1135 4751 1181 4816 At
1201 4768 1295 4832 neque
1319 4748 1453 4812 simone

121 4838 264 4911 meconi
285 4843 374 4909 modo
390 4844 471 4910 dioto
484 4845 668 4929 praesideat,
686 4843 843 4932 quicquam
857 4844 978 4910 nocebit
999 4840 1177 4926 ἀποφραξις.
1215 4841 1357 4907 Uteretur
1371 4838 1451 4904 enim
