3278 5550
435 306 466 359 de
484 306 671 358 commanentis
690 307 721 359 da
739 314 808 359 motu
826 306 914 357 stellas
934 307 1030 359 Martis.
1363 307 1407 377 49

49 489 118 550 riae
143 489 266 563 Lunae,
300 506 367 549 cum
389 486 471 549 linea
497 487 636 569 apogaei·
656 487 801 567 competit
823 485 852 547 in
876 487 986 550 lineam
1010 488 1228 551 diametralem.
1274 487 1320 552 At
1342 509 1408 551 cum

51 580 109 640 hae
132 575 233 638 lineae
256 596 377 639 crucem
400 578 523 652 faciunt,
547 579 703 640 circularis
725 576 846 658 penitus
870 583 917 637 est
939 575 989 637 via
1011 577 1125 639 Lunae.

142 665 280 737 Quarto:
312 685 446 746 aequans
477 667 596 746 gemino
623 668 712 728 modo
743 665 886 727 variatur.
935 665 1010 730 Cum
1034 667 1278 747 enimaequans
1301 668 1344 730 sit
1365 668 1409 730 uil

58 757 146 828 aliud,
169 774 258 835 quam
283 755 469 832 geometrica
491 775 632 819 mensura
653 755 799 837 physicae
822 755 1048 836 inaequalitatis
1071 757 1102 818 iu
1121 763 1214 830 motu,
1238 776 1315 837 quae
1338 757 1408 819 inde

60 856 120 918 est,
150 845 231 925 qnod
253 842 339 905 sidus
360 863 454 924 prope
485 845 600 907 sontem
622 845 744 907 virtutis
774 843 910 907 matricis
937 845 1062 906 veniens
1091 843 1232 906 celeriter
1254 845 1407 921 incitatur,

64 935 142 997 tarde
166 952 234 995 eum
257 932 405 995 discedit:
431 935 571 1001 convenit
593 936 705 1015 itaque,
729 942 763 995 ιιι
784 930 872 995 Luna
900 933 989 995 simul
1013 942 1044 995 et
1066 942 1169 995 centro
1193 935 1353 997 ecceutrici
1377 936 1408 998 in

63 1025 135 1086 linea
156 1022 328 1084 diametrali
360 1022 525 1097 existente,
556 1023 727 1103 hujusmodi
759 1021 940 1084 'acceleratio
964 1029 996 1084 et
1022 1023 1155 1085 tardatio
1188 1023 1237 1085 vel
1260 1024 1344 1086 nulla
1368 1026 1410 1088 sit

65 1114 105 1174 rel
126 1111 254 1191 exigua3
287 1112 389 1190 itaque
421 1120 563 1192 punctum
595 1114 753 1194 aequantis
776 1111 825 1172 vel
849 1110 1002 1173 coincidat
1024 1132 1091 1174 cum
1114 1121 1218 1174 centro
1248 1113 1406 1177 ecceutrici

64 1203 105 1262 rel
125 1200 169 1263 illi
194 1199 237 1261 sit
258 1200 437 1279 proximum.
484 1202 563 1263 Nam
593 1202 674 1264 linea
703 1199 893 1263 diametralis
921 1207 971 1262 est
998 1203 1067 1264 fons
1099 1200 1220 1263 virtutis
1253 1202 1333 1264 omui
1361 1203 1408 1266 sui

64 1300 148 1372 parte.
197 1288 275 1353 Cum
305 1308 378 1350 vero
409 1289 625 1370 digreditur)
651 1313 670 1351 a
693 1292 732 1366 ὅ,
757 1296 860 1351 centro
890 1290 1050 1353 ecceutrici
1083 1298 1221 1353 manente
1252 1290 1284 1352 iu
1314 1290 1407 1366 linea,
1512 1318 1515 1323 ·

65 1380 177 1441 nultum
210 1378 340 1439 decedat
370 1398 495 1441 necesse
527 1387 576 1441 est
606 1378 775 1452 celeritati,
806 1398 873 1440 curn
902 1379 1060 1445 celerrima
1092 1380 1232 1451 fuerit)
1264 1379 1296 1442 in
1326 1379 1408 1442 linea

64 1467 233 1530 diametrali.
276 1467 383 1549 Itaque
407 1469 469 1531 alte
492 1470 638 1531 ascendet
660 1488 803 1550 aequans,
828 1467 978 1550 facietque
1001 1469 1163 1531 maximam
1186 1468 1405 1545 aequationem.
1507 1494 1512 1505 ·

10 1592 14 1619 ι
63 1558 120 1619 lam
143 1556 169 1618 si
195 1575 317 1618 crucem
341 1556 456 1618 saciant
478 1557 560 1619 linea
582 1559 708 1638 apogaei
734 1565 763 1618 et
779 1557 977 1632 diametralis,
1002 1558 1141 1639 sitque)
1162 1558 1193 1620 in
1212 1550 1257 1631 U,
1281 1577 1405 1621 necesse

10 1664 13 1725 ζ
62 1657 99 1708 est
116 1644 328 1708 tardissimam
346 1664 424 1720 esse,
449 1653 480 1709 et
494 1647 675 1710 altissimum
688 1646 848 1729 aequantis
866 1654 1018 1727 punctum,
1037 1654 1125 1709 tanto
1139 1654 1211 1710 vero
1227 1647 1406 1710 velociorem

10 1732 12 1775 ἵ
60 1737 82 1797 lu
102 1736 202 1796 altera
225 1727 274 1806 U,
298 1753 366 1796 com
389 1742 438 1797 est
460 1736 489 1798 in
512 1737 664 1817 perigaeo.
711 1736 754 1798 Ει
776 1743 876 1798 tamen
904 1735 1001 1814 prima
1028 1736 1231 1816 inaequalitas
1253 1737 1406 1798 intercur-

59 1846 115 1887 rens
136 1823 245 1897 efficit,
273 1825 354 1894 ot)
381 1843 518 1904 apogaea
535 1826 565 1886 iu
584 1829 666 1904 ὠά)
691 1826 788 1887 adhuc
811 1825 943 1887 velocior
957 1824 1008 1899 sit,
1033 1845 1121 1905 quam
1144 1826 1288 1906 perigaea
1311 1823 1339 1886 in
1359 1819 1406 1892 [l.

58 1916 191 1977 llanente
217 1931 293 1974 vero
317 1913 406 1974 modo
430 1913 513 1975 dicta
535 1934 631 1989 cruce,
657 1933 722 1977 cum
748 1917 772 1985 b
798 1915 828 1975 in
853 1916 938 1990 Μ
960 1914 1074 1988 incidit,
1100 1914 1171 1995 quia
1194 1935 1213 1975 a
1237 1915 1319 1978 sonte
1343 1916 1405 1977 vir-

57 2004 118 2065 tutis
139 2001 360 2063 vehementius
383 2002 544 2079 incitatur,
569 2023 693 2066 necesse
717 2011 766 2065 est
795 2003 1101 2083 contemperationem
1124 2002 1187 2065 lieri
1210 2013 1239 2066 et
1264 2011 1406 2083 punctum

58 2091 208 2173 cacantis
232 2091 277 2152 ad
300 2090 540 2155 mediocritatem
564 2094 756 2155 descendere.
795 2092 844 2154 Sit
861 2092 887 2153 F
904 2092 1007 2166 Terra,
1031 2093 1058 2154 Ε
1077 2101 1212 2155 centrum
1236 2093 1405 2168 ecceutrici,

59 2186 227 2262 haequans
252 2198 310 2259 pro
334 2181 466 2242 maxima
484 2183 663 2262 aequatione
680 2186 718 2256 00,
734 2183 772 2257 ό,
790 2180 887 2263 Dpro
906 2181 1037 2243 maxima
1060 2178 1239 2261 aequatione
1253 2175 1299 2248 [l.
1322 2182 1405 2262 Ergo

60 2284 143 2333 anuo
178 2268 353 2331 ecceutrici
378 2279 518 2332 versante
542 2272 571 2332 in
596 2275 633 2345 00,
650 2273 689 2348 ό,
714 2271 748 2331 lit
770 2270 890 2332 libratio
915 2270 943 2331 in
966 2270 1040 2345 DE3
1064 2271 1117 2332 illo
1140 2271 1171 2332 iu
1194 2263 1230 2336 l]
1253 2280 1404 2345 versante,

60 2361 159 2422 libratio
186 2359 223 2418 rit
252 2357 285 2419 in
309 2355 381 2421 AG.
428 2358 531 2421 Media
554 2378 625 2439 ergo
650 2359 809 2439 aequantia
833 2354 979 2421 distantia
1001 2367 1137 2439 angetur,
1162 2368 1197 2421 ιιι
1214 2361 1255 2423 sit
1272 2362 1302 2424 in
1322 2362 1408 2438 00,({

62 2450 109 2524 fs,
128 2451 157 2511 io
183 2440 224 2512 [J
249 2446 320 2508 FD.
365 2447 469 2510 Prima
491 2467 562 2529 ergo
595 2449 725 2510 variatio
749 2457 798 2510 est
828 2467 883 2527 pro
910 2455 993 2511 motu
1024 2448 1120 2510 centri
1150 2449 1311 2511 ecceutrioi
1334 2452 1407 2527 a&

65 2539 139 2610 vele
162 2538 195 2600 in
220 2528 280 2610 [],
305 2535 353 2597 cui
376 2538 538 2616 respondet
568 2538 690 2600 libratio
714 2537 808 2600 centri
833 2537 944 2599 circelli
967 2537 1115 2599 libratorii
1139 2557 1177 2599 ex
1199 2538 1230 2599 A
1254 2539 1285 2600 in
1307 2537 1347 2613 D,
1370 2547 1406 2601 ut

70 2640 185 2703 quautam
207 2625 351 2687 interest
372 2625 451 2688 iuter
473 2627 584 2703 lineas,
607 2636 726 2689 tantum
750 2627 788 2688 ab
811 2627 842 2688 H
864 2627 894 2688 iu
917 2627 945 2688 D
974 2632 1145 2688 numeretur
1175 2625 1299 2708 ejusque
1323 2627 1406 2689 siuns

73 2714 147 2775 laist
172 2711 365 2777 additionem
389 2716 428 2776 ad
450 2716 516 2791 rh.
564 2716 705 2780 Secunda
738 2715 857 2778 libratio
886 2716 930 2778 sic
958 2715 1144 2792 instituitur,
1178 2723 1212 2777 ut
1235 2716 1403 2796 quaudo)

70 2814 103 2864 est
120 2805 147 2864 iu
166 2807 207 2881 ό,
225 2806 273 2877 8,
297 2802 418 2866 sithoc
441 2814 584 2885 punctum
606 2806 774 2886 proximum
797 2814 909 2885 puncto
934 2804 1108 2879 ecceutrici,
1137 2812 1279 2886 quantum
1301 2810 1407 2886 potest

62 2911 101 2970 pu
118 2891 353 2974 amplitudinem
378 2893 509 2971 circelli3
535 2903 568 2956 at
591 2914 657 2967 cum
681 2895 777 2966 est)
803 2894 833 2955 iu
856 2887 901 2968 U,
926 2893 1046 2955 sithoc
1068 2902 1213 2974 punctum
1235 2893 1405 2956 remotissi-

61 3002 128 3046 mum.
165 2983 241 3044 Hoc
268 2981 361 3043 modo'
383 2982 536 3046 conficitur
550 2985 604 3046 illa
618 2983 761 3057 varietas,
787 3002 876 3062 quam
895 2983 961 3062 jam
975 2982 1062 3045 modo
1081 2983 1216 3065 physicis
1239 2983 1406 3046 rationibus

61 3072 105 3134 dui
126 3077 386 3135 consentaneam.
425 3069 487 3134 Sed
510 3073 586 3159 haec
609 3072 711 3136 omnia
735 3072 871 3152 indigent
892 3072 1026 3134 ulteriori
1050 3072 1133 3135 lima.
1167 3072 1306 3135 Maxima
1328 3092 1405 3154 qua·

59 3161 241 3224 draturarum
267 3159 409 3239 aequatio
433 3168 482 3223 est
503 3162 564 3225 illis
589 3159 627 3225 7⁰
648 3158 713 3224 28‘.

125 3250 264 3314 Morbus
292 3267 341 3310 me
374 3249 531 3314 obscurum
564 3251 653 3327 fecit,
687 3256 779 3312 antea
805 3248 873 3330 plus
905 3248 983 3312 satis
1010 3249 1067 3311 hoc
1100 3250 1296 3314 obscuritatis
1328 3252 1406 3315 dono

56 3341 226 3419 praeditum.
276 3337 354 3399 Mihi
378 3339 436 3420 ipsi
455 3358 513 3402 non
536 3339 702 3403 satisfacio.
741 3338 804 3401 Sed
827 3337 966 3400 existimo
991 3345 1022 3399 te
1045 3338 1157 3414 videre,
1181 3341 1250 3422 plus
1274 3339 1406 3404 difficul-

56 3431 114 3492 tatis
138 3449 214 3492 esse
238 3426 273 3489 iu
295 3429 457 3490 unaLuna
481 3432 530 3502 (ιιι
553 3426 672 3510 quidem
695 3430 774 3511 apud
789 3428 961 3509 Tychonem
984 3428 1041 3489 hoc
1064 3427 1148 3490 sidus
1171 3449 1205 3491 se
1224 3431 1408 3493 noscendum

55 3519 200 3597 praebuit)
226 3535 319 3597 quam
342 3516 372 3578 in
399 3518 536 3580 omnibus
564 3519 709 3599 planetis.
755 3517 822 3599 Ego
845 3536 899 3597 per
926 3517 1004 3590 huuc
1036 3536 1134 3580 meum
1166 3517 1301 3580 morbum
1331 3518 1408 3585 nibil

55 3609 138 3682 aliud,
176 3624 273 3688 quam
295 3606 376 3686 quod
405 3615 512 3670 contra
533 3609 665 3671 Ursum
687 3606 787 3669 scribo
811 3606 889 3686 (jam
917 3606 981 3668 fato
1006 3625 1059 3668 suo
1092 3607 1227 3671 functum
1258 3606 1408 3688 superiori

55 3699 194 3772 astate),
219 3694 272 3757 ubi
295 3693 337 3757 nil
360 3701 464 3774 tango,
490 3697 546 3759 nisi
567 3716 643 3778 quae
667 3696 800 3758 attinent
821 3696 999 3757 scientiam:
1022 3695 1182 3775 potissima
1202 3715 1274 3759 cora
1297 3703 1346 3757 est
1369 3696 1407 3760 de

55 3786 232 3868 antiquitate
258 3790 289 3846 et
312 3783 349 3845 de
381 3792 517 3848 vetemm
547 3785 707 3848 sententiis
740 3784 936 3863 explicandis.
983 3785 1090 3864 ltaque
1120 3785 1171 3847 vix
1204 3792 1253 3847 est
1282 3782 1405 3847 mathe-

55 3877 175 3940 maticus
201 3878 356 3936 uastatos
380 3874 506 3949 futuros,
530 3876 585 3937 sed
608 3881 727 3937 tautum
750 3873 962 3954 philologicos.
1000 3872 1034 3935 Si
1054 3893 1113 3954 qua
1135 3874 1191 3936 tibi
1214 3873 1405 3950 videbuntur,
1487 3878 1490 3889 '

53 3987 82 4028 ea
106 3963 367 4041 subministrato,
400 3962 537 4026 lubenter
568 3963 648 4026 enim
680 3963 878 4036 admouebor,
911 3963 1091 4043 praesertim
1114 3963 1145 4025 in
1167 3962 1406 4044 problematibus

54 4057 107 4134 ejus
131 4055 177 4118 ad
202 4051 435 4133 disceptandum
456 4053 621 4134 propositis
644 4061 678 4124 (v.
692 4061 748 4112 Vol.
768 4061 788 4119 1,
807 4076 831 4126 p.
851 4056 902 4108 215
915 4057 970 4121 sa).
1015 4050 1117 4133 Aegre
1141 4062 1252 4131 etego
1277 4053 1351 4128 lero,
1374 4061 1407 4115 ts
1446 4089 1449 4096 ·

54 4164 136 4226 osque
162 4142 245 4204 adeo
268 4146 380 4216 home,
404 4161 459 4205 neo
484 4163 550 4205 com
573 4143 714 4226 hebone
737 4162 792 4224 per
815 4141 921 4204 literas
946 4141 1091 4203 conferre.
1140 4139 1407 4207 consultissimum

53 4253 115 4296 sane
140 4234 275 4303 faceres,
301 4230 327 4292 si
349 4238 493 4312 quantum
516 4251 624 4313 posses
647 4232 796 4307 studeres,
822 4230 1049 4292 observationes
1073 4229 1100 4291 ei
1121 4251 1193 4293 suas
1217 4240 1405 4311 extorquere.

52 4321 122 4385 h'am
147 4321 229 4383 mira
259 4318 408 4382 hominem
441 4319 562 4385 fortuna
593 4321 740 4401 exagitat.
787 4319 913 4399 Semper
944 4319 1064 4399 perdito
1097 4320 1223 4395 similis,
1256 4328 1407 4402 utcunque

54 4424 146 4475 amen
172 4410 345 4485 eluctatur,
370 4408 500 4472 absurdo
525 4417 650 4486 eventu,
676 4409 702 4472 si
725 4410 825 4473 media
847 4409 886 4470 ad
909 4407 1071 4488 perniciem
1098 4409 1199 4489 potius
1232 4416 1420 4490 comparata.

54 4500 206 4583 respicias.
245 4495 386 4560 Mitteres
409 4500 551 4562 nonnulla
572 4520 613 4562 ex
627 4500 687 4563 tuis
711 4497 982 4572 observationibus,
1008 4499 1108 4574 credo,
1133 4508 1167 4563 ιιι
1186 4505 1235 4562 est
1249 4499 1281 4562 iu
1294 4518 1407 4580 magna

54 4608 160 4653 morum
190 4586 343 4649 varietate
370 4587 603 4652 humanissimus
633 4599 750 4664 tamen,
780 4588 915 4651 mitteret
938 4587 977 4649 ad
1002 4593 1032 4648 te
1056 4588 1083 4649 si
1106 4607 1166 4667 qua
1189 4597 1221 4651 et
1242 4595 1275 4650 tu
1299 4597 1407 4668 postu-

55 4678 136 4742 lares.
186 4677 270 4739 Nam
294 4677 352 4739 etsi
376 4678 476 4740 omnia
497 4678 569 4740 mibi
598 4686 724 4760 patent:
759 4676 923 4757 obliganda
952 4684 1054 4738 tamen
1081 4678 1165 4758 prius
1188 4678 1263 4740 fides
1287 4677 1345 4740 fuit
1367 4677 1407 4741 ad

57 4769 251 4849 colationem:
276 4785 366 4849 quam
390 4786 445 4848 ego
469 4768 587 4850 quidem
610 4768 762 4849 pollicitus
785 4786 851 4831 sum
873 4765 1099 4848 praestiturum,
1125 4774 1299 4850 quantum
1322 4765 1405 4848 phi·

57 4857 246 4938 losopbum
268 4857 384 4921 decet.
431 4855 487 4921 Sin
508 4857 619 4921 metuis
641 4865 676 4920 ut
699 4864 769 4920 tuas
792 4856 898 4920 literas
920 4854 1063 4938 publicet,
1087 4875 1142 4938 per
1165 4874 1212 4918 me
1237 4873 1303 4936 age.
1345 4934 1347 4939 Δ

126 4963 365 5015 amonemur.
1179 4960 1196 5013 d
