3278 5550
148 280 215 361 030
751 290 893 345 aaa..

148 471 305 535 retinenda
329 478 376 532 est
399 468 608 531 eccentricitas
632 465 729 541 t362,
754 480 785 530 et
809 471 972 531 distantiae
997 472 1034 532 ad
1059 490 1192 550 unguem
1219 473 1348 533 eaedem
1369 494 1389 535 a
1405 475 1483 549 Terra

149 582 224 641 quas
258 560 369 640 reperit
391 560 525 620 llralreus
550 558 579 618 in
604 559 740 639 quadris,
775 561 891 621 scilicet
914 580 933 619 a
956 557 998 623 59
1027 562 1056 622 iu
1080 558 1125 624 54
1148 561 1263 622 aemid.
1292 560 1414 627 Terrae
1452 566 1484 626 Sit

149 651 240 730 igitur
256 651 314 709 All
340 649 418 708 linea
442 656 538 708 motus
556 648 582 718 J)
600 666 692 726 prope
717 649 789 719 veri,
805 659 833 708 et
851 650 939 723 ΒΑΗ
962 651 1089 727 angulus
1114 651 1295 713 anomaliae
1316 666 1485 733 coaequatae,

149 751 181 800 et
195 739 278 800 DFH
301 737 453 799 anomalia
477 737 615 807 occeani,
641 737 792 815 quaeritur
806 738 914 798 media.
953 738 1069 808 Quodsi
1093 740 1229 818 simplex
1248 754 1336 801 esset
1359 745 1482 822 aequalia

149 845 323 909 quaererem
346 845 446 887 arcam
470 825 584 886 DFllA
608 844 660 902 per
687 836 789 905 partes
822 848 891 888 suas
915 826 1017 900 DHB,
1040 828 1138 890 HBA.
1189 829 1255 890 Sed
1286 831 1359 908 quia
1393 834 1484 892 accedit

149 926 301 978 menstrua
332 913 490 993 aequatio,
525 914 607 975 illam
638 915 732 974 babeo
766 916 794 976 in
826 937 896 976 area
921 913 1006 975 CHA
1037 918 1210 998 adjicienda
1236 919 1277 978 ad
1302 918 1431 991 Danu,
1456 923 1483 980 iu

147 1006 302 1068 carnficitur
326 1003 477 1064 anomalia
499 1003 611 1072 media,
637 1005 820 1081 respondens
845 1008 953 1085 angulo
981 1006 1083 1080 butu,
1108 1027 1175 1068 curn
1210 1008 1293 1068 inter
1317 1010 1484 1086 apsiduna

147 1094 319 1175 copularum
345 1093 440 1152 lineas
465 1100 513 1151 est
537 1092 582 1151 lric
607 1093 734 1170 angulus
759 1093 851 1154 DAF.

161 1220 164 1225 -
235 1183 312 1244 Esto
335 1182 422 1243 Luna
446 1181 473 1240 in
498 1180 544 1253 K,
573 1180 674 1259 anguli
699 1182 799 1252 FAD,
823 1183 930 1256 DAK;
966 1185 1158 1262 respondebit
1195 1186 1293 1263 igitur
1324 1200 1485 1266 coaequatae

148 1273 237 1335 Dat<
260 1271 369 1344 media,
394 1270 561 1348 compositu
586 1288 621 1329 ex
647 1270 726 1330 areis
752 1271 838 1332 ΑΒΚ
862 1282 892 1332 et
915 1271 1012 1335 ACK.

235 1361 310 1421 Esto
332 1360 418 1420 Luna
442 1358 508 1430 inl,
534 1358 650 1419 scilicet
670 1360 746 1419 inter
770 1359 940 1437 perigaeum
965 1361 1135 1422 solutumE
1159 1371 1193 1421 et
1217 1363 1398 1441 perigaeum
1420 1382 1486 1425 mcu-

147 1462 261 1513 atruuru
286 1447 324 1521 G,
351 1450 451 1529 anguli
476 1447 568 1517 FAD,
597 1447 680 1508 Dat.
726 1448 784 1509 Hic
807 1460 995 1529 coaequatae
1014 1451 1088 1511 Dal
1117 1450 1364 1529 (complemento
1388 1454 1486 1532 inquan

146 1542 210 1620 ejus
234 1539 271 1599 ad
296 1537 451 1606 circulum)
477 1536 638 1615 respondet
661 1538 810 1597 anomalia
833 1538 931 1599 media
953 1538 1067 1608 ADlll,
1093 1540 1138 1599 oui
1163 1549 1271 1600 tamen
1299 1541 1437 1602 ademtae
1456 1542 1486 1601 rit

146 1631 230 1689 valor
254 1645 342 1699 areae
365 1624 448 1688 acl.
495 1626 588 1685 Porro
613 1626 756 1687 facillima
780 1633 827 1687 est
850 1629 1147 1706 cornputatin'etiam
1171 1628 1264 1707 hujus
1291 1649 1385 1691 areae
1407 1628 1486 1701 ΘΚΛ,

146 1720 172 1780 si
195 1719 234 1777 ad
259 1715 359 1794 auguli
385 1712 474 1775 GAK
498 1714 592 1774 sinum
627 1714 779 1774 addideris
804 1714 857 1778 Bc
888 1716 915 1776 iu
941 1716 1125 1777 semicirculo
1160 1719 1315 1795 apogaei.
1352 1720 1399 1780 cet
1429 1719 1487 1779 snb·

145 1806 275 1870 traxeris
306 1806 334 1864 in
359 1802 511 1882 opposito,
545 1821 597 1880 pro
628 1802 786 1864 altitudine
813 1805 898 1882 justa
928 1805 1068 1884 trianguli
1093 1804 1196 1879 CKA,
1232 1806 1318 1868 hano
1350 1810 1378 1869 in
1409 1809 1488 1869 sinan

147 1891 355 1973 complementi
379 1892 473 1970 ipsius
497 1892 580 1953 Far)
606 1903 637 1951 et
660 1892 768 1953 l'actmn
794 1893 823 1952 iu
847 1893 979 1955 valorem
1009 1894 1129 1955 ruaximi
1157 1896 1311 1972 trianguli
1336 1917 1426 1977 super
1445 1899 1489 1958 AB

105 2008 111 2019 ·
147 1980 412 2062 multiplicaveris:
443 2001 517 2060 quas
546 1982 905 2060 multiplicationesduas
930 1982 1010 2044 tollit
1033 1983 1146 2044 additio
1175 1986 1268 2045 unica
1301 1986 1394 2047 trium
1418 1987 1489 2065 logr-

142 2072 333 2136 -rithmorum

236 2159 421 2220 variationis
446 2157 559 2218 calculo
584 2157 695 2217 servire
719 2168 824 2235 posset
846 2159 894 2221 hic
918 2159 994 2220 idem
1018 2159 1155 2221 circellus
1179 2161 1254 2235 BI.-,·
1273 2164 1338 2224 etsi
1361 2164 1490 2225 remotior

147 2261 194 2313 est
218 2272 236 2311 a
259 2247 358 2310 causis
382 2246 523 2327 physicis.
572 2246 674 2306 Posito
698 2247 790 2319 euim,
823 2248 930 2309 lineam
954 2258 1051 2310 motus
1074 2249 1099 2318 D
1125 2264 1219 2327 prope
1254 2253 1324 2313 veri
1349 2271 1418 2313 esse
1441 2252 1488 2313 All

149 2340 227 2413 (sine
251 2345 388 2417 respectu
412 2336 564 2415 apogaei),
590 2354 664 2414 quae
688 2346 772 2395 secet
794 2338 945 2398 circellum
970 2339 999 2399 in
1022 2339 1064 2399 B:
1095 2338 1244 2417 quadrata
1272 2340 1395 2403 sinuum
1418 2350 1524 2415 con-0

146 2430 360 2511 plementorum
393 2426 522 2485 omniurn
556 2444 648 2504 usque
677 2424 714 2483 ad
745 2423 840 2486 sinum
873 2425 929 2489 CA
965 2427 993 2487 in
1026 2445 1169 2486 summam
1204 2429 1339 2490 redacta
1369 2431 1485 2491 iudicant
1522 2444 1524 2489 ῑ

146 2519 311 2599 portionem
341 2512 569 2574 accelerationis
597 2514 752 2573 addendae
783 2515 821 2573 ad
844 2515 938 2577 DAF.
985 2516 1041 2576 Hic
1070 2515 1106 2575 de
1136 2516 1301 2594 quadratis
1331 2519 1484 2580 sinunrnet

106 2622 110 2627 ·
146 2626 262 2669 summa
284 2623 385 2665 eorum
409 2610 585 2663 monuerunt
607 2621 653 2662 ma
678 2619 786 2662 causae
817 2603 973 2684 physicae:
1006 2612 1039 2664 at
1062 2605 1184 2665 effectus
1209 2605 1238 2665 in
1266 2608 1368 2668 forma
1392 2604 1482 2669 catal
1522 2640 1524 2651 ι

146 2713 272 2774 unguem
298 2693 385 2765 idem,
409 2691 458 2772 qui
473 2690 595 2753 .ciraelli
619 2690 813 2770 Tyclroniaui,
838 2704 920 2752 motu
943 2692 1052 2772 duplici
1077 2693 1169 2771 ipsius
1199 2694 1372 2757 distantiae
1396 2696 1480 2758 Lunae
1522 2756 1524 2764 ,

148 2784 270 2848 aSole.
317 2782 440 2853 Horum,
467 2781 599 2859 inquam,
631 2780 753 2839 duorum
777 2779 987 2861 principiorum
1017 2781 1239 2844 consociatione
1274 2786 1405 2847 eflicitur
1426 2794 1478 2844 tan-
1523 2814 1524 2831 r

125 2875 285 2944 ¹tandem,
311 2881 452 2950 quantum
476 2869 596 2929 circello
620 2868 789 2949 Tyuhonico
815 2870 984 2943 libratorio,
1015 2870 1092 2950 quod
1117 2871 1205 2932 valde
1228 2892 1280 2933 me
1306 2873 1477 2936 exhilaravit

148 2964 182 3025 ln
206 2958 374 3043 quantitate
399 2959 494 3019 adbuc
514 2957 617 3018 differo
637 2978 655 3016 a
674 2958 823 3036 Tycham,
848 2959 896 3038 qui
919 2959 1115 3019 variationem
1138 2960 1213 3021 facit
1230 2957 1302 3036 cll',
1327 2962 1476 3024 obsecrant
1520 2972 1524 2999 'r

146 3060 250 3112 tamen
272 3048 421 3109 interdum
444 3043 507 3108 tut
555 3046 620 3124 Ego
645 3064 716 3106 vero
741 3068 757 3106 a
778 3047 873 3125 priori
906 3048 1023 3109 invenio
1047 3047 1111 3122 5l'‚
1135 3057 1166 3108 et
1189 3058 1310 3113 tautum
1342 3051 1476 3132 postulant

148 3141 238 3201 etiarn
258 3137 331 3216 justi
357 3137 465 3195 lrurarii
489 3136 516 3194 in
542 3134 656 3212 copulis
679 3153 732 3213 pro
757 3137 926 3216 eclipsibus,
952 3156 988 3197 ue
1012 3138 1184 3198 duratioues
1209 3140 1286 3201 fiant
1311 3143 1426 3202 nimiae.

237 3229 271 3287 ln
294 3225 524 3304 premeridum
547 3223 765 3300 prolegomenis
790 3245 847 3286 nou
873 3244 988 3287 summa
1012 3225 1233 3305 quadratorum,
1260 3230 1317 3289 sed
1342 3231 1406 3310 ipso
1427 3228 1474 3288 airu
1520 3239 1524 3251 ¹

149 3313 203 3380 BC
229 3315 345 3387 utebar,
370 3313 418 3372 ubi
443 3312 539 3372 deieci
563 3331 582 3371 a
605 3312 745 3390 Tycbune
770 3324 912 3390 quantum
934 3334 1011 3375 nuno
1035 3332 1152 3393 supero.
1517 3377 1519 3381 ,

238 3404 346 3464 Moneo
371 3410 470 3462 autem
494 3401 599 3471 obiter,
625 3420 661 3461 ne
679 3404 863 3463 frustraneas
886 3402 940 3463 tibi
956 3403 1155 3481 cogitationes
1178 3404 1322 3480 excitem,
1346 3405 1475 3485 negotiuu
1517 3437 1524 3472 2

149 3492 325 3555 variationis
347 3510 404 3552 non
429 3491 508 3551 nuda
531 3488 683 3550 additione
708 3492 806 3568 perfici
836 3491 1077 3564 moderationis,
1106 3493 1159 3552 aed
1184 3493 1267 3570 prius
1294 3496 1408 3576 aliquid
1428 3510 1475 3554 esee
1517 3522 1522 3558 ;

150 3582 382 3646 subtrahendum
408 3580 612 3659 aequabiliter.
650 3577 873 3641 Subtrahnntur
896 3580 1020 3657 singulis
1043 3581 1186 3660 gradibus
1211 3582 1380 3645 distantiae
1395 3584 1475 3646 Luna
1518 3611 1524 3648 ς

148 3695 169 3737 a
192 3671 263 3734 Sole
287 3689 378 3749 propa
402 3686 509 3742 verae,
534 3668 650 3728 scilicet
677 3666 705 3726 1¹
728 3663 856 3748 ‹17¹t,“;
886 3670 1035 3730 adduntur
1067 3670 1218 3742 vicissim,
1242 3671 1274 3731 in
1300 3673 1369 3753 ipsa
1391 3671 1476 3751 oopub
1522 3680 1524 3737 ζ

150 3762 181 3824 3¹
197 3756 305 3841 3⁴1²(st
329 3757 462 3837 praecise
487 3757 616 3836 duplum,
640 3756 708 3816 inde
733 3756 829 3818 minus
852 3769 883 3819 et
905 3759 1009 3832 minua,
1034 3766 1121 3837 prout
1144 3760 1327 3824 decrescunt
1350 3762 1476 3842 quadrata

150 3852 284 3920 sinuum;
308 3850 400 3908 donec
426 3848 453 3906 in
471 3846 592 3926 quadris
615 3845 703 3924 plane
728 3845 798 3906 nibil
823 3846 952 3907 additur.
990 3848 1040 3908 Ita
1055 3848 1083 3907 iu
1098 3847 1220 3928 quadris
1243 3868 1301 3928 pro
1320 3871 1380 3913 uno
1403 3849 1476 3930 gradu
1522 3894 1524 3900 2

150 3938 269 4009 dist.)
301 3959 319 3997 a
348 3933 387 4011 Θ
417 3945 561 4014 aequatae
593 3934 638 3994 bis
680 3935 823 3995 sumenda
858 3944 929 3996 sunt
964 3945 1087 4015 propter
1123 3935 1245 3997 tertiam
1284 3941 1477 4020 aequationcu

151 4026 206 4092 58‘
234 4018 351 4108 13²l,“,
375 4027 403 4084 in
428 4024 541 4102 copulis
566 4042 618 4101 pro
643 4041 700 4082 uno
725 4024 817 4100 gradu
846 4022 880 4084 1ο
906 4024 933 4085 l‘
957 4021 997 4087 47
1010 4021 1077 4105 ¹l,“.
1165 4068 1168 4073 -

238 4115 297 4178 Sed
333 4115 420 4174 reden
445 4115 481 4172 ad
515 4113 640 4190 priorem
676 4112 883 4189 aequationem
915 4122 1115 4186 menstruam,
1146 4112 1260 4192 inqua
1284 4117 1392 4191 vides,
1420 4116 1478 4178 sib

150 4214 285 4267 centrum
316 4202 473 4263 eccentrici
498 4201 539 4260 sit
563 4201 591 4260 iu
615 4200 640 4259 L
664 4201 712 4260 vel
735 4200 770 4271 P,
794 4213 867 4280 puta
889 4202 918 4262 iu
943 4202 1075 4280 copulis,
1100 4202 1176 4281 quod
1206 4211 1281 4265 tunc
1305 4206 1395 4268 Luna
1414 4202 1480 4268 inll

149 4295 263 4372 posita,
297 4290 437 4372 aequatio
460 4291 560 4368 optica
583 4289 625 4349 sit
648 4289 748 4349 lutura
778 4291 903 4368 angulus
927 4290 1031 4358 Lite,
1056 4290 1109 4352 sed
1131 4290 1257 4371 physica
1286 4313 1361 4374 pars
1383 4314 1479 4376 aequa·

149 4381 240 4442 tionis
271 4380 453 4442 desumenda
485 4380 526 4438 sit
558 4396 595 4437 ex
627 4396 698 4438 area
726 4377 813 4439 ΒΗΑ
846 4379 892 4439 bis
923 4389 1039 4453 sumta,
1070 4380 1162 4441 semel
1194 4398 1248 4460 pro
1284 4375 1481 4446 constituenda

142 4471 326 4550 aequatione
350 4466 574 4548 inaequalitatis
597 4468 727 4538 solutae,
752 4466 824 4527 item
847 4487 900 4546 pro
923 4469 1101 4546 aequatione
1124 4477 1299 4532 menstruae
1327 4472 1479 4555 inaequali

148 4560 241 4620 tatia:
267 4558 335 4638 quia
356 4555 410 4618 BG
435 4566 504 4616 tuno
528 4554 701 4626 absumitur,
727 4555 849 4616 redacta
873 4557 902 4617 in
925 4567 1066 4635 punctum
1084 4534 1131 4629 ⁹0,
1155 4568 1188 4619 ut
1211 4559 1252 4620 sit
1277 4562 1479 4641 triangulomu

149 4647 398 4728 aequaturiorum,
423 4645 509 4705 unius
532 4663 586 4724 pro
610 4642 722 4716 soluta,
748 4644 873 4705 alterius
897 4664 950 4724 pro
974 4655 1128 4707 menstrua
1158 4649 1358 4727 aequatione,
1392 4653 1478 4713 eaden

148 4736 231 4799 basia
255 4735 323 4797 AL.
369 4733 512 4795 Vicissim
536 4750 593 4813 quo
616 4750 718 4793 mense
741 4735 918 4794 centrumB
942 4734 1076 4796 venitin
1100 4734 1240 4816 quadras,
1266 4737 1310 4799 ibi
1333 4739 1478 4819 perpendi-

149 4825 259 4888 talaria
283 4843 320 4885 ex
343 4833 446 4884 oeutro
469 4822 552 4883 cadit
570 4821 642 4903 iuA
666 4828 801 4917 centrum
815 4821 937 4897 Terrae,
960 4822 1061 4903 itaqua
1073 4821 1124 4885 illo
1143 4843 1246 4887 meuse
1270 4827 1338 4899 (vel
1356 4827 1477 4912 quarnd'u

516 4940 529 4973 ,
862 4936 866 4947 ,
