<?xml version="1.0" encoding="UTF-8"?>
<!DOCTYPE html PUBLIC "-//W3C//DTD XHTML 1.0 Transitional//EN"
    "http://www.w3.org/TR/xhtml1/DTD/xhtml1-transitional.dtd">
<html xmlns="http://www.w3.org/1999/xhtml" xml:lang="en" lang="en">
 <head>
  <title>
</title>
<meta http-equiv="Content-Type" content="text/html;charset=utf-8" />
  <meta name='ocr-system' content='tesseract 3.04.00' />
  <meta name='ocr-capabilities' content='ocr_page ocr_carea ocr_par ocr_line ocrx_word'/>
</head>
<body>
  <div class='ocr_page' id='page_1' title='image "./joanniskepleria12frisgoog/joanniskepleria12frisgoog_0399.png"; bbox 0 0 3278 5550; ppageno 0'>
   <div class='ocr_carea' id='block_1_1' title="bbox 148 276 1017 351">
    <p class='ocr_par' dir='ltr' id='par_1_1' title="bbox 148 276 1017 351">
     <span class='ocr_line' id='line_1_1' title="bbox 148 276 1017 351; baseline 0.002 -18"><span class='ocrx_word' id='word_1_1' title='bbox 148 276 213 351; x_wconf 76' lang='lat'><strong>390</strong></span> <span class='ocrx_word' id='word_1_2' title='bbox 630 279 1017 335; x_wconf 65' lang='lat' dir='ltr'><strong>assumseram</strong></span> 
     </span>
    </p>
   </div>
   <div class='ocr_carea' id='block_1_2' title="bbox 253 455 1467 540">
    <p class='ocr_par' dir='ltr' id='par_1_2' title="bbox 253 455 1467 540">
     <span class='ocr_line' id='line_1_2' title="bbox 253 455 1467 540; baseline 0.009 -27"><span class='ocrx_word' id='word_1_3' title='bbox 253 461 307 528; x_wconf 69' lang='lat' dir='ltr'><strong>rig.</strong></span> <span class='ocrx_word' id='word_1_4' title='bbox 328 455 386 508; x_wconf 78' lang='lat'><strong>114.</strong></span> <span class='ocrx_word' id='word_1_5' title='bbox 490 458 696 538; x_wconf 87' lang='lat' dir='ltr'><strong>pendicularis</strong></span> <span class='ocrx_word' id='word_1_6' title='bbox 729 469 847 539; x_wconf 84' lang='lat' dir='ltr'><strong>agatur·</strong></span> <span class='ocrx_word' id='word_1_7' title='bbox 869 461 946 524; x_wconf 88' lang='lat' dir='ltr'><strong>FBI.</strong></span> <span class='ocrx_word' id='word_1_8' title='bbox 993 460 1088 540; x_wconf 82' lang='lat' dir='ltr'><strong>Igitur</strong></span> <span class='ocrx_word' id='word_1_9' title='bbox 1116 459 1243 540; x_wconf 81' lang='lat' dir='ltr'><strong>planeta</strong></span> <span class='ocrx_word' id='word_1_10' title='bbox 1272 459 1317 522; x_wconf 88' lang='lat' dir='ltr'><strong>sic</strong></span> <span class='ocrx_word' id='word_1_11' title='bbox 1339 458 1467 536; x_wconf 77' lang='lat' dir='ltr'><strong>collocatq</strong></span> 
     </span>
    </p>
   </div>
   <div class='ocr_carea' id='block_1_3' title="bbox 154 548 1467 902">
    <p class='ocr_par' dir='ltr' id='par_1_3' title="bbox 160 548 1467 809">
     <span class='ocr_line' id='line_1_3' title="bbox 160 548 1467 649; baseline 0.002 -41"><span class='ocrx_word' id='word_1_12' title='bbox 160 566 165 575; x_wconf 90' lang='lat'><strong>·</strong></span> <span class='ocrx_word' id='word_1_13' title='bbox 229 574 232 580; x_wconf 93' lang='lat'>·</span> <span class='ocrx_word' id='word_1_14' title='bbox 272 607 291 649; x_wconf 55' lang='lat' dir='ltr'>D</span> <span class='ocrx_word' id='word_1_15' title='bbox 374 554 377 559; x_wconf 83' lang='grc'><strong>’</strong></span> <span class='ocrx_word' id='word_1_16' title='bbox 431 582 450 621; x_wconf 56' lang='lat'><em>¹</em></span> <span class='ocrx_word' id='word_1_17' title='bbox 491 556 526 611; x_wconf 93' lang='lat' dir='ltr'><strong>nt</strong></span> <span class='ocrx_word' id='word_1_18' title='bbox 547 549 590 611; x_wconf 94' lang='grc' dir='ltr'><strong>ΒΙ</strong></span> <span class='ocrx_word' id='word_1_19' title='bbox 613 549 643 611; x_wconf 93' lang='lat' dir='ltr'><strong>in</strong></span> <span class='ocrx_word' id='word_1_20' title='bbox 666 558 801 612; x_wconf 78' lang='lat' dir='ltr'>centrum</span> <span class='ocrx_word' id='word_1_21' title='bbox 823 551 929 612; x_wconf 89' lang='lat' dir='ltr'><strong>tendat</strong></span> <span class='ocrx_word' id='word_1_22' title='bbox 947 550 1040 623; x_wconf 84' lang='lat' dir='ltr'><strong>Solis,</strong></span> <span class='ocrx_word' id='word_1_23' title='bbox 1063 548 1315 630; x_wconf 73' lang='lat' dir='ltr'><strong>appropinquatio</strong></span> <span class='ocrx_word' id='word_1_24' title='bbox 1334 548 1467 611; x_wconf 87' lang='lat' dir='ltr'><strong>nullaerlt</strong></span> 
     </span>
     <span class='ocr_line' id='line_1_4' title="bbox 185 636 1467 731; baseline 0 -32"><span class='ocrx_word' id='word_1_25' title='bbox 185 691 206 731; x_wconf 52' lang='grc' dir='ltr'>ι</span> <span class='ocrx_word' id='word_1_26' title='bbox 286 650 291 659; x_wconf 88' lang='grc'><em>·</em></span> <span class='ocrx_word' id='word_1_27' title='bbox 339 669 358 710; x_wconf 66' lang='grc' dir='ltr'><strong>ς,</strong></span> <span class='ocrx_word' id='word_1_28' title='bbox 471 636 607 717; x_wconf 83' lang='lat' dir='ltr'><strong>·Anguli</strong></span> <span class='ocrx_word' id='word_1_29' title='bbox 629 639 706 701; x_wconf 92' lang='lat' dir='ltr'><strong>enim</strong></span> <span class='ocrx_word' id='word_1_30' title='bbox 729 638 815 714; x_wconf 91' lang='lat' dir='ltr'><strong>DBI,</strong></span> <span class='ocrx_word' id='word_1_31' title='bbox 838 641 911 701; x_wconf 93' lang='lat' dir='ltr'><strong>ABI</strong></span> <span class='ocrx_word' id='word_1_32' title='bbox 943 646 1014 701; x_wconf 89' lang='lat' dir='ltr'><strong>sunt</strong></span> <span class='ocrx_word' id='word_1_33' title='bbox 1040 638 1201 719; x_wconf 86' lang='lat' dir='ltr'><strong>aequales,</strong></span> <span class='ocrx_word' id='word_1_34' title='bbox 1235 657 1328 719; x_wconf 87' lang='lat' dir='ltr'><strong>quare</strong></span> <span class='ocrx_word' id='word_1_35' title='bbox 1352 643 1382 699; x_wconf 87' lang='lat' dir='ltr'><strong>et</strong></span> <span class='ocrx_word' id='word_1_36' title='bbox 1400 656 1467 721; x_wconf 68' lang='lat' dir='ltr'><strong>sequ</strong></span> 
     </span>
     <span class='ocr_line' id='line_1_5' title="bbox 219 726 1467 809; baseline 0.003 -22"><span class='ocrx_word' id='word_1_37' title='bbox 219 761 256 799; x_wconf 45' lang='grc' dir='ltr'><strong>χ.</strong></span> <span class='ocrx_word' id='word_1_38' title='bbox 493 728 603 802; x_wconf 83' lang='lat' dir='ltr'><strong>fortes,</strong></span> <span class='ocrx_word' id='word_1_39' title='bbox 623 727 675 788; x_wconf 92' lang='lat' dir='ltr'><strong>ille</strong></span> <span class='ocrx_word' id='word_1_40' title='bbox 698 729 737 790; x_wconf 92' lang='lat' dir='ltr'><strong>ad</strong></span> <span class='ocrx_word' id='word_1_41' title='bbox 760 728 1066 809; x_wconf 89' lang='lat' dir='ltr'><strong>appropinquandum,</strong></span> <span class='ocrx_word' id='word_1_42' title='bbox 1089 727 1138 789; x_wconf 90' lang='lat' dir='ltr'><strong>hic</strong></span> <span class='ocrx_word' id='word_1_43' title='bbox 1152 728 1193 789; x_wconf 95' lang='lat' dir='ltr'><strong>ad</strong></span> <span class='ocrx_word' id='word_1_44' title='bbox 1216 726 1396 807; x_wconf 80' lang='lat' dir='ltr'><strong>fugiendum.</strong></span> <span class='ocrx_word' id='word_1_45' title='bbox 1412 726 1467 791; x_wconf 75' lang='lat' dir='ltr'><strong>litt</strong></span> 
     </span>
    </p>

    <p class='ocr_par' dir='ltr' id='par_1_4' title="bbox 154 790 1467 902">
     <span class='ocr_line' id='line_1_6' title="bbox 154 790 1467 902; baseline 0.002 -26"><span class='ocrx_word' id='word_1_46' title='bbox 154 860 170 902; x_wconf 47' lang='grc' dir='ltr'><em>ἲ</em></span> <span class='ocrx_word' id='word_1_47' title='bbox 201 894 205 901; x_wconf 16' lang='grc' dir='ltr'>ἰ</span> <span class='ocrx_word' id='word_1_48' title='bbox 240 790 280 861; x_wconf 45' lang='lat' dir='ltr'><strong>*xl</strong></span> <span class='ocrx_word' id='word_1_49' title='bbox 387 819 408 902; x_wconf 65' lang='lat'><strong>1&#39;</strong></span> <span class='ocrx_word' id='word_1_50' title='bbox 492 816 585 897; x_wconf 85' lang='lat' dir='ltr'><strong>igitur</strong></span> <span class='ocrx_word' id='word_1_51' title='bbox 612 824 660 878; x_wconf 86' lang='lat' dir='ltr'><strong>est</strong></span> <span class='ocrx_word' id='word_1_52' title='bbox 687 816 772 897; x_wconf 85' lang='lat' dir='ltr'><strong>quasi</strong></span> <span class='ocrx_word' id='word_1_53' title='bbox 798 817 1025 898; x_wconf 81' lang='lat' dir='ltr'><strong>aequipondium</strong></span> <span class='ocrx_word' id='word_1_54' title='bbox 1049 816 1077 877; x_wconf 93' lang='lat' dir='ltr'><strong>in</strong></span> <span class='ocrx_word' id='word_1_55' title='bbox 1100 815 1294 901; x_wconf 85' lang='lat' dir='ltr'><strong>mechanicis.</strong></span> <span class='ocrx_word' id='word_1_56' title='bbox 1342 814 1467 896; x_wconf 71' lang='lat' dir='ltr'><strong>laques</strong></span> 
     </span>
    </p>
   </div>
   <div class='ocr_carea' id='block_1_4' title="bbox 493 903 1467 988">
    <p class='ocr_par' dir='ltr' id='par_1_5' title="bbox 493 903 1467 988">
     <span class='ocr_line' id='line_1_7' title="bbox 493 903 1467 988; baseline 0 -22"><span class='ocrx_word' id='word_1_57' title='bbox 493 913 627 967; x_wconf 82' lang='lat' dir='ltr'><strong>centrum</strong></span> <span class='ocrx_word' id='word_1_58' title='bbox 638 905 747 968; x_wconf 87' lang='lat' dir='ltr'><strong>Martis</strong></span> <span class='ocrx_word' id='word_1_59' title='bbox 764 905 819 969; x_wconf 94' lang='lat' dir='ltr'><strong>hoc</strong></span> <span class='ocrx_word' id='word_1_60' title='bbox 832 917 921 987; x_wconf 87' lang='lat' dir='ltr'><strong>pacto</strong></span> <span class='ocrx_word' id='word_1_61' title='bbox 939 906 968 968; x_wconf 90' lang='lat' dir='ltr'><strong>in</strong></span> <span class='ocrx_word' id='word_1_62' title='bbox 983 907 1088 988; x_wconf 83' lang='lat' dir='ltr'><strong>apside</strong></span> <span class='ocrx_word' id='word_1_63' title='bbox 1103 914 1255 979; x_wconf 81' lang='lat' dir='ltr'><strong>versatur,</strong></span> <span class='ocrx_word' id='word_1_64' title='bbox 1270 914 1347 984; x_wconf 84' lang='lat' dir='ltr'><strong>puta</strong></span> <span class='ocrx_word' id='word_1_65' title='bbox 1360 904 1388 966; x_wconf 91' lang='lat' dir='ltr'><strong>in</strong></span> <span class='ocrx_word' id='word_1_66' title='bbox 1397 903 1467 985; x_wconf 79' lang='lat' dir='ltr'><strong>aplo-</strong></span> 
     </span>
    </p>
   </div>
   <div class='ocr_carea' id='block_1_5' title="bbox 126 990 1467 1522">
    <p class='ocr_par' dir='ltr' id='par_1_6' title="bbox 356 990 1467 1076">
     <span class='ocr_line' id='line_1_8' title="bbox 356 990 1467 1076; baseline 0.002 -21"><span class='ocrx_word' id='word_1_67' title='bbox 356 1035 379 1076; x_wconf 57' lang='grc' dir='ltr'><strong>χ</strong></span> <span class='ocrx_word' id='word_1_68' title='bbox 492 995 542 1068; x_wconf 88' lang='grc' dir='ltr'><strong>Ιίο,</strong></span> <span class='ocrx_word' id='word_1_69' title='bbox 565 994 797 1057; x_wconf 91' lang='lat' dir='ltr'><strong>remotissimum</strong></span> <span class='ocrx_word' id='word_1_70' title='bbox 812 1017 830 1057; x_wconf 88' lang='lat' dir='ltr'><strong>a</strong></span> <span class='ocrx_word' id='word_1_71' title='bbox 845 997 927 1060; x_wconf 88' lang='lat' dir='ltr'><strong>Sole.</strong></span> <span class='ocrx_word' id='word_1_72' title='bbox 966 994 1109 1059; x_wconf 82' lang='lat' dir='ltr'><strong>Sumatur</strong></span> <span class='ocrx_word' id='word_1_73' title='bbox 1128 995 1193 1075; x_wconf 90' lang='lat' dir='ltr'><strong>jam</strong></span> <span class='ocrx_word' id='word_1_74' title='bbox 1213 990 1467 1075; x_wconf 76' lang='lat' dir='ltr'><strong>arcusallquislll.</strong></span> 
     </span>
    </p>

    <p class='ocr_par' dir='ltr' id='par_1_7' title="bbox 270 1080 1467 1164">
     <span class='ocr_line' id='line_1_9' title="bbox 270 1080 1467 1164; baseline 0.003 -18"><span class='ocrx_word' id='word_1_75' title='bbox 270 1099 291 1138; x_wconf 78' lang='grc' dir='ltr'><strong>Δ</strong></span> <span class='ocrx_word' id='word_1_76' title='bbox 371 1136 375 1144; x_wconf 95' lang='grc'>.</span> <span class='ocrx_word' id='word_1_77' title='bbox 492 1100 667 1146; x_wconf 88' lang='lat' dir='ltr'><strong>mensurans</strong></span> <span class='ocrx_word' id='word_1_78' title='bbox 684 1085 825 1164; x_wconf 79' lang='lat' dir='ltr'><strong>angulum</strong></span> <span class='ocrx_word' id='word_1_79' title='bbox 839 1085 1007 1147; x_wconf 76' lang='lat' dir='ltr'><strong>anomaliae</strong></span> <span class='ocrx_word' id='word_1_80' title='bbox 1022 1091 1216 1164; x_wconf 77' lang='lat' dir='ltr'><strong>coaequatae,</strong></span> <span class='ocrx_word' id='word_1_81' title='bbox 1242 1080 1467 1161; x_wconf 70' lang='lat' dir='ltr'><strong>etedncaturffl</strong></span> 
     </span>
    </p>

    <p class='ocr_par' dir='ltr' id='par_1_8' title="bbox 491 1168 1467 1253">
     <span class='ocr_line' id='line_1_10' title="bbox 491 1168 1467 1253; baseline 0.003 -19"><span class='ocrx_word' id='word_1_82' title='bbox 491 1182 521 1234; x_wconf 90' lang='lat' dir='ltr'><strong>et</strong></span> <span class='ocrx_word' id='word_1_83' title='bbox 537 1173 718 1253; x_wconf 84' lang='lat' dir='ltr'><strong>producatur</strong></span> <span class='ocrx_word' id='word_1_84' title='bbox 740 1175 769 1236; x_wconf 91' lang='lat' dir='ltr'><strong>ln</strong></span> <span class='ocrx_word' id='word_1_85' title='bbox 783 1175 826 1237; x_wconf 77' lang='lat' dir='ltr'><strong>K.</strong></span> <span class='ocrx_word' id='word_1_86' title='bbox 862 1175 1034 1239; x_wconf 73' lang='lat' dir='ltr'><strong>collocetur</strong></span> <span class='ocrx_word' id='word_1_87' title='bbox 1054 1182 1154 1235; x_wconf 90' lang='lat' dir='ltr'><strong>autem</strong></span> <span class='ocrx_word' id='word_1_88' title='bbox 1175 1173 1303 1253; x_wconf 90' lang='lat' dir='ltr'><strong>planeta</strong></span> <span class='ocrx_word' id='word_1_89' title='bbox 1322 1171 1375 1246; x_wconf 87' lang='lat' dir='ltr'><strong>sic,</strong></span> <span class='ocrx_word' id='word_1_90' title='bbox 1390 1168 1419 1233; x_wconf 76' lang='lat' dir='ltr'><strong>ut‘</strong></span> <span class='ocrx_word' id='word_1_91' title='bbox 1431 1168 1467 1237; x_wconf 71' lang='grc' dir='ltr'><strong>Β]</strong></span> 
     </span>
    </p>

    <p class='ocr_par' dir='ltr' id='par_1_9' title="bbox 147 1255 1467 1343">
     <span class='ocr_line' id='line_1_11' title="bbox 147 1255 1467 1343; baseline 0.004 -25"><span class='ocrx_word' id='word_1_92' title='bbox 147 1256 176 1319; x_wconf 92' lang='lat' dir='ltr'><strong>iu</strong></span> <span class='ocrx_word' id='word_1_93' title='bbox 193 1255 296 1320; x_wconf 89' lang='lat' dir='ltr'><strong>Solem</strong></span> <span class='ocrx_word' id='word_1_94' title='bbox 311 1259 427 1334; x_wconf 87' lang='lat' dir='ltr'><strong>tendat,</strong></span> <span class='ocrx_word' id='word_1_95' title='bbox 448 1261 497 1343; x_wconf 91' lang='lat' dir='ltr'><strong>qui</strong></span> <span class='ocrx_word' id='word_1_96' title='bbox 516 1264 571 1324; x_wconf 90' lang='lat' dir='ltr'><strong>sub</strong></span> <span class='ocrx_word' id='word_1_97' title='bbox 586 1264 616 1324; x_wconf 92' lang='lat' dir='ltr'><strong>K</strong></span> <span class='ocrx_word' id='word_1_98' title='bbox 635 1263 821 1342; x_wconf 74' lang='lat' dir='ltr'><strong>intelligitur.</strong></span> <span class='ocrx_word' id='word_1_99' title='bbox 860 1264 1024 1336; x_wconf 84' lang='lat' dir='ltr'><strong>Quaeritur</strong></span> <span class='ocrx_word' id='word_1_100' title='bbox 1037 1263 1132 1343; x_wconf 92' lang='lat' dir='ltr'><strong>primo</strong></span> <span class='ocrx_word' id='word_1_101' title='bbox 1152 1281 1294 1324; x_wconf 86' lang='lat' dir='ltr'><strong>mensura</strong></span> <span class='ocrx_word' id='word_1_102' title='bbox 1315 1258 1467 1323; x_wconf 70' lang='lat' dir='ltr'><strong>fortitudh‘</strong></span> 
     </span>
    </p>

    <p class='ocr_par' dir='ltr' id='par_1_10' title="bbox 146 1346 1467 1434">
     <span class='ocr_line' id='line_1_12' title="bbox 146 1346 1467 1434; baseline 0.003 -27"><span class='ocrx_word' id='word_1_103' title='bbox 146 1365 288 1409; x_wconf 82' lang='lat' dir='ltr'><strong>accessus</strong></span> <span class='ocrx_word' id='word_1_104' title='bbox 302 1349 454 1428; x_wconf 86' lang='lat' dir='ltr'><strong>planetae.</strong></span> <span class='ocrx_word' id='word_1_105' title='bbox 492 1353 644 1415; x_wconf 89' lang='lat' dir='ltr'><strong>Accessns</strong></span> <span class='ocrx_word' id='word_1_106' title='bbox 660 1352 739 1413; x_wconf 92' lang='lat' dir='ltr'><strong>enim</strong></span> <span class='ocrx_word' id='word_1_107' title='bbox 754 1355 797 1427; x_wconf 85' lang='lat' dir='ltr'><strong>fit,</strong></span> <span class='ocrx_word' id='word_1_108' title='bbox 822 1355 892 1434; x_wconf 91' lang='lat' dir='ltr'><strong>quia</strong></span> <span class='ocrx_word' id='word_1_109' title='bbox 907 1353 936 1414; x_wconf 91' lang='lat' dir='ltr'>D</span> <span class='ocrx_word' id='word_1_110' title='bbox 954 1354 1042 1433; x_wconf 89' lang='lat' dir='ltr'><strong>polus</strong></span> <span class='ocrx_word' id='word_1_111' title='bbox 1058 1360 1206 1433; x_wconf 87' lang='lat' dir='ltr'><strong>appetens</strong></span> <span class='ocrx_word' id='word_1_112' title='bbox 1230 1350 1390 1413; x_wconf 87' lang='lat' dir='ltr'><strong>inclinatur</strong></span> <span class='ocrx_word' id='word_1_113' title='bbox 1409 1346 1467 1411; x_wconf 77' lang='lat' dir='ltr'><strong>alt</strong></span> 
     </span>
    </p>

    <p class='ocr_par' dir='ltr' id='par_1_11' title="bbox 126 1434 1467 1522">
     <span class='ocr_line' id='line_1_13' title="bbox 126 1434 1467 1522; baseline 0.001 -25"><span class='ocrx_word' id='word_1_114' title='bbox 126 1434 249 1498; x_wconf 80' lang='lat' dir='ltr'><strong>&#39;Solem</strong></span> <span class='ocrx_word' id='word_1_115' title='bbox 273 1439 382 1517; x_wconf 83' lang='lat' dir='ltr'><strong>angulo</strong></span> <span class='ocrx_word' id='word_1_116' title='bbox 406 1439 508 1515; x_wconf 90' lang='lat' dir='ltr'>DBK;</span> <span class='ocrx_word' id='word_1_117' title='bbox 539 1444 569 1502; x_wconf 89' lang='lat' dir='ltr'><strong>A</strong></span> <span class='ocrx_word' id='word_1_118' title='bbox 592 1459 663 1502; x_wconf 86' lang='lat' dir='ltr'><strong>vero</strong></span> <span class='ocrx_word' id='word_1_119' title='bbox 692 1442 809 1520; x_wconf 83' lang='lat' dir='ltr'><strong>fugiens</strong></span> <span class='ocrx_word' id='word_1_120' title='bbox 838 1443 943 1505; x_wconf 88' lang='lat' dir='ltr'><strong>abnuit</strong></span> <span class='ocrx_word' id='word_1_121' title='bbox 965 1442 1074 1522; x_wconf 86' lang='lat' dir='ltr'><strong>angulo</strong></span> <span class='ocrx_word' id='word_1_122' title='bbox 1098 1441 1195 1504; x_wconf 86' lang='grc' dir='ltr'><strong>ΑΒΚ.</strong></span> <span class='ocrx_word' id='word_1_123' title='bbox 1243 1437 1324 1504; x_wconf 79' lang='lat' dir='ltr'><strong>(lum</strong></span> <span class='ocrx_word' id='word_1_124' title='bbox 1345 1435 1467 1519; x_wconf 76' lang='lat' dir='ltr'><strong>igituru&#39;l</strong></span> 
     </span>
    </p>
   </div>
   <div class='ocr_carea' id='block_1_6' title="bbox 102 1524 1467 4912">
    <p class='ocr_par' dir='ltr' id='par_1_12' title="bbox 102 1524 1467 4912">
     <span class='ocr_line' id='line_1_14' title="bbox 145 1524 1467 1607; baseline 0.002 -22"><span class='ocrx_word' id='word_1_125' title='bbox 145 1525 294 1587; x_wconf 89' lang='lat' dir='ltr'><strong>naturalis</strong></span> <span class='ocrx_word' id='word_1_126' title='bbox 317 1528 378 1589; x_wconf 92' lang='lat' dir='ltr'><strong>ista</strong></span> <span class='ocrx_word' id='word_1_127' title='bbox 402 1530 503 1607; x_wconf 81' lang='lat' dir='ltr'><strong>anguli</strong></span> <span class='ocrx_word' id='word_1_128' title='bbox 528 1531 682 1603; x_wconf 84' lang='lat' dir='ltr'><strong>fortitudo,</strong></span> <span class='ocrx_word' id='word_1_129' title='bbox 706 1531 764 1593; x_wconf 88' lang='lat' dir='ltr'><strong>erit</strong></span> <span class='ocrx_word' id='word_1_130' title='bbox 787 1533 815 1592; x_wconf 91' lang='lat' dir='ltr'><strong>in</strong></span> <span class='ocrx_word' id='word_1_131' title='bbox 840 1533 956 1593; x_wconf 89' lang='lat' dir='ltr'><strong>ratione</strong></span> <span class='ocrx_word' id='word_1_132' title='bbox 980 1540 1124 1593; x_wconf 83' lang='lat' dir='ltr'><strong>staterae.</strong></span> <span class='ocrx_word' id='word_1_133' title='bbox 1170 1530 1216 1591; x_wconf 86' lang='lat' dir='ltr'><strong>At</strong></span> <span class='ocrx_word' id='word_1_134' title='bbox 1240 1529 1335 1591; x_wconf 89' lang='lat' dir='ltr'><strong>ducta</strong></span> <span class='ocrx_word' id='word_1_135' title='bbox 1357 1546 1393 1589; x_wconf 89' lang='lat' dir='ltr'><strong>ex</strong></span> <span class='ocrx_word' id='word_1_136' title='bbox 1413 1524 1467 1589; x_wconf 76' lang='lat' dir='ltr'><strong>C&#39;x</strong></span> 
     </span>
     <span class='ocr_line' id='line_1_15' title="bbox 144 1613 1359 1698; baseline 0.002 -22"><span class='ocrx_word' id='word_1_137' title='bbox 144 1613 206 1676; x_wconf 91' lang='lat' dir='ltr'><strong>DA</strong></span> <span class='ocrx_word' id='word_1_138' title='bbox 227 1616 476 1695; x_wconf 88' lang='lat' dir='ltr'><strong>perpendiculari,</strong></span> <span class='ocrx_word' id='word_1_139' title='bbox 501 1638 576 1698; x_wconf 90' lang='lat' dir='ltr'><strong>quae</strong></span> <span class='ocrx_word' id='word_1_140' title='bbox 601 1620 641 1680; x_wconf 91' lang='lat' dir='ltr'><strong>sit</strong></span> <span class='ocrx_word' id='word_1_141' title='bbox 665 1618 731 1691; x_wconf 85' lang='lat' dir='ltr'><strong>GP,</strong></span> <span class='ocrx_word' id='word_1_142' title='bbox 756 1621 816 1682; x_wconf 88' lang='lat' dir='ltr'><strong>erit</strong></span> <span class='ocrx_word' id='word_1_143' title='bbox 838 1622 917 1684; x_wconf 89' lang='lat' dir='ltr'><strong>inter</strong></span> <span class='ocrx_word' id='word_1_144' title='bbox 939 1620 1004 1696; x_wconf 88' lang='grc' dir='ltr'><strong>ΒΡ,</strong></span> <span class='ocrx_word' id='word_1_145' title='bbox 1028 1621 1083 1682; x_wconf 88' lang='grc' dir='ltr'><strong>ΡΑ</strong></span> <span class='ocrx_word' id='word_1_146' title='bbox 1108 1620 1185 1681; x_wconf 91' lang='lat' dir='ltr'><strong>ratio</strong></span> <span class='ocrx_word' id='word_1_147' title='bbox 1209 1626 1359 1680; x_wconf 77' lang='lat' dir='ltr'><strong>staterae.</strong></span> 
     </span>
     <span class='ocr_line' id='line_1_16' title="bbox 146 1702 1428 1787; baseline 0.004 -25"><span class='ocrx_word' id='word_1_148' title='bbox 146 1702 226 1768; x_wconf 90' lang='lat' dir='ltr'><strong>enim</strong></span> <span class='ocrx_word' id='word_1_149' title='bbox 248 1722 286 1766; x_wconf 88' lang='lat' dir='ltr'><strong>ex</strong></span> <span class='ocrx_word' id='word_1_150' title='bbox 309 1705 422 1768; x_wconf 88' lang='lat' dir='ltr'><strong>trutina</strong></span> <span class='ocrx_word' id='word_1_151' title='bbox 445 1707 501 1768; x_wconf 89' lang='grc' dir='ltr'><strong>ΚΒ</strong></span> <span class='ocrx_word' id='word_1_152' title='bbox 525 1726 686 1787; x_wconf 89' lang='lat' dir='ltr'><strong>suspensa,</strong></span> <span class='ocrx_word' id='word_1_153' title='bbox 722 1717 753 1770; x_wconf 95' lang='lat' dir='ltr'><strong>et</strong></span> <span class='ocrx_word' id='word_1_154' title='bbox 776 1711 965 1772; x_wconf 89' lang='lat' dir='ltr'><strong>manentibus</strong></span> <span class='ocrx_word' id='word_1_155' title='bbox 988 1708 1134 1782; x_wconf 88' lang='lat' dir='ltr'><strong>brachiis,</strong></span> <span class='ocrx_word' id='word_1_156' title='bbox 1172 1707 1282 1786; x_wconf 81' lang='lat' dir='ltr'><strong>angulo</strong></span> <span class='ocrx_word' id='word_1_157' title='bbox 1305 1705 1428 1787; x_wconf 56' lang='grc' dir='ltr'><strong>ΒΒΚ,Υ</strong></span> 
     </span>
     <span class='ocr_line' id='line_1_17' title="bbox 145 1792 1442 1878; baseline 0.002 -25"><span class='ocrx_word' id='word_1_158' title='bbox 145 1792 263 1873; x_wconf 91' lang='lat' dir='ltr'><strong>pondus</strong></span> <span class='ocrx_word' id='word_1_159' title='bbox 294 1794 410 1857; x_wconf 88' lang='lat' dir='ltr'><strong>brachii</strong></span> <span class='ocrx_word' id='word_1_160' title='bbox 432 1794 489 1857; x_wconf 91' lang='lat' dir='ltr'><strong>BD</strong></span> <span class='ocrx_word' id='word_1_161' title='bbox 511 1798 549 1858; x_wconf 91' lang='lat' dir='ltr'><strong>ad</strong></span> <span class='ocrx_word' id='word_1_162' title='bbox 585 1799 701 1878; x_wconf 89' lang='lat' dir='ltr'><strong>pondus</strong></span> <span class='ocrx_word' id='word_1_163' title='bbox 734 1797 847 1862; x_wconf 90' lang='lat' dir='ltr'><strong>brachii</strong></span> <span class='ocrx_word' id='word_1_164' title='bbox 870 1802 945 1873; x_wconf 91' lang='lat' dir='ltr'><strong>BA,</strong></span> <span class='ocrx_word' id='word_1_165' title='bbox 986 1807 1019 1860; x_wconf 91' lang='lat' dir='ltr'><strong>ut</strong></span> <span class='ocrx_word' id='word_1_166' title='bbox 1041 1798 1096 1860; x_wconf 92' lang='grc' dir='ltr'><strong>ΒΡ</strong></span> <span class='ocrx_word' id='word_1_167' title='bbox 1127 1797 1166 1857; x_wconf 86' lang='lat' dir='ltr'><strong>ad</strong></span> <span class='ocrx_word' id='word_1_168' title='bbox 1189 1797 1265 1872; x_wconf 87' lang='lat' dir='ltr'><strong>PA;</strong></span> <span class='ocrx_word' id='word_1_169' title='bbox 1304 1794 1382 1857; x_wconf 88' lang='lat' dir='ltr'><strong>adeo</strong></span> <span class='ocrx_word' id='word_1_170' title='bbox 1411 1800 1442 1857; x_wconf 83' lang='lat' dir='ltr'><strong>nt</strong></span> 
     </span>
     <span class='ocr_line' id='line_1_18' title="bbox 146 1880 1440 1968; baseline 0.003 -27"><span class='ocrx_word' id='word_1_171' title='bbox 146 1880 269 1944; x_wconf 89' lang='lat' dir='ltr'><strong>brachia</strong></span> <span class='ocrx_word' id='word_1_172' title='bbox 300 1902 338 1945; x_wconf 84' lang='lat' dir='ltr'><strong>ex</strong></span> <span class='ocrx_word' id='word_1_173' title='bbox 361 1882 413 1947; x_wconf 82' lang='grc' dir='ltr'><strong>ΒΡ</strong></span> <span class='ocrx_word' id='word_1_174' title='bbox 445 1887 698 1965; x_wconf 87' lang='lat' dir='ltr'><strong>suspenderentur</strong></span> <span class='ocrx_word' id='word_1_175' title='bbox 729 1887 759 1948; x_wconf 92' lang='lat' dir='ltr'><strong>in</strong></span> <span class='ocrx_word' id='word_1_176' title='bbox 783 1890 826 1964; x_wconf 91' lang='lat' dir='ltr'><strong>P,</strong></span> <span class='ocrx_word' id='word_1_177' title='bbox 864 1898 894 1950; x_wconf 88' lang='lat' dir='ltr'><strong>et</strong></span> <span class='ocrx_word' id='word_1_178' title='bbox 918 1888 1033 1968; x_wconf 92' lang='lat' dir='ltr'><strong>pondus</strong></span> <span class='ocrx_word' id='word_1_179' title='bbox 1056 1888 1113 1951; x_wconf 89' lang='lat' dir='ltr'><strong>BA</strong></span> <span class='ocrx_word' id='word_1_180' title='bbox 1137 1880 1440 1948; x_wconf 84' lang='lat' dir='ltr'><strong>accommodaretur&#39;</strong></span> 
     </span>
     <span class='ocr_line' id='line_1_19' title="bbox 146 1969 1363 2057; baseline 0.002 -26"><span class='ocrx_word' id='word_1_181' title='bbox 146 1969 217 2045; x_wconf 91' lang='grc' dir='ltr'><strong>ΡΒ,</strong></span> <span class='ocrx_word' id='word_1_182' title='bbox 244 1973 362 2052; x_wconf 90' lang='lat' dir='ltr'><strong>pondus</strong></span> <span class='ocrx_word' id='word_1_183' title='bbox 393 1993 464 2034; x_wconf 88' lang='lat' dir='ltr'><strong>vero</strong></span> <span class='ocrx_word' id='word_1_184' title='bbox 487 1975 601 2037; x_wconf 89' lang='lat' dir='ltr'><strong>brachii</strong></span> <span class='ocrx_word' id='word_1_185' title='bbox 624 1977 680 2038; x_wconf 92' lang='lat' dir='ltr'><strong>BD</strong></span> <span class='ocrx_word' id='word_1_186' title='bbox 704 1976 760 2057; x_wconf 90' lang='lat' dir='ltr'><strong>ipsi</strong></span> <span class='ocrx_word' id='word_1_187' title='bbox 784 1980 855 2054; x_wconf 94' lang='lat' dir='ltr'><strong>PA,</strong></span> <span class='ocrx_word' id='word_1_188' title='bbox 883 1987 954 2040; x_wconf 91' lang='lat' dir='ltr'><strong>tunc</strong></span> <span class='ocrx_word' id='word_1_189' title='bbox 977 1976 1036 2039; x_wconf 93' lang='lat' dir='ltr'><strong>DA</strong></span> <span class='ocrx_word' id='word_1_190' title='bbox 1065 1995 1131 2038; x_wconf 92' lang='lat' dir='ltr'><strong>cum</strong></span> <span class='ocrx_word' id='word_1_191' title='bbox 1155 1975 1212 2038; x_wconf 81' lang='grc' dir='ltr'><strong>ΟΡ·</strong></span> <span class='ocrx_word' id='word_1_192' title='bbox 1230 1973 1363 2054; x_wconf 87' lang='lat' dir='ltr'><strong>pendula</strong></span> 
     </span>
     <span class='ocr_line' id='line_1_20' title="bbox 147 2058 1428 2145; baseline 0.003 -26"><span class='ocrx_word' id='word_1_193' title='bbox 147 2058 283 2122; x_wconf 87' lang='lat' dir='ltr'><strong>lacerent</strong></span> <span class='ocrx_word' id='word_1_194' title='bbox 303 2070 404 2124; x_wconf 88' lang='lat' dir='ltr'><strong>rectos</strong></span> <span class='ocrx_word' id='word_1_195' title='bbox 429 2065 565 2143; x_wconf 83' lang='lat' dir='ltr'><strong>angulos.</strong></span> <span class='ocrx_word' id='word_1_196' title='bbox 604 2065 684 2127; x_wconf 89' lang='lat' dir='ltr'><strong>Vide</strong></span> <span class='ocrx_word' id='word_1_197' title='bbox 700 2066 812 2145; x_wconf 90' lang='lat' dir='ltr'><strong>Optica</strong></span> <span class='ocrx_word' id='word_1_198' title='bbox 826 2087 902 2140; x_wconf 88' lang='lat' dir='ltr'><strong>mea,</strong></span> <span class='ocrx_word' id='word_1_199' title='bbox 927 2076 959 2128; x_wconf 92' lang='lat' dir='ltr'><strong>et</strong></span> <span class='ocrx_word' id='word_1_200' title='bbox 973 2085 1030 2128; x_wconf 91' lang='lat' dir='ltr'><strong>non</strong></span> <span class='ocrx_word' id='word_1_201' title='bbox 1050 2066 1140 2127; x_wconf 84' lang='lat' dir='ltr'><strong>facile</strong></span> <span class='ocrx_word' id='word_1_202' title='bbox 1163 2063 1315 2127; x_wconf 87' lang='lat' dir='ltr'><strong>movearis</strong></span> <span class='ocrx_word' id='word_1_203' title='bbox 1338 2060 1428 2124; x_wconf 83' lang='lat' dir='ltr'><strong>iucu‘</strong></span> 
     </span>
     <span class='ocr_line' id='line_1_21' title="bbox 147 2148 1442 2234; baseline 0.004 -25"><span class='ocrx_word' id='word_1_204' title='bbox 147 2148 492 2228; x_wconf 88' lang='lat' dir='ltr'><strong>experimentationibus.</strong></span> <span class='ocrx_word' id='word_1_205' title='bbox 539 2155 582 2216; x_wconf 92' lang='lat' dir='ltr'><strong>Ut</strong></span> <span class='ocrx_word' id='word_1_206' title='bbox 614 2154 705 2234; x_wconf 84' lang='lat' dir='ltr'><strong>igitur</strong></span> <span class='ocrx_word' id='word_1_207' title='bbox 727 2156 783 2218; x_wconf 87' lang='grc' dir='ltr'><strong>ΒΡ</strong></span> <span class='ocrx_word' id='word_1_208' title='bbox 805 2157 845 2218; x_wconf 91' lang='lat' dir='ltr'><strong>ad</strong></span> <span class='ocrx_word' id='word_1_209' title='bbox 868 2157 934 2232; x_wconf 89' lang='lat' dir='ltr'><strong>PA,</strong></span> <span class='ocrx_word' id='word_1_210' title='bbox 966 2154 1009 2216; x_wconf 90' lang='lat' dir='ltr'><strong>sic</strong></span> <span class='ocrx_word' id='word_1_211' title='bbox 1041 2154 1184 2216; x_wconf 83' lang='lat' dir='ltr'><strong>fortitudo</strong></span> <span class='ocrx_word' id='word_1_212' title='bbox 1217 2151 1321 2231; x_wconf 82' lang='lat' dir='ltr'><strong>auguli</strong></span> <span class='ocrx_word' id='word_1_213' title='bbox 1343 2149 1442 2214; x_wconf 76' lang='lat' dir='ltr'><strong>Auo·</strong></span> 
     </span>
     <span class='ocr_line' id='line_1_22' title="bbox 146 2237 1396 2324; baseline 0.003 -27"><span class='ocrx_word' id='word_1_214' title='bbox 146 2237 352 2303; x_wconf 85' lang='lat' dir='ltr'><strong>fortitudinem</strong></span> <span class='ocrx_word' id='word_1_215' title='bbox 384 2243 485 2321; x_wconf 80' lang='lat' dir='ltr'><strong>auguli</strong></span> <span class='ocrx_word' id='word_1_216' title='bbox 508 2243 600 2307; x_wconf 80' lang='lat' dir='ltr'><strong>DBO.</strong></span> <span class='ocrx_word' id='word_1_217' title='bbox 647 2245 751 2322; x_wconf 83' lang='lat' dir='ltr'><strong>Fugae</strong></span> <span class='ocrx_word' id='word_1_218' title='bbox 783 2245 875 2324; x_wconf 84' lang='lat' dir='ltr'><strong>igitur</strong></span> <span class='ocrx_word' id='word_1_219' title='bbox 907 2245 966 2307; x_wconf 84' lang='lat' dir='ltr'><strong>vim</strong></span> <span class='ocrx_word' id='word_1_220' title='bbox 996 2244 1119 2306; x_wconf 92' lang='lat' dir='ltr'><strong>metitur</strong></span> <span class='ocrx_word' id='word_1_221' title='bbox 1141 2242 1190 2304; x_wconf 87' lang='lat' dir='ltr'><strong>hic</strong></span> <span class='ocrx_word' id='word_1_222' title='bbox 1213 2240 1278 2314; x_wconf 89' lang='grc' dir='ltr'><strong>ΒΡ,</strong></span> <span class='ocrx_word' id='word_1_223' title='bbox 1304 2249 1396 2319; x_wconf 85' lang='lat' dir='ltr'><strong>appot</strong></span> 
     </span>
     <span class='ocr_line' id='line_1_23' title="bbox 146 2325 1415 2416; baseline 0.004 -31"><span class='ocrx_word' id='word_1_224' title='bbox 146 2325 206 2388; x_wconf 87' lang='lat' dir='ltr'><strong>vim</strong></span> <span class='ocrx_word' id='word_1_225' title='bbox 228 2328 293 2392; x_wconf 89' lang='lat' dir='ltr'><strong>PA.</strong></span> <span class='ocrx_word' id='word_1_226' title='bbox 338 2331 436 2394; x_wconf 86' lang='lat' dir='ltr'><strong>Aufer</strong></span> <span class='ocrx_word' id='word_1_227' title='bbox 458 2353 476 2393; x_wconf 90' lang='lat' dir='ltr'><strong>a</strong></span> <span class='ocrx_word' id='word_1_228' title='bbox 499 2331 555 2396; x_wconf 92' lang='lat' dir='ltr'><strong>PA</strong></span> <span class='ocrx_word' id='word_1_229' title='bbox 587 2333 744 2413; x_wconf 90' lang='lat' dir='ltr'><strong>aequalem</strong></span> <span class='ocrx_word' id='word_1_230' title='bbox 778 2335 836 2415; x_wconf 90' lang='lat' dir='ltr'><strong>ipsi</strong></span> <span class='ocrx_word' id='word_1_231' title='bbox 865 2335 929 2410; x_wconf 89' lang='grc' dir='ltr'><strong>ΒΡ,</strong></span> <span class='ocrx_word' id='word_1_232' title='bbox 963 2353 1039 2416; x_wconf 90' lang='lat' dir='ltr'><strong>quae</strong></span> <span class='ocrx_word' id='word_1_233' title='bbox 1070 2333 1111 2394; x_wconf 92' lang='lat' dir='ltr'><strong>sit</strong></span> <span class='ocrx_word' id='word_1_234' title='bbox 1140 2330 1205 2395; x_wconf 90' lang='lat' dir='ltr'><strong>AS.</strong></span> <span class='ocrx_word' id='word_1_235' title='bbox 1250 2328 1336 2408; x_wconf 81' lang='lat' dir='ltr'><strong>Ergo</strong></span> <span class='ocrx_word' id='word_1_236' title='bbox 1368 2327 1415 2391; x_wconf 85' lang='lat' dir='ltr'><strong>SP</strong></span> 
     </span>
     <span class='ocr_line' id='line_1_24' title="bbox 146 2417 1448 2503; baseline 0 -24"><span class='ocrx_word' id='word_1_237' title='bbox 146 2434 287 2480; x_wconf 89' lang='lat' dir='ltr'><strong>mensura</strong></span> <span class='ocrx_word' id='word_1_238' title='bbox 310 2418 432 2482; x_wconf 89' lang='lat' dir='ltr'><strong>virtutis</strong></span> <span class='ocrx_word' id='word_1_239' title='bbox 455 2422 626 2501; x_wconf 86' lang='lat' dir='ltr'><strong>appetentis</strong></span> <span class='ocrx_word' id='word_1_240' title='bbox 650 2421 821 2498; x_wconf 88' lang='lat' dir='ltr'><strong>solitariae,</strong></span> <span class='ocrx_word' id='word_1_241' title='bbox 850 2424 1061 2502; x_wconf 88' lang='lat' dir='ltr'><strong>impedimento</strong></span> <span class='ocrx_word' id='word_1_242' title='bbox 1085 2423 1173 2501; x_wconf 84' lang='lat' dir='ltr'><strong>fugae</strong></span> <span class='ocrx_word' id='word_1_243' title='bbox 1196 2418 1322 2481; x_wconf 92' lang='lat' dir='ltr'><strong>ablato:</strong></span> <span class='ocrx_word' id='word_1_244' title='bbox 1355 2417 1448 2503; x_wconf 53' lang='lat' dir='ltr'><strong>idque</strong></span> 
     </span>
     <span class='ocr_line' id='line_1_25' title="bbox 141 2500 1442 2591; baseline 0 -23"><span class='ocrx_word' id='word_1_245' title='bbox 141 2509 355 2588; x_wconf 87' lang='lat' dir='ltr'><strong>proportione,</strong></span> <span class='ocrx_word' id='word_1_246' title='bbox 387 2510 519 2591; x_wconf 90' lang='lat' dir='ltr'><strong>qualium</strong></span> <span class='ocrx_word' id='word_1_247' title='bbox 541 2512 600 2573; x_wconf 85' lang='lat' dir='ltr'><strong>AD</strong></span> <span class='ocrx_word' id='word_1_248' title='bbox 629 2511 750 2573; x_wconf 89' lang='lat' dir='ltr'><strong>metitur</strong></span> <span class='ocrx_word' id='word_1_249' title='bbox 772 2513 833 2575; x_wconf 83' lang='lat' dir='ltr'><strong>vim</strong></span> <span class='ocrx_word' id='word_1_250' title='bbox 865 2512 1027 2575; x_wconf 83' lang='lat' dir='ltr'><strong>maximam</strong></span> <span class='ocrx_word' id='word_1_251' title='bbox 1060 2509 1248 2583; x_wconf 83' lang='lat' dir='ltr'><strong>solitariam3</strong></span> <span class='ocrx_word' id='word_1_252' title='bbox 1281 2507 1337 2569; x_wconf 90' lang='lat' dir='ltr'><strong>sed</strong></span> <span class='ocrx_word' id='word_1_253' title='bbox 1367 2526 1386 2588; x_wconf 92' lang='lat' dir='ltr'><strong>q</strong></span> <span class='ocrx_word' id='word_1_254' title='bbox 1429 2500 1442 2519; x_wconf 78' lang='lat'><em>⁶</em></span> 
     </span>
     <span class='ocr_line' id='line_1_26' title="bbox 147 2595 1344 2681; baseline 0.003 -25"><span class='ocrx_word' id='word_1_255' title='bbox 147 2595 270 2660; x_wconf 88' lang='lat' dir='ltr'><strong>dimidia</strong></span> <span class='ocrx_word' id='word_1_256' title='bbox 291 2599 348 2660; x_wconf 94' lang='grc' dir='ltr'><strong>ΒΒ</strong></span> <span class='ocrx_word' id='word_1_257' title='bbox 372 2600 495 2662; x_wconf 92' lang='lat' dir='ltr'><strong>metitur</strong></span> <span class='ocrx_word' id='word_1_258' title='bbox 516 2601 577 2662; x_wconf 90' lang='lat' dir='ltr'><strong>vim</strong></span> <span class='ocrx_word' id='word_1_259' title='bbox 600 2601 777 2674; x_wconf 86' lang='lat' dir='ltr'><strong>maximam,</strong></span> <span class='ocrx_word' id='word_1_260' title='bbox 812 2603 916 2664; x_wconf 87' lang='lat' dir='ltr'><strong>talium</strong></span> <span class='ocrx_word' id='word_1_261' title='bbox 946 2612 977 2665; x_wconf 91' lang='lat' dir='ltr'><strong>et</strong></span> <span class='ocrx_word' id='word_1_262' title='bbox 1007 2600 1101 2681; x_wconf 89' lang='lat' dir='ltr'><strong>ipsius</strong></span> <span class='ocrx_word' id='word_1_263' title='bbox 1126 2597 1174 2661; x_wconf 90' lang='lat' dir='ltr'><strong>PS</strong></span> <span class='ocrx_word' id='word_1_264' title='bbox 1202 2596 1344 2671; x_wconf 88' lang='lat' dir='ltr'><strong>dimidia,</strong></span> 
     </span>
     <span class='ocr_line' id='line_1_27' title="bbox 145 2685 1437 2772; baseline 0 -25"><span class='ocrx_word' id='word_1_265' title='bbox 145 2686 212 2760; x_wconf 90' lang='lat' dir='ltr'><strong>PB,</strong></span> <span class='ocrx_word' id='word_1_266' title='bbox 244 2687 301 2750; x_wconf 90' lang='lat' dir='ltr'><strong>hoc</strong></span> <span class='ocrx_word' id='word_1_267' title='bbox 325 2696 373 2750; x_wconf 89' lang='lat' dir='ltr'><strong>est</strong></span> <span class='ocrx_word' id='word_1_268' title='bbox 400 2690 485 2751; x_wconf 92' lang='lat' dir='ltr'><strong>sinus</strong></span> <span class='ocrx_word' id='word_1_269' title='bbox 509 2689 565 2753; x_wconf 84' lang='lat' dir='ltr'><strong>CN</strong></span> <span class='ocrx_word' id='word_1_270' title='bbox 597 2690 765 2752; x_wconf 83' lang='lat' dir='ltr'><strong>anomaliae</strong></span> <span class='ocrx_word' id='word_1_271' title='bbox 796 2700 980 2772; x_wconf 86' lang='lat' dir='ltr'><strong>coaequatae</strong></span> <span class='ocrx_word' id='word_1_272' title='bbox 1004 2689 1092 2764; x_wconf 83' lang='lat' dir='ltr'><strong>CBI,</strong></span> <span class='ocrx_word' id='word_1_273' title='bbox 1124 2687 1248 2750; x_wconf 87' lang='lat' dir='ltr'><strong>metitur</strong></span> <span class='ocrx_word' id='word_1_274' title='bbox 1270 2685 1333 2747; x_wconf 89' lang='lat' dir='ltr'><strong>vim</strong></span> <span class='ocrx_word' id='word_1_275' title='bbox 1373 2758 1378 2772; x_wconf 31' lang='lat'><strong>·</strong></span> <span class='ocrx_word' id='word_1_276' title='bbox 1432 2758 1437 2765; x_wconf 29' lang='lat'>¹</span> 
     </span>
     <span class='ocr_line' id='line_1_28' title="bbox 145 2776 1420 2861; baseline 0 -25"><span class='ocrx_word' id='word_1_277' title='bbox 145 2776 256 2838; x_wconf 91' lang='lat' dir='ltr'><strong>nudam</strong></span> <span class='ocrx_word' id='word_1_278' title='bbox 279 2778 336 2840; x_wconf 92' lang='lat' dir='ltr'><strong>hoc</strong></span> <span class='ocrx_word' id='word_1_279' title='bbox 360 2778 420 2840; x_wconf 88' lang='lat' dir='ltr'><strong>situ</strong></span> <span class='ocrx_word' id='word_1_280' title='bbox 443 2779 584 2859; x_wconf 89' lang='lat' dir='ltr'><strong>planetae</strong></span> <span class='ocrx_word' id='word_1_281' title='bbox 608 2780 647 2840; x_wconf 91' lang='lat' dir='ltr'><strong>ad</strong></span> <span class='ocrx_word' id='word_1_282' title='bbox 670 2780 783 2843; x_wconf 83' lang='lat' dir='ltr'><strong>Solem.</strong></span> <span class='ocrx_word' id='word_1_283' title='bbox 820 2782 917 2861; x_wconf 82' lang='lat' dir='ltr'><strong>Igitur</strong></span> <span class='ocrx_word' id='word_1_284' title='bbox 939 2781 1022 2843; x_wconf 91' lang='lat' dir='ltr'><strong>sinus</strong></span> <span class='ocrx_word' id='word_1_285' title='bbox 1047 2777 1215 2840; x_wconf 90' lang='lat' dir='ltr'><strong>anomaliae</strong></span> <span class='ocrx_word' id='word_1_286' title='bbox 1235 2782 1420 2856; x_wconf 81' lang='lat' dir='ltr'><strong>coaequatae</strong></span> 
     </span>
     <span class='ocr_line' id='line_1_29' title="bbox 143 2864 1391 2949; baseline 0.001 -24"><span class='ocrx_word' id='word_1_287' title='bbox 143 2883 287 2927; x_wconf 88' lang='lat' dir='ltr'><strong>mensura</strong></span> <span class='ocrx_word' id='word_1_288' title='bbox 318 2867 503 2930; x_wconf 83' lang='lat' dir='ltr'><strong>fortitudinis</strong></span> <span class='ocrx_word' id='word_1_289' title='bbox 536 2887 676 2930; x_wconf 85' lang='lat' dir='ltr'><strong>accessus</strong></span> <span class='ocrx_word' id='word_1_290' title='bbox 708 2869 849 2949; x_wconf 89' lang='lat' dir='ltr'><strong>planetae</strong></span> <span class='ocrx_word' id='word_1_291' title='bbox 882 2871 920 2932; x_wconf 91' lang='lat' dir='ltr'><strong>ad</strong></span> <span class='ocrx_word' id='word_1_292' title='bbox 951 2868 1052 2932; x_wconf 89' lang='lat' dir='ltr'><strong>Solem</strong></span> <span class='ocrx_word' id='word_1_293' title='bbox 1084 2867 1136 2929; x_wconf 93' lang='lat' dir='ltr'><strong>illo</strong></span> <span class='ocrx_word' id='word_1_294' title='bbox 1167 2865 1243 2928; x_wconf 91' lang='lat' dir='ltr'><strong>loco.</strong></span> <span class='ocrx_word' id='word_1_295' title='bbox 1290 2864 1391 2946; x_wconf 82' lang='lat' dir='ltr'><strong>Atque</strong></span> 
     </span>
     <span class='ocr_line' id='line_1_30' title="bbox 145 2953 1445 3022; baseline 0.003 -7"><span class='ocrx_word' id='word_1_296' title='bbox 145 2953 395 3018; x_wconf 87' lang='lat' dir='ltr'><strong>incrementorum</strong></span> <span class='ocrx_word' id='word_1_297' title='bbox 418 2958 539 3020; x_wconf 88' lang='lat' dir='ltr'><strong>virtutis</strong></span> <span class='ocrx_word' id='word_1_298' title='bbox 561 2977 702 3021; x_wconf 89' lang='lat' dir='ltr'><strong>mensura</strong></span> <span class='ocrx_word' id='word_1_299' title='bbox 726 2967 782 3022; x_wconf 86' lang='lat' dir='ltr'><strong>est</strong></span> <span class='ocrx_word' id='word_1_300' title='bbox 1442 3010 1445 3019; x_wconf 95' lang='lat'><strong>.</strong></span> 
     </span>
     <span class='ocr_line' id='line_1_31' title="bbox 232 3041 1428 3128; baseline -0.003 -21"><span class='ocrx_word' id='word_1_301' title='bbox 232 3043 333 3125; x_wconf 89' lang='lat' dir='ltr'><strong>Spatii</strong></span> <span class='ocrx_word' id='word_1_302' title='bbox 356 3047 503 3109; x_wconf 88' lang='lat' dir='ltr'><strong>libratorii</strong></span> <span class='ocrx_word' id='word_1_303' title='bbox 526 3067 580 3128; x_wconf 90' lang='lat' dir='ltr'><strong>per</strong></span> <span class='ocrx_word' id='word_1_304' title='bbox 603 3049 677 3110; x_wconf 92' lang='lat' dir='ltr'><strong>haec</strong></span> <span class='ocrx_word' id='word_1_305' title='bbox 700 3048 842 3110; x_wconf 87' lang='lat' dir='ltr'><strong>continua</strong></span> <span class='ocrx_word' id='word_1_306' title='bbox 863 3047 982 3108; x_wconf 89' lang='lat' dir='ltr'><strong>virtutis</strong></span> <span class='ocrx_word' id='word_1_307' title='bbox 1012 3046 1197 3107; x_wconf 83' lang='lat' dir='ltr'><strong>incrementa</strong></span> <span class='ocrx_word' id='word_1_308' title='bbox 1212 3041 1344 3106; x_wconf 83' lang='lat' dir='ltr'><strong>conlecti</strong></span> <span class='ocrx_word' id='word_1_309' title='bbox 1359 3046 1428 3103; x_wconf 62' lang='lat' dir='ltr'><strong>mc?</strong></span> 
     </span>
     <span class='ocr_line' id='line_1_32' title="bbox 145 3130 1415 3216; baseline -0.001 -23"><span class='ocrx_word' id='word_1_310' title='bbox 145 3133 233 3213; x_wconf 80' lang='lat' dir='ltr'><strong>longe</strong></span> <span class='ocrx_word' id='word_1_311' title='bbox 257 3143 306 3195; x_wconf 90' lang='lat' dir='ltr'><strong>est</strong></span> <span class='ocrx_word' id='word_1_312' title='bbox 329 3136 409 3198; x_wconf 86' lang='lat' dir='ltr'><strong>alia:</strong></span> <span class='ocrx_word' id='word_1_313' title='bbox 435 3138 598 3199; x_wconf 90' lang='lat' dir='ltr'><strong>ostendunt</strong></span> <span class='ocrx_word' id='word_1_314' title='bbox 621 3137 698 3199; x_wconf 89' lang='lat' dir='ltr'><strong>enim</strong></span> <span class='ocrx_word' id='word_1_315' title='bbox 722 3138 896 3211; x_wconf 88' lang='lat' dir='ltr'><strong>observata,</strong></span> <span class='ocrx_word' id='word_1_316' title='bbox 924 3136 948 3197; x_wconf 91' lang='lat' dir='ltr'><strong>si</strong></span> <span class='ocrx_word' id='word_1_317' title='bbox 973 3136 1031 3216; x_wconf 87' lang='lat' dir='ltr'><strong>ipsi</strong></span> <span class='ocrx_word' id='word_1_318' title='bbox 1053 3132 1095 3197; x_wconf 84' lang='lat' dir='ltr'><strong>IC</strong></span> <span class='ocrx_word' id='word_1_319' title='bbox 1117 3130 1289 3194; x_wconf 86' lang='lat' dir='ltr'><strong>anomaliae</strong></span> <span class='ocrx_word' id='word_1_320' title='bbox 1312 3148 1415 3209; x_wconf 86' lang='lat' dir='ltr'><strong>coaeq</strong></span> 
     </span>
     <span class='ocr_line' id='line_1_33' title="bbox 123 3216 1440 3307; baseline -0.005 -22"><span class='ocrx_word' id='word_1_321' title='bbox 123 3225 329 3303; x_wconf 65' lang='lat' dir='ltr'><strong>,respondeat</strong></span> <span class='ocrx_word' id='word_1_322' title='bbox 346 3236 413 3287; x_wconf 89' lang='lat' dir='ltr'><strong>&#39;sua</strong></span> <span class='ocrx_word' id='word_1_323' title='bbox 444 3225 595 3288; x_wconf 89' lang='lat' dir='ltr'><strong>anomalia</strong></span> <span class='ocrx_word' id='word_1_324' title='bbox 622 3228 752 3289; x_wconf 88' lang='lat' dir='ltr'><strong>eccentri</strong></span> <span class='ocrx_word' id='word_1_325' title='bbox 776 3227 836 3302; x_wconf 88' lang='lat' dir='ltr'><strong>GI,</strong></span> <span class='ocrx_word' id='word_1_326' title='bbox 867 3226 945 3307; x_wconf 87' lang='lat' dir='ltr'><strong>quod</strong></span> <span class='ocrx_word' id='word_1_327' title='bbox 968 3227 1014 3286; x_wconf 89' lang='lat' dir='ltr'><strong>lH</strong></span> <span class='ocrx_word' id='word_1_328' title='bbox 1037 3222 1119 3284; x_wconf 90' lang='lat' dir='ltr'><strong>sinus</strong></span> <span class='ocrx_word' id='word_1_329' title='bbox 1142 3240 1250 3283; x_wconf 87' lang='lat' dir='ltr'><strong>versus</strong></span> <span class='ocrx_word' id='word_1_330' title='bbox 1273 3239 1361 3283; x_wconf 88' lang='lat' dir='ltr'><strong>arcus</strong></span> <span class='ocrx_word' id='word_1_331' title='bbox 1382 3216 1440 3289; x_wconf 84' lang='lat' dir='ltr'><strong>Gl‘¹</strong></span> 
     </span>
     <span class='ocr_line' id='line_1_34' title="bbox 145 3310 1407 3395; baseline -0.003 -21"><span class='ocrx_word' id='word_1_332' title='bbox 145 3332 284 3376; x_wconf 86' lang='lat' dir='ltr'><strong>mensura</strong></span> <span class='ocrx_word' id='word_1_333' title='bbox 312 3313 482 3376; x_wconf 88' lang='lat' dir='ltr'><strong>librationis</strong></span> <span class='ocrx_word' id='word_1_334' title='bbox 514 3323 665 3395; x_wconf 86' lang='lat' dir='ltr'><strong>peractae.</strong></span> <span class='ocrx_word' id='word_1_335' title='bbox 715 3317 749 3378; x_wconf 95' lang='lat' dir='ltr'><strong>Id</strong></span> <span class='ocrx_word' id='word_1_336' title='bbox 778 3317 805 3378; x_wconf 91' lang='lat' dir='ltr'><strong>si</strong></span> <span class='ocrx_word' id='word_1_337' title='bbox 829 3317 920 3377; x_wconf 88' lang='lat' dir='ltr'><strong>etiam</strong></span> <span class='ocrx_word' id='word_1_338' title='bbox 943 3334 981 3375; x_wconf 87' lang='lat' dir='ltr'><strong>ex</strong></span> <span class='ocrx_word' id='word_1_339' title='bbox 1004 3315 1071 3393; x_wconf 87' lang='lat' dir='ltr'><strong>ipsa</strong></span> <span class='ocrx_word' id='word_1_340' title='bbox 1093 3310 1176 3391; x_wconf 91' lang='lat' dir='ltr'><strong>prius</strong></span> <span class='ocrx_word' id='word_1_341' title='bbox 1198 3310 1336 3372; x_wconf 88' lang='lat' dir='ltr'><strong>indicata</strong></span> <span class='ocrx_word' id='word_1_342' title='bbox 1355 3327 1432 3370; x_wconf 67' lang='lat' dir='ltr'><strong>o</strong></span> 
     </span>
     <span class='ocr_line' id='line_1_35' title="bbox 145 3398 1428 3486; baseline -0.004 -23"><span class='ocrx_word' id='word_1_343' title='bbox 145 3403 310 3466; x_wconf 86' lang='lat' dir='ltr'><strong>celeritatis</strong></span> <span class='ocrx_word' id='word_1_344' title='bbox 339 3403 395 3467; x_wconf 83' lang='lat' dir='ltr'><strong>CN</strong></span> <span class='ocrx_word' id='word_1_345' title='bbox 425 3404 532 3466; x_wconf 89' lang='lat' dir='ltr'><strong>deduci</strong></span> <span class='ocrx_word' id='word_1_346' title='bbox 561 3414 678 3486; x_wconf 89' lang='lat' dir='ltr'><strong>potest,</strong></span> <span class='ocrx_word' id='word_1_347' title='bbox 718 3415 788 3468; x_wconf 91' lang='lat' dir='ltr'><strong>tunc</strong></span> <span class='ocrx_word' id='word_1_348' title='bbox 818 3404 1076 3467; x_wconf 89' lang='lat' dir='ltr'><strong>conciliaverimus</strong></span> <span class='ocrx_word' id='word_1_349' title='bbox 1109 3398 1329 3480; x_wconf 82' lang='lat' dir='ltr'><strong>experientiam</strong></span> <span class='ocrx_word' id='word_1_350' title='bbox 1349 3414 1428 3459; x_wconf 88' lang='lat' dir='ltr'><strong>cum</strong></span> 
     </span>
     <span class='ocr_line' id='line_1_36' title="bbox 139 3487 1419 3574; baseline -0.007 -18"><span class='ocrx_word' id='word_1_351' title='bbox 139 3494 362 3558; x_wconf 82' lang='lat' dir='ltr'><strong>‘monstratione</strong></span> <span class='ocrx_word' id='word_1_352' title='bbox 393 3494 497 3557; x_wconf 88' lang='lat' dir='ltr'><strong>librae.</strong></span> <span class='ocrx_word' id='word_1_353' title='bbox 545 3494 620 3559; x_wconf 81' lang='lat' dir='ltr'><strong>Cum</strong></span> <span class='ocrx_word' id='word_1_354' title='bbox 653 3495 730 3557; x_wconf 91' lang='lat' dir='ltr'><strong>enim</strong></span> <span class='ocrx_word' id='word_1_355' title='bbox 758 3494 900 3574; x_wconf 91' lang='lat' dir='ltr'><strong>cujusque</strong></span> <span class='ocrx_word' id='word_1_356' title='bbox 924 3512 1012 3554; x_wconf 88' lang='lat' dir='ltr'><strong>arcus</strong></span> <span class='ocrx_word' id='word_1_357' title='bbox 1036 3491 1118 3554; x_wconf 91' lang='lat' dir='ltr'><strong>sinus</strong></span> <span class='ocrx_word' id='word_1_358' title='bbox 1141 3489 1184 3550; x_wconf 91' lang='lat' dir='ltr'><strong>sit</strong></span> <span class='ocrx_word' id='word_1_359' title='bbox 1207 3506 1349 3550; x_wconf 86' lang='lat' dir='ltr'><strong>mensura</strong></span> <span class='ocrx_word' id='word_1_360' title='bbox 1368 3487 1395 3548; x_wconf 90' lang='lat' dir='ltr'><strong>lo</strong></span> <span class='ocrx_word' id='word_1_361' title='bbox 1415 3512 1419 3525; x_wconf 93' lang='lat'>·</span> 
     </span>
     <span class='ocr_line' id='line_1_37' title="bbox 102 3570 1463 3670; baseline -0.008 -23"><span class='ocrx_word' id='word_1_362' title='bbox 102 3664 105 3670; x_wconf 25' lang='grc' dir='ltr'>Ι</span> <span class='ocrx_word' id='word_1_363' title='bbox 144 3585 222 3646; x_wconf 91' lang='lat' dir='ltr'><strong>dinis</strong></span> <span class='ocrx_word' id='word_1_364' title='bbox 250 3585 330 3649; x_wconf 88' lang='lat' dir='ltr'><strong>illius</strong></span> <span class='ocrx_word' id='word_1_365' title='bbox 353 3585 473 3665; x_wconf 87' lang='lat' dir='ltr'><strong>auguli,</strong></span> <span class='ocrx_word' id='word_1_366' title='bbox 502 3603 617 3647; x_wconf 88' lang='lat' dir='ltr'><strong>summa</strong></span> <span class='ocrx_word' id='word_1_367' title='bbox 645 3585 762 3646; x_wconf 91' lang='lat' dir='ltr'><strong>sinuum</strong></span> <span class='ocrx_word' id='word_1_368' title='bbox 791 3585 849 3646; x_wconf 92' lang='lat' dir='ltr'><strong>erit</strong></span> <span class='ocrx_word' id='word_1_369' title='bbox 881 3584 943 3644; x_wconf 85' lang='lat' dir='ltr'><strong>lere</strong></span> <span class='ocrx_word' id='word_1_370' title='bbox 967 3600 1105 3643; x_wconf 89' lang='lat' dir='ltr'><strong>mensura</strong></span> <span class='ocrx_word' id='word_1_371' title='bbox 1128 3597 1263 3639; x_wconf 88' lang='lat' dir='ltr'><strong>summae</strong></span> <span class='ocrx_word' id='word_1_372' title='bbox 1288 3570 1426 3638; x_wconf 84' lang='lat' dir='ltr'><strong>fortitud&#39;</strong></span> <span class='ocrx_word' id='word_1_373' title='bbox 1459 3662 1463 3669; x_wconf 29' lang='grc' dir='ltr'>Ι</span> 
     </span>
     <span class='ocr_line' id='line_1_38' title="bbox 139 3665 1446 3755; baseline -0.008 -20"><span class='ocrx_word' id='word_1_374' title='bbox 139 3693 196 3735; x_wconf 89' lang='lat' dir='ltr'><strong>seu</strong></span> <span class='ocrx_word' id='word_1_375' title='bbox 219 3674 448 3755; x_wconf 88' lang='lat' dir='ltr'><strong>impressionum</strong></span> <span class='ocrx_word' id='word_1_376' title='bbox 470 3691 524 3754; x_wconf 90' lang='lat' dir='ltr'><strong>per</strong></span> <span class='ocrx_word' id='word_1_377' title='bbox 547 3693 649 3735; x_wconf 91' lang='lat' dir='ltr'><strong>ornnes</strong></span> <span class='ocrx_word' id='word_1_378' title='bbox 672 3681 776 3753; x_wconf 89' lang='lat' dir='ltr'><strong>partes</strong></span> <span class='ocrx_word' id='word_1_379' title='bbox 800 3673 942 3753; x_wconf 90' lang='lat' dir='ltr'><strong>aequales</strong></span> <span class='ocrx_word' id='word_1_380' title='bbox 967 3670 1088 3732; x_wconf 86' lang='lat' dir='ltr'><strong>circuli:</strong></span> <span class='ocrx_word' id='word_1_381' title='bbox 1113 3686 1238 3748; x_wconf 90' lang='lat' dir='ltr'><strong>quarum</strong></span> <span class='ocrx_word' id='word_1_382' title='bbox 1262 3665 1388 3731; x_wconf 78' lang='lat' dir='ltr'><strong>omnium</strong></span> <span class='ocrx_word' id='word_1_383' title='bbox 1408 3669 1446 3714; x_wconf 58' lang='grc' dir='ltr'><strong>ν’</strong></span> 
     </span>
     <span class='ocr_line' id='line_1_39' title="bbox 143 3752 1459 3843; baseline -0.006 -19"><span class='ocrx_word' id='word_1_384' title='bbox 143 3763 241 3825; x_wconf 88' lang='lat' dir='ltr'><strong>munis</strong></span> <span class='ocrx_word' id='word_1_385' title='bbox 272 3763 397 3825; x_wconf 80' lang='lat' dir='ltr'><strong>effectus</strong></span> <span class='ocrx_word' id='word_1_386' title='bbox 431 3771 479 3824; x_wconf 90' lang='lat' dir='ltr'><strong>est</strong></span> <span class='ocrx_word' id='word_1_387' title='bbox 508 3771 575 3825; x_wconf 88' lang='lat' dir='ltr'><strong>tota</strong></span> <span class='ocrx_word' id='word_1_388' title='bbox 600 3764 722 3825; x_wconf 90' lang='lat' dir='ltr'><strong>libratio</strong></span> <span class='ocrx_word' id='word_1_389' title='bbox 754 3771 889 3843; x_wconf 88' lang='lat' dir='ltr'><strong>peracta.</strong></span> <span class='ocrx_word' id='word_1_390' title='bbox 936 3760 1031 3841; x_wconf 90' lang='lat' dir='ltr'><strong>Atqui</strong></span> <span class='ocrx_word' id='word_1_391' title='bbox 1055 3776 1171 3820; x_wconf 89' lang='lat' dir='ltr'><strong>summa</strong></span> <span class='ocrx_word' id='word_1_392' title='bbox 1193 3755 1313 3817; x_wconf 89' lang='lat' dir='ltr'><strong>sinuum</strong></span> <span class='ocrx_word' id='word_1_393' title='bbox 1335 3752 1378 3817; x_wconf 84' lang='lat' dir='ltr'><strong>IG</strong></span> <span class='ocrx_word' id='word_1_394' title='bbox 1402 3796 1405 3802; x_wconf 85' lang='lat'><strong>·</strong></span> <span class='ocrx_word' id='word_1_395' title='bbox 1458 3785 1459 3790; x_wconf 48' lang='lat'><strong>.</strong></span> 
     </span>
     <span class='ocr_line' id='line_1_40' title="bbox 144 3843 1464 3932; baseline -0.008 -17"><span class='ocrx_word' id='word_1_396' title='bbox 144 3852 224 3927; x_wconf 90' lang='lat' dir='ltr'><strong>(sint</strong></span> <span class='ocrx_word' id='word_1_397' title='bbox 246 3852 323 3914; x_wconf 92' lang='lat' dir='ltr'><strong>enim</strong></span> <span class='ocrx_word' id='word_1_398' title='bbox 342 3853 407 3932; x_wconf 88' lang='lat' dir='ltr'><strong>jam</strong></span> <span class='ocrx_word' id='word_1_399' title='bbox 428 3853 571 3932; x_wconf 87' lang='lat' dir='ltr'><strong>aequales</strong></span> <span class='ocrx_word' id='word_1_400' title='bbox 594 3851 637 3915; x_wconf 84' lang='lat'><strong>10</strong></span> <span class='ocrx_word' id='word_1_401' title='bbox 661 3861 694 3913; x_wconf 86' lang='lat' dir='ltr'><strong>et</strong></span> <span class='ocrx_word' id='word_1_402' title='bbox 717 3850 762 3913; x_wconf 91' lang='lat' dir='ltr'><strong>lG</strong></span> <span class='ocrx_word' id='word_1_403' title='bbox 786 3849 969 3926; x_wconf 88' lang='lat' dir='ltr'><strong>anomaliae,</strong></span> <span class='ocrx_word' id='word_1_404' title='bbox 1000 3848 1078 3910; x_wconf 88' lang='lat' dir='ltr'><strong>alias</strong></span> <span class='ocrx_word' id='word_1_405' title='bbox 1102 3847 1251 3912; x_wconf 85' lang='lat' dir='ltr'><strong>diversae,</strong></span> <span class='ocrx_word' id='word_1_406' title='bbox 1277 3843 1317 3909; x_wconf 90' lang='lat' dir='ltr'><strong>ad</strong></span> <span class='ocrx_word' id='word_1_407' title='bbox 1339 3862 1407 3904; x_wconf 39' lang='lat' dir='ltr'><strong>urs·</strong></span> <span class='ocrx_word' id='word_1_408' title='bbox 1460 3875 1464 3884; x_wconf 48' lang='grc' dir='ltr'><em>ν</em></span> 
     </span>
     <span class='ocr_line' id='line_1_41' title="bbox 143 3934 1421 4020; baseline -0.009 -17"><span class='ocrx_word' id='word_1_409' title='bbox 143 3941 363 4016; x_wconf 86' lang='lat' dir='ltr'><strong>confusionem)</strong></span> <span class='ocrx_word' id='word_1_410' title='bbox 390 3941 430 4003; x_wconf 87' lang='lat' dir='ltr'><strong>ad</strong></span> <span class='ocrx_word' id='word_1_411' title='bbox 459 3960 604 4003; x_wconf 91' lang='lat' dir='ltr'><strong>summam</strong></span> <span class='ocrx_word' id='word_1_412' title='bbox 632 3942 748 4003; x_wconf 90' lang='lat' dir='ltr'><strong>sinuum</strong></span> <span class='ocrx_word' id='word_1_413' title='bbox 777 3939 953 4020; x_wconf 89' lang='lat' dir='ltr'><strong>quadrantis</strong></span> <span class='ocrx_word' id='word_1_414' title='bbox 988 3947 1036 3999; x_wconf 90' lang='lat' dir='ltr'><strong>est</strong></span> <span class='ocrx_word' id='word_1_415' title='bbox 1069 3936 1130 3999; x_wconf 86' lang='lat' dir='ltr'><strong>fere</strong></span> <span class='ocrx_word' id='word_1_416' title='bbox 1155 3940 1188 3996; x_wconf 89' lang='lat' dir='ltr'><strong>ut</strong></span> <span class='ocrx_word' id='word_1_417' title='bbox 1209 3934 1256 3995; x_wconf 91' lang='lat' dir='ltr'><strong>IH</strong></span> <span class='ocrx_word' id='word_1_418' title='bbox 1278 3950 1382 3994; x_wconf 89' lang='lat' dir='ltr'><strong>versus</strong></span> <span class='ocrx_word' id='word_1_419' title='bbox 1406 3954 1421 3980; x_wconf 55' lang='grc' dir='ltr'>ι</span> 
     </span>
     <span class='ocr_line' id='line_1_42' title="bbox 141 4019 1461 4109; baseline -0.011 -16"><span class='ocrx_word' id='word_1_420' title='bbox 141 4031 224 4093; x_wconf 82' lang='lat' dir='ltr'><strong>illius</strong></span> <span class='ocrx_word' id='word_1_421' title='bbox 255 4050 344 4093; x_wconf 86' lang='lat' dir='ltr'><strong>arcus</strong></span> <span class='ocrx_word' id='word_1_422' title='bbox 373 4030 419 4094; x_wconf 87' lang='lat' dir='ltr'><strong>IG</strong></span> <span class='ocrx_word' id='word_1_423' title='bbox 454 4032 493 4093; x_wconf 90' lang='lat' dir='ltr'><strong>ad</strong></span> <span class='ocrx_word' id='word_1_424' title='bbox 516 4032 558 4094; x_wconf 82' lang='grc' dir='ltr'><strong>[Β</strong></span> <span class='ocrx_word' id='word_1_425' title='bbox 589 4050 709 4092; x_wconf 89' lang='lat' dir='ltr'><strong>versum</strong></span> <span class='ocrx_word' id='word_1_426' title='bbox 741 4030 839 4092; x_wconf 90' lang='lat' dir='ltr'><strong>sinum</strong></span> <span class='ocrx_word' id='word_1_427' title='bbox 872 4027 1057 4109; x_wconf 87' lang='lat' dir='ltr'><strong>quadrantis.</strong></span> <span class='ocrx_word' id='word_1_428' title='bbox 1113 4023 1184 4085; x_wconf 88' lang='lat' dir='ltr'><strong>Dixi</strong></span> <span class='ocrx_word' id='word_1_429' title='bbox 1219 4021 1311 4084; x_wconf 86' lang='lat' dir='ltr'><strong>fere.</strong></span> <span class='ocrx_word' id='word_1_430' title='bbox 1355 4019 1423 4084; x_wconf 79' lang='lat' dir='ltr'><strong>Nau</strong></span> <span class='ocrx_word' id='word_1_431' title='bbox 1460 4049 1461 4068; x_wconf 55' lang='grc' dir='ltr'>ι</span> 
     </span>
     <span class='ocr_line' id='line_1_43' title="bbox 141 4101 1418 4203; baseline -0.011 -18"><span class='ocrx_word' id='word_1_432' title='bbox 141 4121 307 4203; x_wconf 89' lang='lat' dir='ltr'><strong>principio,</strong></span> <span class='ocrx_word' id='word_1_433' title='bbox 340 4138 407 4182; x_wconf 93' lang='lat' dir='ltr'><strong>cum</strong></span> <span class='ocrx_word' id='word_1_434' title='bbox 440 4120 524 4182; x_wconf 90' lang='lat' dir='ltr'><strong>sinus</strong></span> <span class='ocrx_word' id='word_1_435' title='bbox 555 4139 661 4183; x_wconf 86' lang='lat' dir='ltr'><strong>versus</strong></span> <span class='ocrx_word' id='word_1_436' title='bbox 694 4128 725 4180; x_wconf 89' lang='lat' dir='ltr'><strong>et</strong></span> <span class='ocrx_word' id='word_1_437' title='bbox 754 4139 865 4200; x_wconf 88' lang='lat' dir='ltr'><strong>parvus</strong></span> <span class='ocrx_word' id='word_1_438' title='bbox 896 4125 944 4179; x_wconf 90' lang='lat' dir='ltr'><strong>est</strong></span> <span class='ocrx_word' id='word_1_439' title='bbox 984 4124 1017 4177; x_wconf 90' lang='lat' dir='ltr'><strong>et</strong></span> <span class='ocrx_word' id='word_1_440' title='bbox 1047 4133 1142 4196; x_wconf 84' lang='lat' dir='ltr'><strong>parva</strong></span> <span class='ocrx_word' id='word_1_441' title='bbox 1174 4110 1268 4173; x_wconf 87' lang='lat' dir='ltr'><strong>habet</strong></span> <span class='ocrx_word' id='word_1_442' title='bbox 1298 4101 1418 4173; x_wconf 86' lang='lat' dir='ltr'><strong>increm</strong></span> 
     </span>
     <span class='ocr_line' id='line_1_44' title="bbox 143 4196 1467 4292; baseline -0.007 -21"><span class='ocrx_word' id='word_1_443' title='bbox 143 4210 266 4273; x_wconf 90' lang='lat' dir='ltr'><strong>dimidio</strong></span> <span class='ocrx_word' id='word_1_444' title='bbox 295 4209 393 4272; x_wconf 90' lang='lat' dir='ltr'><strong>minus</strong></span> <span class='ocrx_word' id='word_1_445' title='bbox 423 4209 562 4284; x_wconf 85' lang='lat' dir='ltr'><strong>exhibet,</strong></span> <span class='ocrx_word' id='word_1_446' title='bbox 593 4229 682 4292; x_wconf 91' lang='lat' dir='ltr'><strong>qnam</strong></span> <span class='ocrx_word' id='word_1_447' title='bbox 713 4228 829 4270; x_wconf 89' lang='lat' dir='ltr'><strong>summa</strong></span> <span class='ocrx_word' id='word_1_448' title='bbox 860 4207 986 4268; x_wconf 87' lang='lat' dir='ltr'><strong>sinuum.</strong></span> <span class='ocrx_word' id='word_1_449' title='bbox 1032 4205 1122 4266; x_wconf 83' lang='lat' dir='ltr'><strong>Ecce.</strong></span> <span class='ocrx_word' id='word_1_450' title='bbox 1177 4198 1297 4282; x_wconf 62' lang='lat' dir='ltr'><strong>duplat</strong></span> <span class='ocrx_word' id='word_1_451' title='bbox 1327 4196 1408 4282; x_wconf 83' lang='lat' dir='ltr'><strong>quod</strong></span> <span class='ocrx_word' id='word_1_452' title='bbox 1463 4210 1467 4237; x_wconf 85' lang='lat'>¹</span> 
     </span>
     <span class='ocr_line' id='line_1_45' title="bbox 139 4287 1348 4381; baseline -0.01 -18"><span class='ocrx_word' id='word_1_453' title='bbox 139 4308 249 4381; x_wconf 83' lang='lat' dir='ltr'><strong>partes</strong></span> <span class='ocrx_word' id='word_1_454' title='bbox 272 4296 341 4363; x_wconf 85' lang='lat'><strong>90⁰.</strong></span> <span class='ocrx_word' id='word_1_455' title='bbox 389 4298 522 4361; x_wconf 78' lang='lat' dir='ltr'><strong>Sammo</strong></span> <span class='ocrx_word' id='word_1_456' title='bbox 544 4294 587 4362; x_wconf 91' lang='grc'><strong>90</strong></span> <span class='ocrx_word' id='word_1_457' title='bbox 614 4301 741 4362; x_wconf 61' lang='lat' dir='ltr'><strong>dacum</strong></span> <span class='ocrx_word' id='word_1_458' title='bbox 767 4307 813 4361; x_wconf 84' lang='lat' dir='ltr'><strong>est</strong></span> <span class='ocrx_word' id='word_1_459' title='bbox 835 4291 999 4359; x_wconf 82' lang='grc'><strong>5789431.</strong></span> <span class='ocrx_word' id='word_1_460' title='bbox 1046 4294 1124 4356; x_wconf 85' lang='lat' dir='ltr'><strong>Jam</strong></span> <span class='ocrx_word' id='word_1_461' title='bbox 1155 4287 1234 4353; x_wconf 80' lang='lat' dir='ltr'><strong>olim</strong></span> <span class='ocrx_word' id='word_1_462' title='bbox 1262 4290 1348 4353; x_wconf 70' lang='grc' dir='ltr'>οιιίιιι</span> 
     </span>
     <span class='ocr_line' id='line_1_46' title="bbox 143 4378 1466 4461; baseline -0.005 -10"><span class='ocrx_word' id='word_1_463' title='bbox 143 4408 248 4451; x_wconf 78' lang='lat' dir='ltr'><strong>manea</strong></span> <span class='ocrx_word' id='word_1_464' title='bbox 276 4388 398 4451; x_wconf 80' lang='lat' dir='ltr'><strong>ordine.</strong></span> <span class='ocrx_word' id='word_1_465' title='bbox 439 4387 578 4451; x_wconf 57' lang='lat' dir='ltr'><strong>&gt;Sammo</strong></span> <span class='ocrx_word' id='word_1_466' title='bbox 607 4390 735 4452; x_wconf 66' lang='lat' dir='ltr'><strong>murrum</strong></span> <span class='ocrx_word' id='word_1_467' title='bbox 764 4390 800 4450; x_wconf 81' lang='lat' dir='ltr'><strong>ia</strong></span> <span class='ocrx_word' id='word_1_468' title='bbox 832 4406 911 4449; x_wconf 82' lang='lat' dir='ltr'><strong>orca</strong></span> <span class='ocrx_word' id='word_1_469' title='bbox 937 4381 981 4458; x_wconf 84' lang='lat'><strong>1⁰,</strong></span> <span class='ocrx_word' id='word_1_470' title='bbox 1011 4383 1069 4445; x_wconf 79' lang='lat' dir='ltr'><strong>lroc</strong></span> <span class='ocrx_word' id='word_1_471' title='bbox 1098 4389 1144 4445; x_wconf 81' lang='lat' dir='ltr'><strong>ast</strong></span> <span class='ocrx_word' id='word_1_472' title='bbox 1173 4380 1265 4445; x_wconf 72' lang='grc' dir='ltr'>ιίιιιω</span> <span class='ocrx_word' id='word_1_473' title='bbox 1291 4378 1430 4461; x_wconf 68' lang='lat' dir='ltr'><strong>prim</strong></span> <span class='ocrx_word' id='word_1_474' title='bbox 1465 4399 1466 4402; x_wconf 71' lang='grc'>’</span> 
     </span>
     <span class='ocr_line' id='line_1_47' title="bbox 145 4467 1440 4552; baseline -0.008 -13"><span class='ocrx_word' id='word_1_475' title='bbox 145 4473 240 4552; x_wconf 69' lang='lat' dir='ltr'><strong>tutu,</strong></span> <span class='ocrx_word' id='word_1_476' title='bbox 264 4485 294 4541; x_wconf 87' lang='lat' dir='ltr'><strong>et</strong></span> <span class='ocrx_word' id='word_1_477' title='bbox 313 4484 350 4540; x_wconf 83' lang='lat' dir='ltr'><strong>ut</strong></span> <span class='ocrx_word' id='word_1_478' title='bbox 370 4473 432 4540; x_wconf 78' lang='lat' dir='ltr'><strong>illa</strong></span> <span class='ocrx_word' id='word_1_479' title='bbox 452 4483 576 4540; x_wconf 70' lang='lat' dir='ltr'><strong>summ</strong></span> <span class='ocrx_word' id='word_1_480' title='bbox 591 4478 636 4540; x_wconf 87' lang='lat' dir='ltr'><strong>cd</strong></span> <span class='ocrx_word' id='word_1_481' title='bbox 653 4479 744 4548; x_wconf 80' lang='lat' dir='ltr'><strong>duae,</strong></span> <span class='ocrx_word' id='word_1_482' title='bbox 767 4477 814 4539; x_wconf 79' lang='lat' dir='ltr'><strong>cic</strong></span> <span class='ocrx_word' id='word_1_483' title='bbox 836 4470 965 4538; x_wconf 92' lang='grc'><strong>100000</strong></span> <span class='ocrx_word' id='word_1_484' title='bbox 982 4472 1028 4534; x_wconf 82' lang='lat' dir='ltr'><strong>ud</strong></span> <span class='ocrx_word' id='word_1_485' title='bbox 1043 4469 1096 4535; x_wconf 86' lang='lat'><strong>30.</strong></span> <span class='ocrx_word' id='word_1_486' title='bbox 1135 4467 1257 4532; x_wconf 74' lang='lat' dir='ltr'><strong>donoc</strong></span> <span class='ocrx_word' id='word_1_487' title='bbox 1275 4468 1368 4533; x_wconf 70' lang='grc' dir='ltr'>εἰηιω</span> <span class='ocrx_word' id='word_1_488' title='bbox 1439 4523 1440 4528; x_wconf 73' lang='grc'>,</span> 
     </span>
     <span class='ocr_line' id='line_1_48' title="bbox 142 4542 1434 4649; baseline -0.005 -21"><span class='ocrx_word' id='word_1_489' title='bbox 142 4566 332 4649; x_wconf 74' lang='lat' dir='ltr'><strong>qeaadruutis</strong></span> <span class='ocrx_word' id='word_1_490' title='bbox 353 4573 400 4628; x_wconf 82' lang='lat' dir='ltr'><strong>est</strong></span> <span class='ocrx_word' id='word_1_491' title='bbox 426 4542 565 4640; x_wconf 85' lang='grc'><strong>100000,</strong></span> <span class='ocrx_word' id='word_1_492' title='bbox 587 4568 677 4631; x_wconf 74' lang='lat' dir='ltr'><strong>ciuus</strong></span> <span class='ocrx_word' id='word_1_493' title='bbox 697 4585 806 4629; x_wconf 73' lang='lat' dir='ltr'><strong>oerum</strong></span> <span class='ocrx_word' id='word_1_494' title='bbox 831 4560 927 4627; x_wconf 85' lang='lat' dir='ltr'><strong>l⁰eat</strong></span> <span class='ocrx_word' id='word_1_495' title='bbox 945 4558 994 4636; x_wconf 88' lang='lat'><strong>15,</strong></span> <span class='ocrx_word' id='word_1_496' title='bbox 1018 4561 1102 4643; x_wconf 82' lang='lat' dir='ltr'><strong>qaod</strong></span> <span class='ocrx_word' id='word_1_497' title='bbox 1124 4567 1170 4622; x_wconf 83' lang='lat' dir='ltr'><strong>est</strong></span> <span class='ocrx_word' id='word_1_498' title='bbox 1192 4555 1434 4623; x_wconf 66' lang='lat' dir='ltr'><strong>dimidiando</strong></span> 
     </span>
     <span class='ocr_line' id='line_1_49' title="bbox 230 4647 1452 4737; baseline -0.007 -21"><span class='ocrx_word' id='word_1_499' title='bbox 230 4656 296 4716; x_wconf 85' lang='lat' dir='ltr'><strong>Hoc</strong></span> <span class='ocrx_word' id='word_1_500' title='bbox 320 4652 529 4734; x_wconf 74' lang='grc' dir='ltr'>ἀγιωμιτρηιῳ</span> <span class='ocrx_word' id='word_1_501' title='bbox 552 4663 584 4717; x_wconf 90' lang='lat' dir='ltr'><strong>et</strong></span> <span class='ocrx_word' id='word_1_502' title='bbox 605 4655 744 4737; x_wconf 89' lang='lat' dir='ltr'><strong>peccanti</strong></span> <span class='ocrx_word' id='word_1_503' title='bbox 771 4653 917 4732; x_wconf 90' lang='lat' dir='ltr'><strong>principio</strong></span> <span class='ocrx_word' id='word_1_504' title='bbox 948 4652 1044 4713; x_wconf 90' lang='lat' dir='ltr'><strong>lector</strong></span> <span class='ocrx_word' id='word_1_505' title='bbox 1066 4648 1140 4712; x_wconf 89' lang='lat' dir='ltr'><strong>nihil</strong></span> <span class='ocrx_word' id='word_1_506' title='bbox 1163 4647 1367 4711; x_wconf 72' lang='lat' dir='ltr'><strong>damnosam.</strong></span> <span class='ocrx_word' id='word_1_507' title='bbox 1451 4705 1452 4708; x_wconf 74' lang='grc'>,</span> 
     </span>
     <span class='ocr_line' id='line_1_50' title="bbox 142 4734 1424 4827; baseline -0.006 -20"><span class='ocrx_word' id='word_1_508' title='bbox 142 4743 316 4827; x_wconf 89' lang='lat' dir='ltr'><strong>priusquam</strong></span> <span class='ocrx_word' id='word_1_509' title='bbox 340 4744 492 4806; x_wconf 88' lang='lat' dir='ltr'><strong>sensibilis</strong></span> <span class='ocrx_word' id='word_1_510' title='bbox 516 4745 549 4805; x_wconf 90' lang='lat' dir='ltr'><strong>lit</strong></span> <span class='ocrx_word' id='word_1_511' title='bbox 569 4744 667 4822; x_wconf 89' lang='lat' dir='ltr'><strong>portio</strong></span> <span class='ocrx_word' id='word_1_512' title='bbox 691 4740 869 4816; x_wconf 89' lang='lat' dir='ltr'><strong>librationis,</strong></span> <span class='ocrx_word' id='word_1_513' title='bbox 888 4741 955 4821; x_wconf 90' lang='lat' dir='ltr'><strong>jam</strong></span> <span class='ocrx_word' id='word_1_514' title='bbox 977 4736 1147 4801; x_wconf 88' lang='lat' dir='ltr'><strong>insensibili</strong></span> <span class='ocrx_word' id='word_1_515' title='bbox 1170 4734 1318 4799; x_wconf 81' lang='lat' dir='ltr'><strong>differunt</strong></span> <span class='ocrx_word' id='word_1_516' title='bbox 1339 4755 1376 4799; x_wconf 71' lang='grc' dir='ltr'><strong>η·</strong></span> <span class='ocrx_word' id='word_1_517' title='bbox 1406 4762 1424 4783; x_wconf 55' lang='grc' dir='ltr'>ν</span> 
     </span>
     <span class='ocr_line' id='line_1_51' title="bbox 142 4817 1442 4912; baseline -0.004 -14"><span class='ocrx_word' id='word_1_518' title='bbox 142 4829 222 4898; x_wconf 86' lang='lat' dir='ltr'><strong>modi</strong></span> <span class='ocrx_word' id='word_1_519' title='bbox 239 4830 380 4897; x_wconf 76' lang='lat' dir='ltr'><strong>effectus.</strong></span> <span class='ocrx_word' id='word_1_520' title='bbox 421 4831 508 4896; x_wconf 84' lang='lat' dir='ltr'><strong>Nam</strong></span> <span class='ocrx_word' id='word_1_521' title='bbox 530 4852 654 4898; x_wconf 77' lang='lat' dir='ltr'><strong>summo</strong></span> <span class='ocrx_word' id='word_1_522' title='bbox 675 4833 804 4898; x_wconf 76' lang='grc' dir='ltr'>ιιιιιιιηιι</span> <span class='ocrx_word' id='word_1_523' title='bbox 825 4829 879 4907; x_wconf 83' lang='grc'><strong>15,</strong></span> <span class='ocrx_word' id='word_1_524' title='bbox 902 4835 1048 4912; x_wconf 74' lang='lat' dir='ltr'><strong>quaeest</strong></span> <span class='ocrx_word' id='word_1_525' title='bbox 1066 4817 1208 4901; x_wconf 78' lang='grc'><strong>208106,</strong></span> <span class='ocrx_word' id='word_1_526' title='bbox 1232 4821 1375 4899; x_wconf 63' lang='lat' dir='ltr'><strong>mauu</strong></span> <span class='ocrx_word' id='word_1_527' title='bbox 1433 4830 1442 4864; x_wconf 59' lang='lat'><em>²</em></span> 
     </span>
    </p>
   </div>
   <div class='ocr_carea' id='block_1_7' title="bbox 0 0 1644 5550">
    <p class='ocr_par' dir='ltr' id='par_1_13' title="bbox 0 0 1644 5550">
     <span class='ocr_line' id='line_1_52' title="bbox 0 0 1644 5550; baseline 0 0"><span class='ocrx_word' id='word_1_528' title='bbox 0 0 1644 5550; x_wconf 95' lang='lat' dir='ltr'><strong> </strong></span> 
     </span>
    </p>
   </div>
  </div>
 </body>
</html>
