<?xml version="1.0" encoding="UTF-8"?>
<!DOCTYPE html PUBLIC "-//W3C//DTD XHTML 1.0 Transitional//EN"
    "http://www.w3.org/TR/xhtml1/DTD/xhtml1-transitional.dtd">
<html xmlns="http://www.w3.org/1999/xhtml" xml:lang="en" lang="en">
 <head>
  <title>
</title>
<meta http-equiv="Content-Type" content="text/html;charset=utf-8" />
  <meta name='ocr-system' content='tesseract 3.04.00' />
  <meta name='ocr-capabilities' content='ocr_page ocr_carea ocr_par ocr_line ocrx_word'/>
</head>
<body>
  <div class='ocr_page' id='page_1' title='image "./joanniskepleria12frisgoog/joanniskepleria12frisgoog_0109.png"; bbox 0 0 3278 5550; ppageno 0'>
   <div class='ocr_carea' id='block_1_1' title="bbox 142 296 1074 371">
    <p class='ocr_par' dir='ltr' id='par_1_1' title="bbox 142 296 1074 371">
     <span class='ocr_line' id='line_1_1' title="bbox 142 296 1074 371; baseline -0.012 -15"><span class='ocrx_word' id='word_1_1' title='bbox 142 299 206 371; x_wconf 87' lang='lat'>100</span> <span class='ocrx_word' id='word_1_2' title='bbox 560 299 661 351; x_wconf 79' lang='lat' dir='ltr'>Literae</span> <span class='ocrx_word' id='word_1_3' title='bbox 679 296 781 365; x_wconf 83' lang='lat' dir='ltr'>Raptori</span> <span class='ocrx_word' id='word_1_4' title='bbox 803 296 955 363; x_wconf 79' lang='lat' dir='ltr'>aliorumque</span> <span class='ocrx_word' id='word_1_5' title='bbox 972 298 1074 346; x_wconf 79' lang='lat' dir='ltr'>mutuas</span> 
     </span>
    </p>
   </div>
   <div class='ocr_carea' id='block_1_2' title="bbox 140 468 1471 563">
    <p class='ocr_par' dir='ltr' id='par_1_2' title="bbox 140 468 1471 563">
     <span class='ocr_line' id='line_1_2' title="bbox 140 468 1471 563; baseline -0.011 -18"><span class='ocrx_word' id='word_1_6' title='bbox 140 483 276 563; x_wconf 85' lang='lat' dir='ltr'>aequalis</span> <span class='ocrx_word' id='word_1_7' title='bbox 301 487 400 543; x_wconf 89' lang='lat' dir='ltr'>motus</span> <span class='ocrx_word' id='word_1_8' title='bbox 424 477 559 550; x_wconf 90' lang='lat' dir='ltr'>invicem,</span> <span class='ocrx_word' id='word_1_9' title='bbox 584 477 631 558; x_wconf 93' lang='lat' dir='ltr'>qui</span> <span class='ocrx_word' id='word_1_10' title='bbox 655 478 686 538; x_wconf 90' lang='lat' dir='ltr'>in</span> <span class='ocrx_word' id='word_1_11' title='bbox 709 495 742 538; x_wconf 89' lang='lat' dir='ltr'>se</span> <span class='ocrx_word' id='word_1_12' title='bbox 763 483 811 537; x_wconf 87' lang='lat' dir='ltr'>est</span> <span class='ocrx_word' id='word_1_13' title='bbox 833 473 1009 555; x_wconf 89' lang='lat' dir='ltr'>inaequalis.</span> <span class='ocrx_word' id='word_1_14' title='bbox 1047 474 1129 535; x_wconf 91' lang='lat' dir='ltr'>Tunc</span> <span class='ocrx_word' id='word_1_15' title='bbox 1150 472 1257 553; x_wconf 90' lang='lat' dir='ltr'>juncta</span> <span class='ocrx_word' id='word_1_16' title='bbox 1276 473 1311 546; x_wconf 89' lang='lat' dir='ltr'>F,</span> <span class='ocrx_word' id='word_1_17' title='bbox 1331 470 1363 536; x_wconf 81' lang='lat' dir='ltr'>A</span> <span class='ocrx_word' id='word_1_18' title='bbox 1387 468 1471 532; x_wconf 88' lang='lat' dir='ltr'>linea</span> 
     </span>
    </p>
   </div>
   <div class='ocr_carea' id='block_1_3' title="bbox 141 560 1471 4931">
    <p class='ocr_par' dir='ltr' id='par_1_3' title="bbox 141 560 1471 737">
     <span class='ocr_line' id='line_1_3' title="bbox 144 560 1471 647; baseline -0.01 -13"><span class='ocrx_word' id='word_1_19' title='bbox 144 572 259 634; x_wconf 89' lang='lat' dir='ltr'>faciunt</span> <span class='ocrx_word' id='word_1_20' title='bbox 283 579 344 632; x_wconf 91' lang='lat' dir='ltr'>tam</span> <span class='ocrx_word' id='word_1_21' title='bbox 369 569 499 647; x_wconf 86' lang='lat' dir='ltr'>longam,</span> <span class='ocrx_word' id='word_1_22' title='bbox 524 586 613 646; x_wconf 89' lang='lat' dir='ltr'>quam</span> <span class='ocrx_word' id='word_1_23' title='bbox 637 565 663 628; x_wconf 91' lang='lat' dir='ltr'>si</span> <span class='ocrx_word' id='word_1_24' title='bbox 687 586 724 628; x_wconf 90' lang='lat' dir='ltr'>ex</span> <span class='ocrx_word' id='word_1_25' title='bbox 748 563 773 629; x_wconf 87' lang='lat' dir='ltr'>C</span> <span class='ocrx_word' id='word_1_26' title='bbox 799 562 983 626; x_wconf 81' lang='lat' dir='ltr'>eccentricus</span> <span class='ocrx_word' id='word_1_27' title='bbox 1011 563 1164 647; x_wconf 88' lang='lat' dir='ltr'>perfectus</span> <span class='ocrx_word' id='word_1_28' title='bbox 1193 561 1383 624; x_wconf 79' lang='lat' dir='ltr'><strong>describatur</strong></span> <span class='ocrx_word' id='word_1_29' title='bbox 1414 560 1471 623; x_wconf 88' lang='lat' dir='ltr'>rad</span> 
     </span>
     <span class='ocr_line' id='line_1_4' title="bbox 141 658 612 737; baseline -0.015 -13"><span class='ocrx_word' id='word_1_30' title='bbox 141 661 209 737; x_wconf 88' lang='grc' dir='ltr'>ΛΕ,</span> <span class='ocrx_word' id='word_1_31' title='bbox 234 658 377 722; x_wconf 79' lang='lat' dir='ltr'>transibit</span> <span class='ocrx_word' id='word_1_32' title='bbox 401 658 479 718; x_wconf 90' lang='lat' dir='ltr'>enirn</span> <span class='ocrx_word' id='word_1_33' title='bbox 502 675 555 736; x_wconf 94' lang='lat' dir='ltr'>per</span> <span class='ocrx_word' id='word_1_34' title='bbox 577 660 612 719; x_wconf 92' lang='lat' dir='ltr'>F.</span> 
     </span>
    </p>

    <p class='ocr_par' dir='ltr' id='par_1_4' title="bbox 141 736 1471 3137">
     <span class='ocr_line' id='line_1_5' title="bbox 228 736 1471 828; baseline -0.011 -17"><span class='ocrx_word' id='word_1_35' title='bbox 228 751 329 828; x_wconf 82' lang='lat' dir='ltr'><strong>Atque</strong></span> <span class='ocrx_word' id='word_1_36' title='bbox 353 748 427 808; x_wconf 87' lang='lat' dir='ltr'>haec</span> <span class='ocrx_word' id='word_1_37' title='bbox 451 745 627 828; x_wconf 83' lang='lat' dir='ltr'>hypothesis</span> <span class='ocrx_word' id='word_1_38' title='bbox 652 745 731 805; x_wconf 90' lang='lat' dir='ltr'>falsa</span> <span class='ocrx_word' id='word_1_39' title='bbox 754 750 812 813; x_wconf 90' lang='lat' dir='ltr'>est,</span> <span class='ocrx_word' id='word_1_40' title='bbox 836 740 913 822; x_wconf 92' lang='lat' dir='ltr'>qnod</span> <span class='ocrx_word' id='word_1_41' title='bbox 938 759 1015 802; x_wconf 91' lang='lat' dir='ltr'>anno</span> <span class='ocrx_word' id='word_1_42' title='bbox 1038 736 1134 803; x_wconf 86' lang='grc'><strong>1602.</strong></span> <span class='ocrx_word' id='word_1_43' title='bbox 1159 739 1277 801; x_wconf 85' lang='lat' dir='ltr'><strong>rescivi.</strong></span> <span class='ocrx_word' id='word_1_44' title='bbox 1315 736 1370 802; x_wconf 88' lang='lat' dir='ltr'>Sin</span> <span class='ocrx_word' id='word_1_45' title='bbox 1398 744 1471 798; x_wconf 84' lang='lat' dir='ltr'>aute</span> 
     </span>
     <span class='ocr_line' id='line_1_6' title="bbox 141 827 1471 916; baseline -0.011 -15"><span class='ocrx_word' id='word_1_46' title='bbox 141 846 281 901; x_wconf 87' lang='lat' dir='ltr'>manente</span> <span class='ocrx_word' id='word_1_47' title='bbox 298 835 443 916; x_wconf 85' lang='lat' dir='ltr'>Cpnncto</span> <span class='ocrx_word' id='word_1_48' title='bbox 458 834 652 915; x_wconf 81' lang='lat' dir='ltr'>aequalitatis</span> <span class='ocrx_word' id='word_1_49' title='bbox 667 832 760 913; x_wconf 88' lang='lat' dir='ltr'>ipsius</span> <span class='ocrx_word' id='word_1_50' title='bbox 776 831 894 893; x_wconf 89' lang='lat' dir='ltr'>Dlinea</span> <span class='ocrx_word' id='word_1_51' title='bbox 909 827 996 891; x_wconf 89' lang='lat' dir='ltr'>ADO</span> <span class='ocrx_word' id='word_1_52' title='bbox 1011 830 1096 890; x_wconf 82' lang='lat' dir='ltr'>fieret</span> <span class='ocrx_word' id='word_1_53' title='bbox 1111 831 1191 891; x_wconf 87' lang='lat' dir='ltr'>linea</span> <span class='ocrx_word' id='word_1_54' title='bbox 1205 830 1344 909; x_wconf 88' lang='lat' dir='ltr'>apsidum</span> <span class='ocrx_word' id='word_1_55' title='bbox 1359 845 1471 889; x_wconf 88' lang='lat' dir='ltr'>verarn</span> 
     </span>
     <span class='ocr_line' id='line_1_7' title="bbox 142 916 1471 1011; baseline -0.009 -23"><span class='ocrx_word' id='word_1_56' title='bbox 142 926 267 1011; x_wconf 82' lang='lat' dir='ltr'>epicycli</span> <span class='ocrx_word' id='word_1_57' title='bbox 291 934 323 987; x_wconf 93' lang='lat' dir='ltr'>et</span> <span class='ocrx_word' id='word_1_58' title='bbox 346 923 372 986; x_wconf 94' lang='lat' dir='ltr'>O</span> <span class='ocrx_word' id='word_1_59' title='bbox 396 943 469 986; x_wconf 87' lang='lat' dir='ltr'>vera</span> <span class='ocrx_word' id='word_1_60' title='bbox 493 923 575 1003; x_wconf 83' lang='lat' dir='ltr'>apsis</span> <span class='ocrx_word' id='word_1_61' title='bbox 599 922 738 1004; x_wconf 91' lang='lat' dir='ltr'>epicycli,</span> <span class='ocrx_word' id='word_1_62' title='bbox 767 921 811 982; x_wconf 91' lang='lat' dir='ltr'>sic</span> <span class='ocrx_word' id='word_1_63' title='bbox 841 926 874 981; x_wconf 91' lang='lat' dir='ltr'>ut</span> <span class='ocrx_word' id='word_1_64' title='bbox 897 918 953 998; x_wconf 91' lang='lat' dir='ltr'>ipsi</span> <span class='ocrx_word' id='word_1_65' title='bbox 978 916 1062 981; x_wconf 84' lang='lat' dir='ltr'>DCD</span> <span class='ocrx_word' id='word_1_66' title='bbox 1087 919 1255 981; x_wconf 82' lang='lat' dir='ltr'>anomaliae</span> <span class='ocrx_word' id='word_1_67' title='bbox 1280 917 1400 981; x_wconf 88' lang='lat' dir='ltr'>mediae</span> <span class='ocrx_word' id='word_1_68' title='bbox 1426 934 1471 977; x_wconf 91' lang='lat' dir='ltr'>cor</span> 
     </span>
     <span class='ocr_line' id='line_1_8' title="bbox 141 1005 1471 1093; baseline -0.011 -14"><span class='ocrx_word' id='word_1_69' title='bbox 141 1015 317 1079; x_wconf 74' lang='lat' dir='ltr'>stitueretur</span> <span class='ocrx_word' id='word_1_70' title='bbox 340 1014 475 1093; x_wconf 91' lang='lat' dir='ltr'>aequalis</span> <span class='ocrx_word' id='word_1_71' title='bbox 500 1011 593 1086; x_wconf 90' lang='lat' dir='ltr'>ODF,</span> <span class='ocrx_word' id='word_1_72' title='bbox 618 1021 649 1073; x_wconf 90' lang='lat' dir='ltr'>et</span> <span class='ocrx_word' id='word_1_73' title='bbox 671 1011 726 1072; x_wconf 89' lang='lat' dir='ltr'>DF</span> <span class='ocrx_word' id='word_1_74' title='bbox 750 1009 942 1072; x_wconf 86' lang='lat' dir='ltr'>inclinaretur</span> <span class='ocrx_word' id='word_1_75' title='bbox 965 1007 1002 1068; x_wconf 91' lang='lat' dir='ltr'>ad</span> <span class='ocrx_word' id='word_1_76' title='bbox 1026 1006 1098 1081; x_wconf 84' lang='lat' dir='ltr'>Ac,</span> <span class='ocrx_word' id='word_1_77' title='bbox 1128 1007 1207 1086; x_wconf 90' lang='lat' dir='ltr'>quod</span> <span class='ocrx_word' id='word_1_78' title='bbox 1235 1019 1283 1071; x_wconf 87' lang='lat' dir='ltr'>est</span> <span class='ocrx_word' id='word_1_79' title='bbox 1312 1005 1440 1089; x_wconf 89' lang='lat' dir='ltr'>perinde</span> <span class='ocrx_word' id='word_1_80' title='bbox 1462 1025 1471 1065; x_wconf 87' lang='grc' dir='ltr'>ι</span> 
     </span>
     <span class='ocr_line' id='line_1_9' title="bbox 142 1096 1471 1184; baseline -0.008 -18"><span class='ocrx_word' id='word_1_81' title='bbox 142 1104 168 1166; x_wconf 93' lang='lat' dir='ltr'>si</span> <span class='ocrx_word' id='word_1_82' title='bbox 190 1104 298 1177; x_wconf 90' lang='lat' dir='ltr'>dicam,</span> <span class='ocrx_word' id='word_1_83' title='bbox 323 1102 488 1184; x_wconf 88' lang='lat' dir='ltr'>epicyclum</span> <span class='ocrx_word' id='word_1_84' title='bbox 504 1101 679 1180; x_wconf 89' lang='lat' dir='ltr'>aequalibus</span> <span class='ocrx_word' id='word_1_85' title='bbox 694 1099 878 1178; x_wconf 86' lang='lat' dir='ltr'>temporibus</span> <span class='ocrx_word' id='word_1_86' title='bbox 902 1096 1014 1158; x_wconf 84' lang='lat' dir='ltr'>moveri</span> <span class='ocrx_word' id='word_1_87' title='bbox 1038 1096 1205 1176; x_wconf 88' lang='lat' dir='ltr'>aequaliter</span> <span class='ocrx_word' id='word_1_88' title='bbox 1218 1098 1299 1160; x_wconf 90' lang='lat' dir='ltr'>circa</span> <span class='ocrx_word' id='word_1_89' title='bbox 1313 1115 1400 1158; x_wconf 90' lang='lat' dir='ltr'>suurn</span> <span class='ocrx_word' id='word_1_90' title='bbox 1425 1113 1471 1157; x_wconf 89' lang='lat' dir='ltr'>eeu</span> 
     </span>
     <span class='ocr_line' id='line_1_10' title="bbox 142 1185 1471 1270; baseline -0.009 -15"><span class='ocrx_word' id='word_1_91' title='bbox 142 1201 237 1256; x_wconf 88' lang='lat' dir='ltr'>trum:</span> <span class='ocrx_word' id='word_1_92' title='bbox 266 1201 338 1254; x_wconf 89' lang='lat' dir='ltr'>tunc</span> <span class='ocrx_word' id='word_1_93' title='bbox 361 1191 436 1252; x_wconf 90' lang='lat' dir='ltr'>haec</span> <span class='ocrx_word' id='word_1_94' title='bbox 460 1198 543 1252; x_wconf 90' lang='lat' dir='ltr'>esset</span> <span class='ocrx_word' id='word_1_95' title='bbox 566 1209 652 1270; x_wconf 89' lang='lat' dir='ltr'>qnam</span> <span class='ocrx_word' id='word_1_96' title='bbox 677 1189 811 1268; x_wconf 86' lang='lat' dir='ltr'>proxima</span> <span class='ocrx_word' id='word_1_97' title='bbox 835 1185 1020 1269; x_wconf 81' lang='lat' dir='ltr'>hypothesis,</span> <span class='ocrx_word' id='word_1_98' title='bbox 1046 1205 1105 1266; x_wconf 89' lang='lat' dir='ltr'>qua</span> <span class='ocrx_word' id='word_1_99' title='bbox 1128 1204 1192 1246; x_wconf 87' lang='lat' dir='ltr'>snm</span> <span class='ocrx_word' id='word_1_100' title='bbox 1217 1205 1287 1247; x_wconf 87' lang='lat' dir='ltr'>usus</span> <span class='ocrx_word' id='word_1_101' title='bbox 1310 1204 1365 1267; x_wconf 87' lang='lat' dir='ltr'>per</span> <span class='ocrx_word' id='word_1_102' title='bbox 1390 1200 1471 1244; x_wconf 82' lang='lat' dir='ltr'>annor</span> 
     </span>
     <span class='ocr_line' id='line_1_11' title="bbox 146 1273 1471 1358; baseline -0.009 -13"><span class='ocrx_word' id='word_1_103' title='bbox 146 1279 231 1345; x_wconf 81' lang='lat'>1603</span> <span class='ocrx_word' id='word_1_104' title='bbox 255 1281 283 1343; x_wconf 93' lang='lat' dir='ltr'>in</span> <span class='ocrx_word' id='word_1_105' title='bbox 301 1302 328 1344; x_wconf 89' lang='lat' dir='ltr'>a.</span> <span class='ocrx_word' id='word_1_106' title='bbox 348 1275 442 1353; x_wconf 88' lang='grc'><strong>1604,</strong></span> <span class='ocrx_word' id='word_1_107' title='bbox 468 1298 556 1358; x_wconf 89' lang='lat' dir='ltr'>quarn</span> <span class='ocrx_word' id='word_1_108' title='bbox 572 1288 603 1340; x_wconf 91' lang='lat' dir='ltr'>et</span> <span class='ocrx_word' id='word_1_109' title='bbox 617 1287 649 1340; x_wconf 92' lang='lat' dir='ltr'>tu</span> <span class='ocrx_word' id='word_1_110' title='bbox 666 1287 761 1339; x_wconf 91' lang='lat' dir='ltr'>tenes.</span> <span class='ocrx_word' id='word_1_111' title='bbox 790 1275 832 1337; x_wconf 88' lang='lat' dir='ltr'>Et</span> <span class='ocrx_word' id='word_1_112' title='bbox 847 1275 972 1337; x_wconf 87' lang='lat' dir='ltr'>haberet</span> <span class='ocrx_word' id='word_1_113' title='bbox 986 1276 1165 1337; x_wconf 86' lang='lat' dir='ltr'>mediocrem</span> <span class='ocrx_word' id='word_1_114' title='bbox 1180 1294 1301 1337; x_wconf 88' lang='lat' dir='ltr'>causam</span> <span class='ocrx_word' id='word_1_115' title='bbox 1319 1273 1471 1337; x_wconf 81' lang='lat' dir='ltr'>naturales</span> 
     </span>
     <span class='ocr_line' id='line_1_12' title="bbox 142 1359 1471 1451; baseline -0.008 -18"><span class='ocrx_word' id='word_1_116' title='bbox 142 1372 187 1434; x_wconf 86' lang='lat' dir='ltr'>At</span> <span class='ocrx_word' id='word_1_117' title='bbox 210 1369 400 1451; x_wconf 88' lang='lat' dir='ltr'>deprehendo</span> <span class='ocrx_word' id='word_1_118' title='bbox 425 1388 462 1430; x_wconf 90' lang='lat' dir='ltr'>ex</span> <span class='ocrx_word' id='word_1_119' title='bbox 484 1368 598 1448; x_wconf 87' lang='lat' dir='ltr'>primae</span> <span class='ocrx_word' id='word_1_120' title='bbox 623 1387 757 1439; x_wconf 89' lang='lat' dir='ltr'>excessu,</span> <span class='ocrx_word' id='word_1_121' title='bbox 782 1365 931 1426; x_wconf 89' lang='lat' dir='ltr'>secundae</span> <span class='ocrx_word' id='word_1_122' title='bbox 947 1364 1076 1439; x_wconf 90' lang='lat' dir='ltr'>defectu,</span> <span class='ocrx_word' id='word_1_123' title='bbox 1093 1362 1150 1427; x_wconf 84' lang='lat' dir='ltr'>CA</span> <span class='ocrx_word' id='word_1_124' title='bbox 1165 1359 1252 1428; x_wconf 89' lang='grc'><strong>9264</strong></span> <span class='ocrx_word' id='word_1_125' title='bbox 1270 1385 1338 1426; x_wconf 84' lang='lat' dir='ltr'>esse</span> <span class='ocrx_word' id='word_1_126' title='bbox 1357 1361 1471 1424; x_wconf 87' lang='lat' dir='ltr'>median</span> 
     </span>
     <span class='ocr_line' id='line_1_13' title="bbox 142 1452 1471 1534; baseline -0.008 -13"><span class='ocrx_word' id='word_1_127' title='bbox 142 1461 211 1521; x_wconf 92' lang='lat' dir='ltr'>darn</span> <span class='ocrx_word' id='word_1_128' title='bbox 233 1459 283 1521; x_wconf 86' lang='lat' dir='ltr'>vel</span> <span class='ocrx_word' id='word_1_129' title='bbox 312 1457 504 1519; x_wconf 88' lang='lat' dir='ltr'>bisecandam</span> <span class='ocrx_word' id='word_1_130' title='bbox 527 1458 556 1518; x_wconf 92' lang='lat' dir='ltr'>in</span> <span class='ocrx_word' id='word_1_131' title='bbox 581 1457 617 1530; x_wconf 88' lang='lat' dir='ltr'>B,</span> <span class='ocrx_word' id='word_1_132' title='bbox 641 1465 675 1518; x_wconf 92' lang='lat' dir='ltr'>ut</span> <span class='ocrx_word' id='word_1_133' title='bbox 703 1457 793 1516; x_wconf 89' lang='lat' dir='ltr'>ducta</span> <span class='ocrx_word' id='word_1_134' title='bbox 817 1453 897 1516; x_wconf 87' lang='lat' dir='ltr'>BDS</span> <span class='ocrx_word' id='word_1_135' title='bbox 931 1453 972 1515; x_wconf 86' lang='lat' dir='ltr'>sit</span> <span class='ocrx_word' id='word_1_136' title='bbox 1002 1455 1084 1533; x_wconf 86' lang='lat' dir='ltr'>apsis</span> <span class='ocrx_word' id='word_1_137' title='bbox 1113 1453 1239 1534; x_wconf 90' lang='lat' dir='ltr'>epicycli</span> <span class='ocrx_word' id='word_1_138' title='bbox 1272 1473 1359 1524; x_wconf 91' lang='lat' dir='ltr'>vera,</span> <span class='ocrx_word' id='word_1_139' title='bbox 1395 1452 1471 1532; x_wconf 83' lang='lat' dir='ltr'>itaqu</span> 
     </span>
     <span class='ocr_line' id='line_1_14' title="bbox 143 1541 1471 1626; baseline -0.009 -14"><span class='ocrx_word' id='word_1_140' title='bbox 143 1547 290 1612; x_wconf 86' lang='lat' dir='ltr'>Cadhuc</span> <span class='ocrx_word' id='word_1_141' title='bbox 313 1554 454 1609; x_wconf 83' lang='lat' dir='ltr'>centrum·</span> <span class='ocrx_word' id='word_1_142' title='bbox 472 1546 666 1626; x_wconf 82' lang='lat' dir='ltr'>aequalitatis</span> <span class='ocrx_word' id='word_1_143' title='bbox 689 1545 727 1607; x_wconf 93' lang='lat' dir='ltr'>D.</span> <span class='ocrx_word' id='word_1_144' title='bbox 775 1542 835 1604; x_wconf 92' lang='lat' dir='ltr'>Sed</span> <span class='ocrx_word' id='word_1_145' title='bbox 865 1543 928 1622; x_wconf 89' lang='lat' dir='ltr'>jam</span> <span class='ocrx_word' id='word_1_146' title='bbox 955 1541 1035 1604; x_wconf 87' lang='lat' dir='ltr'>SDF</span> <span class='ocrx_word' id='word_1_147' title='bbox 1067 1550 1113 1604; x_wconf 88' lang='lat' dir='ltr'>est</span> <span class='ocrx_word' id='word_1_148' title='bbox 1143 1542 1277 1623; x_wconf 89' lang='lat' dir='ltr'>aequalis</span> <span class='ocrx_word' id='word_1_149' title='bbox 1302 1541 1388 1605; x_wconf 81' lang='lat' dir='ltr'>DGD</span> <span class='ocrx_word' id='word_1_150' title='bbox 1422 1558 1471 1601; x_wconf 87' lang='lat' dir='ltr'>ano</span> 
     </span>
     <span class='ocr_line' id='line_1_15' title="bbox 144 1628 1471 1713; baseline -0.007 -15"><span class='ocrx_word' id='word_1_151' title='bbox 144 1637 253 1699; x_wconf 86' lang='lat' dir='ltr'>maliae</span> <span class='ocrx_word' id='word_1_152' title='bbox 277 1635 412 1698; x_wconf 87' lang='lat' dir='ltr'>mediae:</span> <span class='ocrx_word' id='word_1_153' title='bbox 436 1643 469 1696; x_wconf 89' lang='lat' dir='ltr'>et</span> <span class='ocrx_word' id='word_1_154' title='bbox 490 1634 545 1697; x_wconf 91' lang='lat' dir='ltr'>DF</span> <span class='ocrx_word' id='word_1_155' title='bbox 568 1635 666 1696; x_wconf 90' lang='lat' dir='ltr'>minus</span> <span class='ocrx_word' id='word_1_156' title='bbox 690 1633 851 1697; x_wconf 90' lang='lat' dir='ltr'>inclinatur</span> <span class='ocrx_word' id='word_1_157' title='bbox 875 1632 911 1693; x_wconf 91' lang='lat' dir='ltr'>ad</span> <span class='ocrx_word' id='word_1_158' title='bbox 928 1630 984 1695; x_wconf 85' lang='lat' dir='ltr'>AC</span> <span class='ocrx_word' id='word_1_159' title='bbox 1001 1651 1087 1712; x_wconf 88' lang='lat' dir='ltr'>quam</span> <span class='ocrx_word' id='word_1_160' title='bbox 1111 1631 1204 1711; x_wconf 85' lang='lat' dir='ltr'>prins.</span> <span class='ocrx_word' id='word_1_161' title='bbox 1252 1634 1354 1713; x_wconf 86' lang='lat' dir='ltr'>Atque</span> <span class='ocrx_word' id='word_1_162' title='bbox 1380 1648 1419 1691; x_wconf 89' lang='lat' dir='ltr'>ex</span> <span class='ocrx_word' id='word_1_163' title='bbox 1440 1628 1471 1691; x_wconf 86' lang='lat' dir='ltr'>ha</span> 
     </span>
     <span class='ocr_line' id='line_1_16' title="bbox 141 1716 1471 1809; baseline -0.006 -20"><span class='ocrx_word' id='word_1_164' title='bbox 141 1725 301 1809; x_wconf 87' lang='lat' dir='ltr'>hypothesi</span> <span class='ocrx_word' id='word_1_165' title='bbox 324 1725 385 1805; x_wconf 88' lang='lat' dir='ltr'>jam</span> <span class='ocrx_word' id='word_1_166' title='bbox 409 1742 497 1803; x_wconf 92' lang='lat' dir='ltr'>quarn</span> <span class='ocrx_word' id='word_1_167' title='bbox 521 1723 655 1803; x_wconf 81' lang='lat' dir='ltr'>proxime</span> <span class='ocrx_word' id='word_1_168' title='bbox 680 1743 753 1784; x_wconf 87' lang='lat' dir='ltr'>vera</span> <span class='ocrx_word' id='word_1_169' title='bbox 776 1721 922 1783; x_wconf 90' lang='lat' dir='ltr'>distantia</span> <span class='ocrx_word' id='word_1_170' title='bbox 945 1721 1109 1782; x_wconf 80' lang='lat' dir='ltr'>exstruitur</span> <span class='ocrx_word' id='word_1_171' title='bbox 1132 1722 1157 1781; x_wconf 95' lang='lat' dir='ltr'><strong>F</strong></span> <span class='ocrx_word' id='word_1_172' title='bbox 1180 1719 1218 1782; x_wconf 94' lang='lat' dir='ltr'>ab</span> <span class='ocrx_word' id='word_1_173' title='bbox 1236 1722 1274 1794; x_wconf 89' lang='lat' dir='ltr'>A,</span> <span class='ocrx_word' id='word_1_174' title='bbox 1299 1720 1344 1782; x_wconf 88' lang='lat' dir='ltr'>sic</span> <span class='ocrx_word' id='word_1_175' title='bbox 1369 1727 1400 1780; x_wconf 88' lang='lat' dir='ltr'>et</span> <span class='ocrx_word' id='word_1_176' title='bbox 1415 1716 1471 1782; x_wconf 71' lang='grc' dir='ltr'>ΓΔ]</span> 
     </span>
     <span class='ocr_line' id='line_1_17' title="bbox 146 1806 1471 1896; baseline -0.006 -20"><span class='ocrx_word' id='word_1_177' title='bbox 146 1834 235 1896; x_wconf 88' lang='lat' dir='ltr'>quam</span> <span class='ocrx_word' id='word_1_178' title='bbox 265 1813 400 1895; x_wconf 82' lang='lat' dir='ltr'>proxime</span> <span class='ocrx_word' id='word_1_179' title='bbox 427 1833 500 1875; x_wconf 90' lang='lat' dir='ltr'>vera</span> <span class='ocrx_word' id='word_1_180' title='bbox 528 1821 704 1893; x_wconf 90' lang='lat' dir='ltr'>coaequata.</span> <span class='ocrx_word' id='word_1_181' title='bbox 751 1811 826 1872; x_wconf 90' lang='lat' dir='ltr'>Dico</span> <span class='ocrx_word' id='word_1_182' title='bbox 860 1830 947 1891; x_wconf 89' lang='lat' dir='ltr'>quam</span> <span class='ocrx_word' id='word_1_183' title='bbox 980 1810 1128 1889; x_wconf 88' lang='lat' dir='ltr'>proxime,</span> <span class='ocrx_word' id='word_1_184' title='bbox 1162 1830 1310 1891; x_wconf 90' lang='lat' dir='ltr'>nunquam</span> <span class='ocrx_word' id='word_1_185' title='bbox 1344 1809 1423 1870; x_wconf 88' lang='lat' dir='ltr'>enirn</span> <span class='ocrx_word' id='word_1_186' title='bbox 1441 1806 1471 1879; x_wconf 34' lang='lat' dir='ltr'>,ir</span> 
     </span>
     <span class='ocr_line' id='line_1_18' title="bbox 147 1892 1471 1984; baseline -0.004 -22"><span class='ocrx_word' id='word_1_187' title='bbox 147 1923 232 1980; x_wconf 90' lang='lat' dir='ltr'>vere,</span> <span class='ocrx_word' id='word_1_188' title='bbox 263 1910 297 1965; x_wconf 93' lang='lat' dir='ltr'>ut</span> <span class='ocrx_word' id='word_1_189' title='bbox 328 1922 395 1964; x_wconf 87' lang='lat' dir='ltr'>eum</span> <span class='ocrx_word' id='word_1_190' title='bbox 428 1922 463 1963; x_wconf 91' lang='lat' dir='ltr'>ea</span> <span class='ocrx_word' id='word_1_191' title='bbox 486 1902 629 1984; x_wconf 85' lang='lat' dir='ltr'>physicae</span> <span class='ocrx_word' id='word_1_192' title='bbox 655 1900 842 1981; x_wconf 87' lang='lat' dir='ltr'>aequationis</span> <span class='ocrx_word' id='word_1_193' title='bbox 866 1900 1049 1979; x_wconf 88' lang='lat' dir='ltr'>computatio</span> <span class='ocrx_word' id='word_1_194' title='bbox 1072 1892 1259 1961; x_wconf 84' lang='lat' dir='ltr'>instituatur.</span> <span class='ocrx_word' id='word_1_195' title='bbox 1304 1899 1402 1961; x_wconf 91' lang='lat' dir='ltr'>Porro</span> <span class='ocrx_word' id='word_1_196' title='bbox 1425 1898 1471 1958; x_wconf 77' lang='lat' dir='ltr'>hae</span> 
     </span>
     <span class='ocr_line' id='line_1_19' title="bbox 145 1988 1471 2075; baseline -0.005 -21"><span class='ocrx_word' id='word_1_197' title='bbox 145 1992 324 2075; x_wconf 88' lang='lat' dir='ltr'>hypothesis</span> <span class='ocrx_word' id='word_1_198' title='bbox 348 1990 419 2052; x_wconf 87' lang='lat' dir='ltr'>nrihi</span> <span class='ocrx_word' id='word_1_199' title='bbox 445 1991 536 2064; x_wconf 90' lang='lat' dir='ltr'>(utin</span> <span class='ocrx_word' id='word_1_200' title='bbox 560 1990 760 2052; x_wconf 89' lang='lat' dir='ltr'>delineatione</span> <span class='ocrx_word' id='word_1_201' title='bbox 776 2009 860 2051; x_wconf 89' lang='lat' dir='ltr'>meae</span> <span class='ocrx_word' id='word_1_202' title='bbox 884 1988 1124 2050; x_wconf 90' lang='lat' dir='ltr'>ratiocinationis</span> <span class='ocrx_word' id='word_1_203' title='bbox 1147 1999 1181 2050; x_wconf 89' lang='lat' dir='ltr'>ut</span> <span class='ocrx_word' id='word_1_204' title='bbox 1200 1989 1343 2050; x_wconf 91' lang='lat' dir='ltr'>constitui</span> <span class='ocrx_word' id='word_1_205' title='bbox 1359 2005 1471 2067; x_wconf 88' lang='lat' dir='ltr'>pergau</span> 
     </span>
     <span class='ocr_line' id='line_1_20' title="bbox 147 2077 1450 2160; baseline -0.003 -18"><span class='ocrx_word' id='word_1_206' title='bbox 147 2101 205 2143; x_wconf 93' lang='lat' dir='ltr'>non</span> <span class='ocrx_word' id='word_1_207' title='bbox 231 2080 392 2154; x_wconf 78' lang='lat' dir='ltr'>satisfecit,</span> <span class='ocrx_word' id='word_1_208' title='bbox 416 2080 494 2160; x_wconf 92' lang='lat' dir='ltr'>quod</span> <span class='ocrx_word' id='word_1_209' title='bbox 518 2090 661 2159; x_wconf 90' lang='lat' dir='ltr'>punctum</span> <span class='ocrx_word' id='word_1_210' title='bbox 684 2081 710 2140; x_wconf 93' lang='lat' dir='ltr'><strong>B</strong></span> <span class='ocrx_word' id='word_1_211' title='bbox 734 2098 826 2139; x_wconf 88' lang='lat' dir='ltr'>cansa</span> <span class='ocrx_word' id='word_1_212' title='bbox 856 2078 984 2146; x_wconf 85' lang='lat' dir='ltr'>natmali</span> <span class='ocrx_word' id='word_1_213' title='bbox 1013 2077 1148 2140; x_wconf 86' lang='lat' dir='ltr'>carebat.</span> <span class='ocrx_word' id='word_1_214' title='bbox 1195 2079 1274 2140; x_wconf 87' lang='lat' dir='ltr'>Nam</span> <span class='ocrx_word' id='word_1_215' title='bbox 1304 2086 1450 2156; x_wconf 86' lang='lat' dir='ltr'>punctum</span> 
     </span>
     <span class='ocr_line' id='line_1_21' title="bbox 144 2165 1471 2248; baseline -0.004 -17"><span class='ocrx_word' id='word_1_216' title='bbox 144 2170 237 2232; x_wconf 88' lang='lat' dir='ltr'>habet</span> <span class='ocrx_word' id='word_1_217' title='bbox 260 2189 383 2231; x_wconf 87' lang='lat' dir='ltr'>causam</span> <span class='ocrx_word' id='word_1_218' title='bbox 406 2169 584 2240; x_wconf 88' lang='lat' dir='ltr'>naturalem,</span> <span class='ocrx_word' id='word_1_219' title='bbox 608 2167 685 2248; x_wconf 92' lang='lat' dir='ltr'>qood</span> <span class='ocrx_word' id='word_1_220' title='bbox 710 2186 751 2228; x_wconf 89' lang='lat' dir='ltr'>so.</span> <span class='ocrx_word' id='word_1_221' title='bbox 767 2167 824 2230; x_wconf 86' lang='grc' dir='ltr'>ΑΟ</span> <span class='ocrx_word' id='word_1_222' title='bbox 849 2174 880 2226; x_wconf 91' lang='lat' dir='ltr'>et</span> <span class='ocrx_word' id='word_1_223' title='bbox 894 2166 949 2228; x_wconf 89' lang='lat' dir='ltr'>DF</span> <span class='ocrx_word' id='word_1_224' title='bbox 964 2177 1140 2245; x_wconf 88' lang='lat' dir='ltr'>aequantur,</span> <span class='ocrx_word' id='word_1_225' title='bbox 1165 2175 1197 2228; x_wconf 91' lang='lat' dir='ltr'>et</span> <span class='ocrx_word' id='word_1_226' title='bbox 1219 2166 1297 2247; x_wconf 92' lang='lat' dir='ltr'>quod</span> <span class='ocrx_word' id='word_1_227' title='bbox 1321 2165 1471 2227; x_wconf 79' lang='lat' dir='ltr'>tantunde</span> 
     </span>
     <span class='ocr_line' id='line_1_22' title="bbox 146 2253 1471 2337; baseline -0.005 -17"><span class='ocrx_word' id='word_1_228' title='bbox 146 2267 195 2320; x_wconf 87' lang='lat' dir='ltr'>est</span> <span class='ocrx_word' id='word_1_229' title='bbox 217 2278 253 2320; x_wconf 89' lang='lat' dir='ltr'>ae</span> <span class='ocrx_word' id='word_1_230' title='bbox 277 2257 303 2321; x_wconf 87' lang='lat' dir='ltr'>si</span> <span class='ocrx_word' id='word_1_231' title='bbox 327 2258 439 2332; x_wconf 88' lang='lat' dir='ltr'>dicam,</span> <span class='ocrx_word' id='word_1_232' title='bbox 474 2267 507 2319; x_wconf 91' lang='lat' dir='ltr'>ut</span> <span class='ocrx_word' id='word_1_233' title='bbox 538 2257 701 2319; x_wconf 85' lang='lat' dir='ltr'>distantiae</span> <span class='ocrx_word' id='word_1_234' title='bbox 725 2265 796 2318; x_wconf 89' lang='lat' dir='ltr'>sunt</span> <span class='ocrx_word' id='word_1_235' title='bbox 820 2256 863 2317; x_wconf 90' lang='lat' dir='ltr'>sic</span> <span class='ocrx_word' id='word_1_236' title='bbox 892 2275 958 2316; x_wconf 89' lang='lat' dir='ltr'>esse</span> <span class='ocrx_word' id='word_1_237' title='bbox 986 2275 1085 2317; x_wconf 88' lang='lat' dir='ltr'>rnoras</span> <span class='ocrx_word' id='word_1_238' title='bbox 1116 2255 1345 2337; x_wconf 88' lang='lat' dir='ltr'>inaequalibus</span> <span class='ocrx_word' id='word_1_239' title='bbox 1372 2253 1471 2317; x_wconf 83' lang='lat' dir='ltr'>arcubr</span> 
     </span>
     <span class='ocr_line' id='line_1_23' title="bbox 146 2344 1471 2419; baseline -0.004 -10"><span class='ocrx_word' id='word_1_240' title='bbox 146 2347 288 2409; x_wconf 91' lang='lat' dir='ltr'>eccentri.</span> <span class='ocrx_word' id='word_1_241' title='bbox 335 2346 487 2408; x_wconf 87' lang='lat' dir='ltr'>Econtra</span> <span class='ocrx_word' id='word_1_242' title='bbox 509 2364 580 2408; x_wconf 87' lang='lat' dir='ltr'>vero</span> <span class='ocrx_word' id='word_1_243' title='bbox 604 2346 666 2408; x_wconf 92' lang='lat' dir='ltr'>alia</span> <span class='ocrx_word' id='word_1_244' title='bbox 688 2365 737 2406; x_wconf 90' lang='lat' dir='ltr'>res</span> <span class='ocrx_word' id='word_1_245' title='bbox 760 2365 807 2407; x_wconf 90' lang='lat' dir='ltr'>me</span> <span class='ocrx_word' id='word_1_246' title='bbox 831 2345 870 2405; x_wconf 94' lang='lat' dir='ltr'>ad</span> <span class='ocrx_word' id='word_1_247' title='bbox 894 2364 1015 2406; x_wconf 87' lang='lat' dir='ltr'>causam</span> <span class='ocrx_word' id='word_1_248' title='bbox 1038 2347 1205 2407; x_wconf 86' lang='lat' dir='ltr'>naturalem</span> <span class='ocrx_word' id='word_1_249' title='bbox 1228 2345 1396 2419; x_wconf 87' lang='lat' dir='ltr'>invitabat,</span> <span class='ocrx_word' id='word_1_250' title='bbox 1425 2344 1471 2405; x_wconf 78' lang='lat' dir='ltr'>har</span> 
     </span>
     <span class='ocr_line' id='line_1_24' title="bbox 146 2432 1471 2517; baseline -0.001 -19"><span class='ocrx_word' id='word_1_251' title='bbox 146 2455 262 2517; x_wconf 89' lang='lat' dir='ltr'>nempe,</span> <span class='ocrx_word' id='word_1_252' title='bbox 288 2436 366 2516; x_wconf 93' lang='lat' dir='ltr'>quod</span> <span class='ocrx_word' id='word_1_253' title='bbox 389 2435 451 2496; x_wconf 84' lang='lat' dir='ltr'>vidi</span> <span class='ocrx_word' id='word_1_254' title='bbox 474 2445 694 2497; x_wconf 88' lang='lat' dir='ltr'>succurrentem</span> <span class='ocrx_word' id='word_1_255' title='bbox 720 2442 872 2495; x_wconf 86' lang='lat' dir='ltr'>secantem</span> <span class='ocrx_word' id='word_1_256' title='bbox 896 2433 1085 2515; x_wconf 88' lang='lat' dir='ltr'>aequationis</span> <span class='ocrx_word' id='word_1_257' title='bbox 1104 2435 1229 2517; x_wconf 89' lang='lat' dir='ltr'>epicycli</span> <span class='ocrx_word' id='word_1_258' title='bbox 1252 2434 1423 2508; x_wconf 85' lang='lat' dir='ltr'>maximae;</span> <span class='ocrx_word' id='word_1_259' title='bbox 1447 2432 1471 2497; x_wconf 73' lang='grc' dir='ltr'><strong>Δ</strong></span> 
     </span>
     <span class='ocr_line' id='line_1_25' title="bbox 147 2519 1471 2604; baseline -0.002 -18"><span class='ocrx_word' id='word_1_260' title='bbox 147 2525 265 2586; x_wconf 88' lang='lat' dir='ltr'>scilieet</span> <span class='ocrx_word' id='word_1_261' title='bbox 286 2524 337 2587; x_wconf 89' lang='lat' dir='ltr'>ille</span> <span class='ocrx_word' id='word_1_262' title='bbox 361 2532 444 2585; x_wconf 89' lang='lat' dir='ltr'>esset</span> <span class='ocrx_word' id='word_1_263' title='bbox 467 2525 521 2594; x_wconf 90' lang='lat' dir='ltr'>(ad</span> <span class='ocrx_word' id='word_1_264' title='bbox 542 2525 681 2604; x_wconf 81' lang='lat' dir='ltr'>angulum</span> <span class='ocrx_word' id='word_1_265' title='bbox 697 2522 738 2586; x_wconf 84' lang='lat'>5⁰</span> <span class='ocrx_word' id='word_1_266' title='bbox 754 2521 819 2597; x_wconf 78' lang='lat'>18¹)</span> <span class='ocrx_word' id='word_1_267' title='bbox 847 2519 984 2598; x_wconf 87' lang='grc'><strong>100429,</strong></span> <span class='ocrx_word' id='word_1_268' title='bbox 1007 2524 1109 2603; x_wconf 89' lang='lat' dir='ltr'>itaque</span> <span class='ocrx_word' id='word_1_269' title='bbox 1123 2525 1178 2586; x_wconf 82' lang='lat' dir='ltr'>FA</span> <span class='ocrx_word' id='word_1_270' title='bbox 1198 2523 1314 2602; x_wconf 80' lang='lat' dir='ltr'>longior</span> <span class='ocrx_word' id='word_1_271' title='bbox 1337 2532 1390 2584; x_wconf 90' lang='lat' dir='ltr'>est</span> <span class='ocrx_word' id='word_1_272' title='bbox 1413 2541 1471 2603; x_wconf 84' lang='lat' dir='ltr'>qna</span> 
     </span>
     <span class='ocr_line' id='line_1_26' title="bbox 146 2608 1471 2694; baseline -0.002 -17"><span class='ocrx_word' id='word_1_273' title='bbox 146 2613 208 2677; x_wconf 86' lang='lat' dir='ltr'>DA</span> <span class='ocrx_word' id='word_1_274' title='bbox 229 2613 387 2694; x_wconf 86' lang='lat' dir='ltr'>particulis</span> <span class='ocrx_word' id='word_1_275' title='bbox 410 2608 486 2677; x_wconf 88' lang='grc'><strong>429.</strong></span> <span class='ocrx_word' id='word_1_276' title='bbox 533 2614 574 2675; x_wconf 88' lang='grc' dir='ltr'>Ει</span> <span class='ocrx_word' id='word_1_277' title='bbox 598 2613 668 2692; x_wconf 90' lang='lat' dir='ltr'>quia</span> <span class='ocrx_word' id='word_1_278' title='bbox 689 2614 745 2675; x_wconf 88' lang='lat' dir='ltr'>FA</span> <span class='ocrx_word' id='word_1_279' title='bbox 769 2612 917 2677; x_wconf 88' lang='lat' dir='ltr'>distantia</span> <span class='ocrx_word' id='word_1_280' title='bbox 939 2613 1073 2692; x_wconf 88' lang='lat' dir='ltr'>seqnitur</span> <span class='ocrx_word' id='word_1_281' title='bbox 1097 2633 1133 2674; x_wconf 87' lang='lat' dir='ltr'>ex</span> <span class='ocrx_word' id='word_1_282' title='bbox 1157 2613 1351 2692; x_wconf 86' lang='lat' dir='ltr'>usurpatione</span> <span class='ocrx_word' id='word_1_283' title='bbox 1375 2612 1471 2691; x_wconf 85' lang='lat' dir='ltr'>perfer</span> 
     </span>
     <span class='ocr_line' id='line_1_27' title="bbox 148 2699 1471 2783; baseline -0.001 -19"><span class='ocrx_word' id='word_1_284' title='bbox 148 2702 317 2778; x_wconf 88' lang='lat' dir='ltr'>eccentrici,</span> <span class='ocrx_word' id='word_1_285' title='bbox 342 2711 375 2764; x_wconf 92' lang='lat' dir='ltr'>et</span> <span class='ocrx_word' id='word_1_286' title='bbox 396 2699 462 2766; x_wconf 91' lang='grc'>429</span> <span class='ocrx_word' id='word_1_287' title='bbox 486 2722 577 2783; x_wconf 89' lang='lat' dir='ltr'>supra</span> <span class='ocrx_word' id='word_1_288' title='bbox 600 2701 724 2763; x_wconf 88' lang='lat' dir='ltr'>inventa</span> <span class='ocrx_word' id='word_1_289' title='bbox 747 2711 795 2764; x_wconf 89' lang='lat' dir='ltr'>est</span> <span class='ocrx_word' id='word_1_290' title='bbox 818 2700 947 2763; x_wconf 90' lang='lat' dir='ltr'>curtatio</span> <span class='ocrx_word' id='word_1_291' title='bbox 971 2702 1060 2781; x_wconf 84' lang='lat' dir='ltr'>justa</span> <span class='ocrx_word' id='word_1_292' title='bbox 1086 2702 1255 2781; x_wconf 83' lang='lat' dir='ltr'>hujusmodi</span> <span class='ocrx_word' id='word_1_293' title='bbox 1287 2701 1471 2763; x_wconf 81' lang='lat' dir='ltr'>distantiam</span> 
     </span>
     <span class='ocr_line' id='line_1_28' title="bbox 147 2790 1471 2874; baseline -0.001 -21"><span class='ocrx_word' id='word_1_294' title='bbox 147 2811 201 2872; x_wconf 92' lang='lat' dir='ltr'>pro</span> <span class='ocrx_word' id='word_1_295' title='bbox 224 2791 385 2874; x_wconf 90' lang='lat' dir='ltr'>hypothesi</span> <span class='ocrx_word' id='word_1_296' title='bbox 408 2811 497 2865; x_wconf 89' lang='lat' dir='ltr'>vera,</span> <span class='ocrx_word' id='word_1_297' title='bbox 522 2810 593 2869; x_wconf 83' lang='lat' dir='ltr'>ergo</span> <span class='ocrx_word' id='word_1_298' title='bbox 617 2791 643 2852; x_wconf 92' lang='lat' dir='ltr'>si</span> <span class='ocrx_word' id='word_1_299' title='bbox 666 2810 721 2870; x_wconf 94' lang='lat' dir='ltr'>pro</span> <span class='ocrx_word' id='word_1_300' title='bbox 744 2791 800 2852; x_wconf 88' lang='lat' dir='ltr'>FA</span> <span class='ocrx_word' id='word_1_301' title='bbox 824 2810 974 2852; x_wconf 88' lang='lat' dir='ltr'>sumamus</span> <span class='ocrx_word' id='word_1_302' title='bbox 998 2791 1067 2863; x_wconf 89' lang='lat' dir='ltr'>DA,</span> <span class='ocrx_word' id='word_1_303' title='bbox 1090 2792 1233 2852; x_wconf 89' lang='lat' dir='ltr'>habemus</span> <span class='ocrx_word' id='word_1_304' title='bbox 1253 2790 1357 2869; x_wconf 88' lang='lat' dir='ltr'>justas</span> <span class='ocrx_word' id='word_1_305' title='bbox 1382 2791 1471 2852; x_wconf 78' lang='lat' dir='ltr'>distre</span> 
     </span>
     <span class='ocr_line' id='line_1_29' title="bbox 148 2876 1471 2961; baseline -0.001 -19"><span class='ocrx_word' id='word_1_306' title='bbox 148 2881 208 2942; x_wconf 89' lang='lat' dir='ltr'>tias</span> <span class='ocrx_word' id='word_1_307' title='bbox 231 2881 261 2941; x_wconf 92' lang='lat' dir='ltr'>in</span> <span class='ocrx_word' id='word_1_308' title='bbox 286 2880 525 2960; x_wconf 84' lang='lat' dir='ltr'>longitudinibus·</span> <span class='ocrx_word' id='word_1_309' title='bbox 546 2881 663 2942; x_wconf 90' lang='lat' dir='ltr'>mediis.</span> <span class='ocrx_word' id='word_1_310' title='bbox 702 2878 812 2941; x_wconf 89' lang='lat' dir='ltr'>Statim</span> <span class='ocrx_word' id='word_1_311' title='bbox 837 2879 946 2958; x_wconf 89' lang='lat' dir='ltr'>arripui</span> <span class='ocrx_word' id='word_1_312' title='bbox 971 2880 1048 2940; x_wconf 89' lang='lat' dir='ltr'>hanc</span> <span class='ocrx_word' id='word_1_313' title='bbox 1071 2900 1125 2959; x_wconf 90' lang='lat' dir='ltr'>pro</span> <span class='ocrx_word' id='word_1_314' title='bbox 1149 2879 1276 2943; x_wconf 90' lang='lat' dir='ltr'>naturali</span> <span class='ocrx_word' id='word_1_315' title='bbox 1301 2876 1471 2961; x_wconf 76' lang='lat' dir='ltr'>hypothesis</span> 
     </span>
     <span class='ocr_line' id='line_1_30' title="bbox 148 2953 1471 3051; baseline 0 -21"><span class='ocrx_word' id='word_1_316' title='bbox 148 2970 304 3049; x_wconf 88' lang='lat' dir='ltr'>planetam</span> <span class='ocrx_word' id='word_1_317' title='bbox 328 2988 385 3030; x_wconf 92' lang='lat' dir='ltr'>non</span> <span class='ocrx_word' id='word_1_318' title='bbox 410 2969 526 3030; x_wconf 89' lang='lat' dir='ltr'>versari</span> <span class='ocrx_word' id='word_1_319' title='bbox 550 2969 579 3029; x_wconf 90' lang='lat' dir='ltr'>in</span> <span class='ocrx_word' id='word_1_320' title='bbox 604 2953 730 3051; x_wconf 79' lang='lat' dir='ltr'>epicycli</span> <span class='ocrx_word' id='word_1_321' title='bbox 750 2968 990 3030; x_wconf 87' lang='lat' dir='ltr'>circumferentia</span> <span class='ocrx_word' id='word_1_322' title='bbox 1003 2968 1088 3042; x_wconf 88' lang='lat' dir='ltr'>RDI,</span> <span class='ocrx_word' id='word_1_323' title='bbox 1113 2970 1216 3031; x_wconf 90' lang='lat' dir='ltr'>sedin</span> <span class='ocrx_word' id='word_1_324' title='bbox 1242 2970 1391 3030; x_wconf 87' lang='lat' dir='ltr'>diametro</span> <span class='ocrx_word' id='word_1_325' title='bbox 1415 2967 1471 3030; x_wconf 85' lang='lat' dir='ltr'>KD</span> 
     </span>
     <span class='ocr_line' id='line_1_31' title="bbox 151 3057 1432 3137; baseline -0.001 -17"><span class='ocrx_word' id='word_1_326' title='bbox 151 3057 271 3130; x_wconf 88' lang='lat' dir='ltr'>librari;</span> <span class='ocrx_word' id='word_1_327' title='bbox 290 3057 413 3137; x_wconf 87' lang='lat' dir='ltr'>jamque</span> <span class='ocrx_word' id='word_1_328' title='bbox 438 3057 601 3119; x_wconf 91' lang='lat' dir='ltr'>distantias</span> <span class='ocrx_word' id='word_1_329' title='bbox 626 3066 658 3118; x_wconf 91' lang='lat' dir='ltr'>et</span> <span class='ocrx_word' id='word_1_330' title='bbox 679 3064 775 3118; x_wconf 90' lang='lat' dir='ltr'>totam</span> <span class='ocrx_word' id='word_1_331' title='bbox 799 3057 1008 3137; x_wconf 77' lang='lat' dir='ltr'>aequationem</span> <span class='ocrx_word' id='word_1_332' title='bbox 1032 3059 1165 3120; x_wconf 88' lang='lat' dir='ltr'>tabulam</span> <span class='ocrx_word' id='word_1_333' title='bbox 1190 3058 1325 3120; x_wconf 84' lang='lat' dir='ltr'>exstruxi</span> <span class='ocrx_word' id='word_1_334' title='bbox 1349 3057 1432 3119; x_wconf 90' lang='lat' dir='ltr'>inde.</span> 
     </span>
    </p>

    <p class='ocr_par' dir='ltr' id='par_1_5' title="bbox 150 3145 1471 4931">
     <span class='ocr_line' id='line_1_32' title="bbox 238 3145 1471 3228; baseline 0.001 -21"><span class='ocrx_word' id='word_1_335' title='bbox 238 3145 284 3207; x_wconf 86' lang='lat' dir='ltr'>At</span> <span class='ocrx_word' id='word_1_336' title='bbox 305 3145 411 3220; x_wconf 90' lang='lat' dir='ltr'>miser;</span> <span class='ocrx_word' id='word_1_337' title='bbox 435 3146 483 3207; x_wconf 94' lang='lat' dir='ltr'>his</span> <span class='ocrx_word' id='word_1_338' title='bbox 506 3145 580 3225; x_wconf 88' lang='lat' dir='ltr'>ipsis</span> <span class='ocrx_word' id='word_1_339' title='bbox 602 3146 802 3207; x_wconf 90' lang='lat' dir='ltr'>Paschalibus</span> <span class='ocrx_word' id='word_1_340' title='bbox 826 3145 908 3207; x_wconf 88' lang='lat' dir='ltr'>feriis</span> <span class='ocrx_word' id='word_1_341' title='bbox 932 3147 1050 3208; x_wconf 91' lang='lat' dir='ltr'>demum</span> <span class='ocrx_word' id='word_1_342' title='bbox 1078 3147 1215 3228; x_wconf 87' lang='lat' dir='ltr'>experior</span> <span class='ocrx_word' id='word_1_343' title='bbox 1238 3166 1269 3209; x_wconf 91' lang='lat' dir='ltr'>re</span> <span class='ocrx_word' id='word_1_344' title='bbox 1297 3147 1381 3226; x_wconf 88' lang='lat' dir='ltr'>ipsa,</span> <span class='ocrx_word' id='word_1_345' title='bbox 1415 3164 1471 3228; x_wconf 91' lang='lat' dir='ltr'>quo</span> 
     </span>
     <span class='ocr_line' id='line_1_33' title="bbox 151 3234 1471 3315; baseline 0 -19"><span class='ocrx_word' id='word_1_346' title='bbox 151 3234 177 3296; x_wconf 92' lang='lat' dir='ltr'>si</span> <span class='ocrx_word' id='word_1_347' title='bbox 200 3234 408 3295; x_wconf 86' lang='lat' dir='ltr'>consideratus</span> <span class='ocrx_word' id='word_1_348' title='bbox 433 3235 566 3309; x_wconf 82' lang='lat' dir='ltr'>fuissem,</span> <span class='ocrx_word' id='word_1_349' title='bbox 592 3235 763 3296; x_wconf 90' lang='lat' dir='ltr'>meminisse</span> <span class='ocrx_word' id='word_1_350' title='bbox 791 3246 941 3314; x_wconf 90' lang='lat' dir='ltr'>poteram,</span> <span class='ocrx_word' id='word_1_351' title='bbox 968 3236 1033 3315; x_wconf 84' lang='lat' dir='ltr'>japr</span> <span class='ocrx_word' id='word_1_352' title='bbox 1058 3245 1150 3298; x_wconf 88' lang='lat' dir='ltr'>antea</span> <span class='ocrx_word' id='word_1_353' title='bbox 1173 3237 1412 3298; x_wconf 88' lang='lat' dir='ltr'>demonstratum</span> <span class='ocrx_word' id='word_1_354' title='bbox 1436 3254 1471 3296; x_wconf 80' lang='lat' dir='ltr'>eo</span> 
     </span>
     <span class='ocr_line' id='line_1_34' title="bbox 150 3320 1471 3405; baseline 0.002 -22"><span class='ocrx_word' id='word_1_355' title='bbox 150 3323 179 3384; x_wconf 88' lang='lat' dir='ltr'>in</span> <span class='ocrx_word' id='word_1_356' title='bbox 204 3320 437 3385; x_wconf 87' lang='lat' dir='ltr'>Commentariis</span> <span class='ocrx_word' id='word_1_357' title='bbox 460 3324 550 3399; x_wconf 86' lang='lat' dir='ltr'>meis,</span> <span class='ocrx_word' id='word_1_358' title='bbox 581 3323 751 3404; x_wconf 90' lang='lat' dir='ltr'>hujusmodi</span> <span class='ocrx_word' id='word_1_359' title='bbox 774 3324 832 3386; x_wconf 89' lang='lat' dir='ltr'>iter</span> <span class='ocrx_word' id='word_1_360' title='bbox 854 3326 994 3405; x_wconf 88' lang='lat' dir='ltr'>planetae</span> <span class='ocrx_word' id='word_1_361' title='bbox 1019 3324 1214 3405; x_wconf 90' lang='lat' dir='ltr'>compositum</span> <span class='ocrx_word' id='word_1_362' title='bbox 1239 3344 1297 3388; x_wconf 91' lang='lat' dir='ltr'>non</span> <span class='ocrx_word' id='word_1_363' title='bbox 1321 3343 1391 3386; x_wconf 85' lang='lat' dir='ltr'>esse</span> <span class='ocrx_word' id='word_1_364' title='bbox 1415 3323 1471 3405; x_wconf 80' lang='lat' dir='ltr'>elliy</span> 
     </span>
     <span class='ocr_line' id='line_1_35' title="bbox 152 3412 1471 3494; baseline 0.002 -21"><span class='ocrx_word' id='word_1_365' title='bbox 152 3412 258 3486; x_wconf 89' lang='lat' dir='ltr'>ticum,</span> <span class='ocrx_word' id='word_1_366' title='bbox 283 3412 361 3492; x_wconf 91' lang='lat' dir='ltr'>quod</span> <span class='ocrx_word' id='word_1_367' title='bbox 384 3413 520 3492; x_wconf 89' lang='lat' dir='ltr'>superior</span> <span class='ocrx_word' id='word_1_368' title='bbox 542 3432 610 3474; x_wconf 88' lang='lat' dir='ltr'>mea</span> <span class='ocrx_word' id='word_1_369' title='bbox 632 3413 853 3492; x_wconf 86' lang='lat' dir='ltr'>argumentatio</span> <span class='ocrx_word' id='word_1_370' title='bbox 876 3414 984 3487; x_wconf 85' lang='lat' dir='ltr'>evicit,</span> <span class='ocrx_word' id='word_1_371' title='bbox 1016 3417 1069 3475; x_wconf 89' lang='lat' dir='ltr'>sed</span> <span class='ocrx_word' id='word_1_372' title='bbox 1093 3416 1122 3477; x_wconf 93' lang='lat' dir='ltr'>in</span> <span class='ocrx_word' id='word_1_373' title='bbox 1147 3414 1318 3476; x_wconf 90' lang='lat' dir='ltr'>octantibus</span> <span class='ocrx_word' id='word_1_374' title='bbox 1341 3415 1381 3475; x_wconf 91' lang='lat' dir='ltr'>ab</span> <span class='ocrx_word' id='word_1_375' title='bbox 1404 3413 1471 3494; x_wconf 86' lang='lat' dir='ltr'>ellip</span> 
     </span>
     <span class='ocr_line' id='line_1_36' title="bbox 151 3501 1471 3583; baseline 0.004 -23"><span class='ocrx_word' id='word_1_376' title='bbox 151 3519 258 3562; x_wconf 84' lang='lat' dir='ltr'>versuo</span> <span class='ocrx_word' id='word_1_377' title='bbox 281 3501 383 3562; x_wconf 88' lang='lat' dir='ltr'>circuli</span> <span class='ocrx_word' id='word_1_378' title='bbox 406 3502 622 3582; x_wconf 86' lang='lat' dir='ltr'>perfectionem</span> <span class='ocrx_word' id='word_1_379' title='bbox 646 3503 727 3564; x_wconf 89' lang='lat' dir='ltr'>exire</span> <span class='ocrx_word' id='word_1_380' title='bbox 761 3503 788 3563; x_wconf 91' lang='lat' dir='ltr'>in</span> <span class='ocrx_word' id='word_1_381' title='bbox 813 3504 932 3564; x_wconf 89' lang='lat' dir='ltr'>buccas.</span> <span class='ocrx_word' id='word_1_382' title='bbox 981 3504 1104 3565; x_wconf 90' lang='lat' dir='ltr'>Vitiosa</span> <span class='ocrx_word' id='word_1_383' title='bbox 1135 3504 1227 3583; x_wconf 88' lang='lat' dir='ltr'>igitur</span> <span class='ocrx_word' id='word_1_384' title='bbox 1254 3503 1312 3565; x_wconf 90' lang='lat' dir='ltr'>fuit</span> <span class='ocrx_word' id='word_1_385' title='bbox 1340 3520 1471 3582; x_wconf 81' lang='lat' dir='ltr'>argumsr</span> 
     </span>
     <span class='ocr_line' id='line_1_37' title="bbox 153 3589 1471 3673; baseline 0.003 -23"><span class='ocrx_word' id='word_1_386' title='bbox 153 3590 250 3650; x_wconf 89' lang='lat' dir='ltr'>tatio:</span> <span class='ocrx_word' id='word_1_387' title='bbox 285 3589 406 3651; x_wconf 91' lang='lat' dir='ltr'>libratio</span> <span class='ocrx_word' id='word_1_388' title='bbox 430 3591 459 3652; x_wconf 92' lang='lat' dir='ltr'>in</span> <span class='ocrx_word' id='word_1_389' title='bbox 483 3592 630 3654; x_wconf 85' lang='lat' dir='ltr'>diametro</span> <span class='ocrx_word' id='word_1_390' title='bbox 654 3592 779 3673; x_wconf 83' lang='lat' dir='ltr'>epicycli</span> <span class='ocrx_word' id='word_1_391' title='bbox 803 3601 914 3672; x_wconf 90' lang='lat' dir='ltr'>aequat</span> <span class='ocrx_word' id='word_1_392' title='bbox 942 3592 1060 3671; x_wconf 89' lang='lat' dir='ltr'>ellipsin</span> <span class='ocrx_word' id='word_1_393' title='bbox 1085 3594 1113 3655; x_wconf 92' lang='lat' dir='ltr'>in</span> <span class='ocrx_word' id='word_1_394' title='bbox 1138 3591 1375 3670; x_wconf 86' lang='lat' dir='ltr'>longitudinibus</span> <span class='ocrx_word' id='word_1_395' title='bbox 1396 3589 1471 3654; x_wconf 86' lang='lat' dir='ltr'>medi</span> 
     </span>
     <span class='ocr_line' id='line_1_38' title="bbox 152 3667 1471 3763; baseline 0.002 -24"><span class='ocrx_word' id='word_1_396' title='bbox 152 3687 184 3739; x_wconf 89' lang='lat' dir='ltr'>et</span> <span class='ocrx_word' id='word_1_397' title='bbox 206 3679 236 3740; x_wconf 92' lang='lat' dir='ltr'>in</span> <span class='ocrx_word' id='word_1_398' title='bbox 259 3677 424 3759; x_wconf 88' lang='lat' dir='ltr'>apsidibus,</span> <span class='ocrx_word' id='word_1_399' title='bbox 451 3699 520 3760; x_wconf 90' lang='lat' dir='ltr'>ergo</span> <span class='ocrx_word' id='word_1_400' title='bbox 545 3680 732 3761; x_wconf 87' lang='lat' dir='ltr'>undiquaque</span> <span class='ocrx_word' id='word_1_401' title='bbox 747 3680 828 3742; x_wconf 90' lang='lat' dir='ltr'>illam</span> <span class='ocrx_word' id='word_1_402' title='bbox 844 3689 964 3763; x_wconf 90' lang='lat' dir='ltr'>aequat.</span> <span class='ocrx_word' id='word_1_403' title='bbox 994 3683 1133 3757; x_wconf 88' lang='lat' dir='ltr'>Falsnm;</span> <span class='ocrx_word' id='word_1_404' title='bbox 1158 3690 1247 3763; x_wconf 89' lang='lat' dir='ltr'>atque</span> <span class='ocrx_word' id='word_1_405' title='bbox 1262 3667 1330 3743; x_wconf 90' lang='lat' dir='ltr'>hino</span> <span class='ocrx_word' id='word_1_406' title='bbox 1351 3689 1408 3754; x_wconf 87' lang='lat' dir='ltr'>est,</span> <span class='ocrx_word' id='word_1_407' title='bbox 1424 3696 1471 3761; x_wconf 84' lang='lat' dir='ltr'>qur</span> 
     </span>
     <span class='ocr_line' id='line_1_39' title="bbox 153 3767 1471 3852; baseline -0.001 -22"><span class='ocrx_word' id='word_1_408' title='bbox 153 3787 270 3830; x_wconf 90' lang='lat' dir='ltr'>rursum</span> <span class='ocrx_word' id='word_1_409' title='bbox 294 3775 328 3829; x_wconf 93' lang='lat' dir='ltr'>ut</span> <span class='ocrx_word' id='word_1_410' title='bbox 350 3767 379 3829; x_wconf 91' lang='lat' dir='ltr'>in</span> <span class='ocrx_word' id='word_1_411' title='bbox 404 3769 528 3848; x_wconf 89' lang='lat' dir='ltr'>antiqua</span> <span class='ocrx_word' id='word_1_412' title='bbox 551 3770 630 3832; x_wconf 89' lang='lat' dir='ltr'>falsa</span> <span class='ocrx_word' id='word_1_413' title='bbox 659 3770 819 3852; x_wconf 88' lang='lat' dir='ltr'>hypothesi</span> <span class='ocrx_word' id='word_1_414' title='bbox 849 3789 903 3831; x_wconf 89' lang='lat' dir='ltr'>nec</span> <span class='ocrx_word' id='word_1_415' title='bbox 932 3769 1095 3833; x_wconf 91' lang='lat' dir='ltr'>distantiae</span> <span class='ocrx_word' id='word_1_416' title='bbox 1126 3771 1254 3832; x_wconf 87' lang='lat' dir='ltr'>officium</span> <span class='ocrx_word' id='word_1_417' title='bbox 1285 3773 1421 3833; x_wconf 88' lang='lat' dir='ltr'>fecerunt</span> <span class='ocrx_word' id='word_1_418' title='bbox 1445 3785 1471 3829; x_wconf 87' lang='grc' dir='ltr'>ιιι</span> 
     </span>
     <span class='ocr_line' id='line_1_40' title="bbox 152 3856 1471 3942; baseline 0.002 -25"><span class='ocrx_word' id='word_1_419' title='bbox 152 3856 348 3937; x_wconf 85' lang='lat' dir='ltr'>aequationes</span> <span class='ocrx_word' id='word_1_420' title='bbox 372 3858 512 3919; x_wconf 86' lang='lat' dir='ltr'>eccentri.</span> <span class='ocrx_word' id='word_1_421' title='bbox 552 3857 578 3920; x_wconf 94' lang='grc' dir='ltr'><strong>Ο</strong></span> <span class='ocrx_word' id='word_1_422' title='bbox 604 3860 786 3921; x_wconf 79' lang='lat' dir='ltr'>fructuosam</span> <span class='ocrx_word' id='word_1_423' title='bbox 810 3859 986 3921; x_wconf 88' lang='lat' dir='ltr'>societatem</span> <span class='ocrx_word' id='word_1_424' title='bbox 1012 3860 1055 3921; x_wconf 92' lang='lat' dir='ltr'>rei</span> <span class='ocrx_word' id='word_1_425' title='bbox 1074 3859 1237 3941; x_wconf 85' lang='lat' dir='ltr'>utriusque,</span> <span class='ocrx_word' id='word_1_426' title='bbox 1262 3878 1338 3940; x_wconf 87' lang='lat' dir='ltr'>quae</span> <span class='ocrx_word' id='word_1_427' title='bbox 1353 3874 1471 3942; x_wconf 73' lang='lat' dir='ltr'>nunquit</span> 
     </span>
     <span class='ocr_line' id='line_1_41' title="bbox 153 3942 1471 4028; baseline 0.002 -21"><span class='ocrx_word' id='word_1_428' title='bbox 153 3964 281 4007; x_wconf 90' lang='lat' dir='ltr'>nonme</span> <span class='ocrx_word' id='word_1_429' title='bbox 306 3945 409 4026; x_wconf 89' lang='lat' dir='ltr'>dirigit</span> <span class='ocrx_word' id='word_1_430' title='bbox 441 3947 469 4007; x_wconf 94' lang='lat' dir='ltr'>in</span> <span class='ocrx_word' id='word_1_431' title='bbox 503 3955 551 4008; x_wconf 89' lang='lat' dir='ltr'>tot</span> <span class='ocrx_word' id='word_1_432' title='bbox 581 3948 851 4027; x_wconf 85' lang='lat' dir='ltr'>perplexitatibus!</span> <span class='ocrx_word' id='word_1_433' title='bbox 898 3948 968 4011; x_wconf 91' lang='lat' dir='ltr'>Jarn</span> <span class='ocrx_word' id='word_1_434' title='bbox 1000 3949 1091 4028; x_wconf 86' lang='lat' dir='ltr'>igitur</span> <span class='ocrx_word' id='word_1_435' title='bbox 1123 3949 1180 4011; x_wconf 91' lang='lat' dir='ltr'>hoo</span> <span class='ocrx_word' id='word_1_436' title='bbox 1212 3947 1327 4023; x_wconf 88' lang='lat' dir='ltr'>habeo,</span> <span class='ocrx_word' id='word_1_437' title='bbox 1360 3942 1471 4010; x_wconf 76' lang='lat' dir='ltr'>Fabrici</span> 
     </span>
     <span class='ocr_line' id='line_1_42' title="bbox 152 4032 1471 4118; baseline 0.005 -26"><span class='ocrx_word' id='word_1_438' title='bbox 152 4035 232 4095; x_wconf 88' lang='lat' dir='ltr'>viam</span> <span class='ocrx_word' id='word_1_439' title='bbox 254 4035 395 4114; x_wconf 90' lang='lat' dir='ltr'>planetae</span> <span class='ocrx_word' id='word_1_440' title='bbox 419 4035 605 4098; x_wconf 86' lang='lat' dir='ltr'>verissimam</span> <span class='ocrx_word' id='word_1_441' title='bbox 630 4055 697 4097; x_wconf 89' lang='lat' dir='ltr'>esse</span> <span class='ocrx_word' id='word_1_442' title='bbox 721 4037 838 4118; x_wconf 91' lang='lat' dir='ltr'>ellipsin</span> <span class='ocrx_word' id='word_1_443' title='bbox 863 4038 966 4116; x_wconf 90' lang='lat' dir='ltr'>(quarn</span> <span class='ocrx_word' id='word_1_444' title='bbox 987 4038 1120 4100; x_wconf 91' lang='lat' dir='ltr'>Durerus</span> <span class='ocrx_word' id='word_1_445' title='bbox 1144 4038 1247 4101; x_wconf 91' lang='lat' dir='ltr'>itidern</span> <span class='ocrx_word' id='word_1_446' title='bbox 1270 4034 1387 4099; x_wconf 79' lang='lat' dir='ltr'>ovalem</span> <span class='ocrx_word' id='word_1_447' title='bbox 1411 4032 1471 4099; x_wconf 83' lang='lat' dir='ltr'>dixit</span> 
     </span>
     <span class='ocr_line' id='line_1_43' title="bbox 153 4124 1471 4208; baseline 0.004 -26"><span class='ocrx_word' id='word_1_448' title='bbox 153 4131 206 4183; x_wconf 92' lang='lat' dir='ltr'>aut</span> <span class='ocrx_word' id='word_1_449' title='bbox 228 4132 309 4184; x_wconf 89' lang='lat' dir='ltr'>certe</span> <span class='ocrx_word' id='word_1_450' title='bbox 333 4124 499 4187; x_wconf 90' lang='lat' dir='ltr'>insensibili</span> <span class='ocrx_word' id='word_1_451' title='bbox 523 4125 623 4206; x_wconf 91' lang='lat' dir='ltr'>aliquo</span> <span class='ocrx_word' id='word_1_452' title='bbox 648 4126 686 4187; x_wconf 90' lang='lat' dir='ltr'>ab</span> <span class='ocrx_word' id='word_1_453' title='bbox 709 4127 807 4207; x_wconf 89' lang='lat' dir='ltr'>ellipsi</span> <span class='ocrx_word' id='word_1_454' title='bbox 832 4127 1027 4188; x_wconf 84' lang='lat' dir='ltr'>differentem.</span> <span class='ocrx_word' id='word_1_455' title='bbox 1075 4125 1256 4207; x_wconf 76' lang='lat' dir='ltr'>computavi</span> <span class='ocrx_word' id='word_1_456' title='bbox 1288 4126 1357 4189; x_wconf 90' lang='lat' dir='ltr'>iude</span> <span class='ocrx_word' id='word_1_457' title='bbox 1388 4143 1471 4208; x_wconf 76' lang='lat' dir='ltr'>aequo</span> 
     </span>
     <span class='ocr_line' id='line_1_44' title="bbox 155 4211 1471 4297; baseline 0.005 -26"><span class='ocrx_word' id='word_1_458' title='bbox 155 4211 251 4272; x_wconf 91' lang='lat' dir='ltr'>tiones</span> <span class='ocrx_word' id='word_1_459' title='bbox 266 4212 397 4274; x_wconf 86' lang='lat' dir='ltr'>aceentri</span> <span class='ocrx_word' id='word_1_460' title='bbox 412 4212 439 4275; x_wconf 89' lang='lat' dir='ltr'>in</span> <span class='ocrx_word' id='word_1_461' title='bbox 456 4214 564 4276; x_wconf 87' lang='lat' dir='ltr'>sitibus</span> <span class='ocrx_word' id='word_1_462' title='bbox 588 4215 784 4296; x_wconf 91' lang='lat' dir='ltr'>acronychiis,</span> <span class='ocrx_word' id='word_1_463' title='bbox 810 4215 936 4277; x_wconf 90' lang='lat' dir='ltr'>officium</span> <span class='ocrx_word' id='word_1_464' title='bbox 952 4216 1067 4278; x_wconf 88' lang='lat' dir='ltr'>faciunt</span> <span class='ocrx_word' id='word_1_465' title='bbox 1081 4217 1119 4277; x_wconf 92' lang='lat' dir='ltr'>ad</span> <span class='ocrx_word' id='word_1_466' title='bbox 1134 4235 1272 4297; x_wconf 87' lang='lat' dir='ltr'>unguem,</span> <span class='ocrx_word' id='word_1_467' title='bbox 1297 4217 1334 4277; x_wconf 90' lang='lat' dir='ltr'>de</span> <span class='ocrx_word' id='word_1_468' title='bbox 1348 4212 1471 4278; x_wconf 84' lang='lat' dir='ltr'>distanti</span> 
     </span>
     <span class='ocr_line' id='line_1_45' title="bbox 154 4300 1471 4385; baseline 0.004 -24"><span class='ocrx_word' id='word_1_469' title='bbox 154 4300 309 4380; x_wconf 90' lang='lat' dir='ltr'>quominus</span> <span class='ocrx_word' id='word_1_470' title='bbox 338 4301 417 4363; x_wconf 89' lang='lat' dir='ltr'>idem</span> <span class='ocrx_word' id='word_1_471' title='bbox 445 4303 542 4364; x_wconf 87' lang='lat' dir='ltr'>dicam</span> <span class='ocrx_word' id='word_1_472' title='bbox 575 4303 646 4364; x_wconf 86' lang='lat' dir='ltr'>fecit</span> <span class='ocrx_word' id='word_1_473' title='bbox 676 4322 777 4366; x_wconf 91' lang='lat' dir='ltr'>earum</span> <span class='ocrx_word' id='word_1_474' title='bbox 808 4303 1049 4385; x_wconf 90' lang='lat' dir='ltr'>inquirendarum</span> <span class='ocrx_word' id='word_1_475' title='bbox 1087 4306 1246 4368; x_wconf 87' lang='lat' dir='ltr'>methodus</span> <span class='ocrx_word' id='word_1_476' title='bbox 1276 4305 1366 4384; x_wconf 91' lang='lat' dir='ltr'>paulo</span> <span class='ocrx_word' id='word_1_477' title='bbox 1395 4302 1471 4366; x_wconf 77' lang='lat' dir='ltr'>laxis</span> 
     </span>
     <span class='ocr_line' id='line_1_46' title="bbox 154 4389 1471 4475; baseline 0.005 -26"><span class='ocrx_word' id='word_1_478' title='bbox 154 4408 230 4469; x_wconf 90' lang='lat' dir='ltr'>quae</span> <span class='ocrx_word' id='word_1_479' title='bbox 255 4408 372 4468; x_wconf 90' lang='lat' dir='ltr'>semper</span> <span class='ocrx_word' id='word_1_480' title='bbox 394 4409 440 4452; x_wconf 89' lang='lat' dir='ltr'>me</span> <span class='ocrx_word' id='word_1_481' title='bbox 465 4392 544 4453; x_wconf 88' lang='lat' dir='ltr'>circa</span> <span class='ocrx_word' id='word_1_482' title='bbox 566 4389 629 4454; x_wconf 87' lang='lat'>100</span> <span class='ocrx_word' id='word_1_483' title='bbox 646 4393 812 4470; x_wconf 86' lang='lat' dir='ltr'>particulas</span> <span class='ocrx_word' id='word_1_484' title='bbox 837 4394 865 4454; x_wconf 93' lang='lat' dir='ltr'>in</span> <span class='ocrx_word' id='word_1_485' title='bbox 890 4394 978 4455; x_wconf 90' lang='lat' dir='ltr'>dubio</span> <span class='ocrx_word' id='word_1_486' title='bbox 997 4395 1152 4475; x_wconf 86' lang='lat' dir='ltr'>relinquit,</span> <span class='ocrx_word' id='word_1_487' title='bbox 1178 4396 1270 4457; x_wconf 91' lang='lat' dir='ltr'>etiarn</span> <span class='ocrx_word' id='word_1_488' title='bbox 1285 4413 1353 4456; x_wconf 88' lang='lat' dir='ltr'>cum</span> <span class='ocrx_word' id='word_1_489' title='bbox 1373 4393 1471 4475; x_wconf 71' lang='lat' dir='ltr'>optimi</span> 
     </span>
     <span class='ocr_line' id='line_1_47' title="bbox 153 4474 1471 4564; baseline 0.006 -26"><span class='ocrx_word' id='word_1_490' title='bbox 153 4487 223 4539; x_wconf 90' lang='lat' dir='ltr'>sunt</span> <span class='ocrx_word' id='word_1_491' title='bbox 246 4474 491 4555; x_wconf 78' lang='lat' dir='ltr'>obserrirtiones;</span> <span class='ocrx_word' id='word_1_492' title='bbox 516 4481 596 4542; x_wconf 87' lang='lat' dir='ltr'>nosti</span> <span class='ocrx_word' id='word_1_493' title='bbox 620 4481 713 4556; x_wconf 88' lang='lat' dir='ltr'>enim,</span> <span class='ocrx_word' id='word_1_494' title='bbox 745 4482 874 4561; x_wconf 90' lang='lat' dir='ltr'>optimas</span> <span class='ocrx_word' id='word_1_495' title='bbox 905 4483 1131 4546; x_wconf 81' lang='lat' dir='ltr'>observationes</span> <span class='ocrx_word' id='word_1_496' title='bbox 1155 4504 1213 4546; x_wconf 92' lang='lat' dir='ltr'>ono</span> <span class='ocrx_word' id='word_1_497' title='bbox 1236 4483 1351 4545; x_wconf 89' lang='lat' dir='ltr'>minuto</span> <span class='ocrx_word' id='word_1_498' title='bbox 1374 4500 1471 4564; x_wconf 73' lang='lat' dir='ltr'>pecca</span> 
     </span>
     <span class='ocr_line' id='line_1_48' title="bbox 153 4568 1471 4654; baseline 0.005 -27"><span class='ocrx_word' id='word_1_499' title='bbox 153 4585 254 4645; x_wconf 90' lang='lat' dir='ltr'>posse.</span> <span class='ocrx_word' id='word_1_500' title='bbox 300 4568 345 4629; x_wconf 83' lang='lat' dir='ltr'>At</span> <span class='ocrx_word' id='word_1_501' title='bbox 368 4587 456 4630; x_wconf 90' lang='lat' dir='ltr'>unum</span> <span class='ocrx_word' id='word_1_502' title='bbox 479 4570 623 4631; x_wconf 91' lang='lat' dir='ltr'>minuturn</span> <span class='ocrx_word' id='word_1_503' title='bbox 647 4571 747 4632; x_wconf 90' lang='lat' dir='ltr'>variat</span> <span class='ocrx_word' id='word_1_504' title='bbox 770 4570 944 4633; x_wconf 87' lang='lat' dir='ltr'>distantiam</span> <span class='ocrx_word' id='word_1_505' title='bbox 975 4573 1161 4647; x_wconf 89' lang='lat' dir='ltr'>immaniter,</span> <span class='ocrx_word' id='word_1_506' title='bbox 1195 4573 1221 4634; x_wconf 88' lang='lat' dir='ltr'>si</span> <span class='ocrx_word' id='word_1_507' title='bbox 1253 4574 1379 4654; x_wconf 86' lang='lat' dir='ltr'>planeta</span> <span class='ocrx_word' id='word_1_508' title='bbox 1411 4590 1471 4653; x_wconf 75' lang='lat' dir='ltr'>prq</span> 
     </span>
     <span class='ocr_line' id='line_1_49' title="bbox 155 4653 1471 4744; baseline 0.007 -29"><span class='ocrx_word' id='word_1_509' title='bbox 155 4653 194 4732; x_wconf 78' lang='grc' dir='ltr'>Θ</span> <span class='ocrx_word' id='word_1_510' title='bbox 219 4662 274 4716; x_wconf 90' lang='lat' dir='ltr'>aut</span> <span class='ocrx_word' id='word_1_511' title='bbox 303 4657 458 4734; x_wconf 90' lang='lat' dir='ltr'>oppositus</span> <span class='ocrx_word' id='word_1_512' title='bbox 490 4657 530 4737; x_wconf 78' lang='grc' dir='ltr'>Θ</span> <span class='ocrx_word' id='word_1_513' title='bbox 565 4658 664 4720; x_wconf 86' lang='lat' dir='ltr'>fuerit.</span> <span class='ocrx_word' id='word_1_514' title='bbox 710 4660 776 4721; x_wconf 84' lang='lat' dir='ltr'>Hoc</span> <span class='ocrx_word' id='word_1_515' title='bbox 809 4670 908 4729; x_wconf 88' lang='lat' dir='ltr'>tamen</span> <span class='ocrx_word' id='word_1_516' title='bbox 938 4671 1051 4724; x_wconf 88' lang='lat' dir='ltr'>certum</span> <span class='ocrx_word' id='word_1_517' title='bbox 1077 4662 1213 4732; x_wconf 85' lang='lat' dir='ltr'>habeas,</span> <span class='ocrx_word' id='word_1_518' title='bbox 1247 4681 1336 4744; x_wconf 90' lang='lat' dir='ltr'>quarn</span> <span class='ocrx_word' id='word_1_519' title='bbox 1369 4661 1471 4742; x_wconf 81' lang='lat' dir='ltr'>proxiu</span> 
     </span>
     <span class='ocr_line' id='line_1_50' title="bbox 154 4744 1471 4831; baseline 0.01 -29"><span class='ocrx_word' id='word_1_520' title='bbox 154 4763 257 4807; x_wconf 89' lang='lat' dir='ltr'>verum</span> <span class='ocrx_word' id='word_1_521' title='bbox 287 4744 400 4806; x_wconf 89' lang='lat' dir='ltr'>venire.</span> <span class='ocrx_word' id='word_1_522' title='bbox 428 4779 465 4791; x_wconf 92' lang='lat'><em>-</em></span> <span class='ocrx_word' id='word_1_523' title='bbox 495 4749 602 4827; x_wconf 87' lang='lat' dir='ltr'>Itaque</span> <span class='ocrx_word' id='word_1_524' title='bbox 627 4755 722 4810; x_wconf 89' lang='lat' dir='ltr'>totam</span> <span class='ocrx_word' id='word_1_525' title='bbox 746 4749 926 4831; x_wconf 88' lang='lat' dir='ltr'>hypothesin</span> <span class='ocrx_word' id='word_1_526' title='bbox 951 4752 1006 4814; x_wconf 93' lang='lat' dir='ltr'>tibi</span> <span class='ocrx_word' id='word_1_527' title='bbox 1030 4752 1197 4814; x_wconf 90' lang='lat' dir='ltr'>delineabo.</span> <span class='ocrx_word' id='word_1_528' title='bbox 1244 4753 1329 4814; x_wconf 89' lang='lat' dir='ltr'>Data</span> <span class='ocrx_word' id='word_1_529' title='bbox 1352 4752 1471 4815; x_wconf 76' lang='lat' dir='ltr'>anomal</span> 
     </span>
     <span class='ocr_line' id='line_1_51' title="bbox 153 4834 1471 4931; baseline 0.006 -34"><span class='ocrx_word' id='word_1_530' title='bbox 153 4834 253 4897; x_wconf 89' lang='lat' dir='ltr'>media</span> <span class='ocrx_word' id='word_1_531' title='bbox 277 4836 345 4916; x_wconf 90' lang='lat' dir='ltr'>(per</span> <span class='ocrx_word' id='word_1_532' title='bbox 367 4843 469 4897; x_wconf 92' lang='lat' dir='ltr'>notum</span> <span class='ocrx_word' id='word_1_533' title='bbox 495 4835 550 4931; x_wconf 80' lang='lat' dir='ltr'>tibi</span> <span class='ocrx_word' id='word_1_534' title='bbox 573 4838 669 4900; x_wconf 88' lang='lat' dir='ltr'>locoru</span> <span class='ocrx_word' id='word_1_535' title='bbox 693 4838 821 4921; x_wconf 84' lang='lat' dir='ltr'>aphelii,</span> <span class='ocrx_word' id='word_1_536' title='bbox 845 4839 891 4901; x_wconf 90' lang='lat' dir='ltr'>cui</span> <span class='ocrx_word' id='word_1_537' title='bbox 915 4836 948 4902; x_wconf 77' lang='lat'>5‘</span> <span class='ocrx_word' id='word_1_538' title='bbox 970 4839 1085 4903; x_wconf 86' lang='lat' dir='ltr'>adimes</span> <span class='ocrx_word' id='word_1_539' title='bbox 1104 4842 1185 4921; x_wconf 85' lang='lat' dir='ltr'>jam,</span> <span class='ocrx_word' id='word_1_540' title='bbox 1210 4848 1242 4903; x_wconf 93' lang='lat' dir='ltr'>et</span> <span class='ocrx_word' id='word_1_541' title='bbox 1264 4848 1371 4904; x_wconf 87' lang='lat' dir='ltr'>notum</span> <span class='ocrx_word' id='word_1_542' title='bbox 1392 4848 1471 4905; x_wconf 86' lang='lat' dir='ltr'>rnotr</span> 
     </span>
    </p>
   </div>
   <div class='ocr_carea' id='block_1_4' title="bbox 0 0 1650 5550">
    <p class='ocr_par' dir='ltr' id='par_1_6' title="bbox 0 0 1650 5550">
     <span class='ocr_line' id='line_1_52' title="bbox 0 0 1650 5550; baseline 0 0"><span class='ocrx_word' id='word_1_543' title='bbox 0 0 1650 5550; x_wconf 95' lang='lat' dir='ltr'> </span> 
     </span>
    </p>
   </div>
  </div>
 </body>
</html>
