<?xml version="1.0" encoding="UTF-8"?>
<!DOCTYPE html PUBLIC "-//W3C//DTD XHTML 1.0 Transitional//EN"
    "http://www.w3.org/TR/xhtml1/DTD/xhtml1-transitional.dtd">
<html xmlns="http://www.w3.org/1999/xhtml" xml:lang="en" lang="en">
 <head>
  <title>
</title>
<meta http-equiv="Content-Type" content="text/html;charset=utf-8" />
  <meta name='ocr-system' content='tesseract 3.04.00' />
  <meta name='ocr-capabilities' content='ocr_page ocr_carea ocr_par ocr_line ocrx_word'/>
</head>
<body>
  <div class='ocr_page' id='page_1' title='image "./joanniskepleria12frisgoog/joanniskepleria12frisgoog_0464.png"; bbox 0 0 3278 5550; ppageno 0'>
   <div class='ocr_carea' id='block_1_1' title="bbox 1298 277 1379 390">
    <p class='ocr_par' dir='ltr' id='par_1_1' title="bbox 1298 277 1379 390">
     <span class='ocr_line' id='line_1_1' title="bbox 1298 277 1379 390; baseline 0.012 -1"><span class='ocrx_word' id='word_1_1' title='bbox 1298 277 1379 390; x_wconf 71' lang='lat' dir='ltr'><strong>uss</strong></span> 
     </span>
    </p>
   </div>
   <div class='ocr_carea' id='block_1_2' title="bbox 119 485 1382 1918">
    <p class='ocr_par' dir='ltr' id='par_1_2' title="bbox 119 485 1382 1918">
     <span class='ocr_line' id='line_1_2' title="bbox 120 485 1380 577; baseline 0.008 -26"><span class='ocrx_word' id='word_1_2' title='bbox 120 541 128 555; x_wconf 91' lang='lat'><strong>.</strong></span> <span class='ocrx_word' id='word_1_3' title='bbox 170 491 297 553; x_wconf 77' lang='lat' dir='ltr'><strong>blearnrn</strong></span> <span class='ocrx_word' id='word_1_4' title='bbox 326 492 413 567; x_wconf 76' lang='lat' dir='ltr'><strong>igitur</strong></span> <span class='ocrx_word' id='word_1_5' title='bbox 439 485 559 567; x_wconf 82' lang='lat' dir='ltr'><strong>partium</strong></span> <span class='ocrx_word' id='word_1_6' title='bbox 587 496 655 559; x_wconf 87' lang='lat' dir='ltr'><strong>erit,</strong></span> <span class='ocrx_word' id='word_1_7' title='bbox 678 496 834 551; x_wconf 75' lang='lat' dir='ltr'><strong>occasiones</strong></span> <span class='ocrx_word' id='word_1_8' title='bbox 856 498 926 551; x_wconf 91' lang='lat' dir='ltr'><strong>bene</strong></span> <span class='ocrx_word' id='word_1_9' title='bbox 947 489 1124 555; x_wconf 71' lang='lat' dir='ltr'>collocandae</span> <span class='ocrx_word' id='word_1_10' title='bbox 1144 490 1226 571; x_wconf 55' lang='lat' dir='ltr'><strong>btqi&#39;ns&#39;</strong></span> <span class='ocrx_word' id='word_1_11' title='bbox 1248 490 1380 577; x_wconf 76' lang='lat' dir='ltr'><strong>ablega.</strong></span> 
     </span>
     <span class='ocr_line' id='line_1_3' title="bbox 119 576 1379 650; baseline 0.006 -18"><span class='ocrx_word' id='word_1_12' title='bbox 119 578 186 632; x_wconf 85' lang='lat' dir='ltr'><strong>milii</strong></span> <span class='ocrx_word' id='word_1_13' title='bbox 217 578 382 647; x_wconf 74' lang='lat' dir='ltr'>impetratae</span> <span class='ocrx_word' id='word_1_14' title='bbox 411 576 622 631; x_wconf 82' lang='lat' dir='ltr'><strong>benevolentiae</strong></span> <span class='ocrx_word' id='word_1_15' title='bbox 643 576 855 647; x_wconf 77' lang='lat' dir='ltr'><strong>circumspicere.</strong></span> <span class='ocrx_word' id='word_1_16' title='bbox 898 583 1015 650; x_wconf 80' lang='lat' dir='ltr'><strong>(Spectat</strong></span> <span class='ocrx_word' id='word_1_17' title='bbox 1037 584 1076 635; x_wconf 88' lang='lat' dir='ltr'><strong>his</strong></span> <span class='ocrx_word' id='word_1_18' title='bbox 1102 585 1136 636; x_wconf 87' lang='lat' dir='ltr'><strong>K.</strong></span> <span class='ocrx_word' id='word_1_19' title='bbox 1164 589 1290 640; x_wconf 86' lang='lat' dir='ltr'><strong>consilinm</strong></span> <span class='ocrx_word' id='word_1_20' title='bbox 1316 592 1379 642; x_wconf 85' lang='lat' dir='ltr'><strong>Her·</strong></span> 
     </span>
     <span class='ocr_line' id='line_1_4' title="bbox 119 654 1382 737; baseline 0.002 -21"><span class='ocrx_word' id='word_1_21' title='bbox 119 667 151 716; x_wconf 84' lang='lat' dir='ltr'><strong>ie</strong></span> <span class='ocrx_word' id='word_1_22' title='bbox 169 664 260 716; x_wconf 67' lang='lat' dir='ltr'><strong>suado</strong></span> <span class='ocrx_word' id='word_1_23' title='bbox 278 679 322 714; x_wconf 89' lang='lat' dir='ltr'><strong>suo</strong></span> <span class='ocrx_word' id='word_1_24' title='bbox 340 660 516 727; x_wconf 83' lang='lat' dir='ltr'><strong>impetrando).</strong></span> <span class='ocrx_word' id='word_1_25' title='bbox 556 657 656 711; x_wconf 87' lang='lat' dir='ltr'><strong>Alter&#39;a</strong></span> <span class='ocrx_word' id='word_1_26' title='bbox 684 658 804 727; x_wconf 88' lang='lat' dir='ltr'><strong>epistola</strong></span> <span class='ocrx_word' id='word_1_27' title='bbox 829 660 854 713; x_wconf 92' lang='lat' dir='ltr'><strong>d.</strong></span> <span class='ocrx_word' id='word_1_28' title='bbox 879 654 923 714; x_wconf 83' lang='lat'><strong>16.</strong></span> <span class='ocrx_word' id='word_1_29' title='bbox 949 658 1032 727; x_wconf 80' lang='lat' dir='ltr'><strong>hujus</strong></span> <span class='ocrx_word' id='word_1_30' title='bbox 1058 658 1119 729; x_wconf 74' lang='lat' dir='ltr'><strong>Jam</strong></span> <span class='ocrx_word' id='word_1_31' title='bbox 1149 661 1265 732; x_wconf 89' lang='lat' dir='ltr'><strong>scripta,</strong></span> <span class='ocrx_word' id='word_1_32' title='bbox 1286 664 1382 737; x_wconf 83' lang='lat' dir='ltr'><strong>Pragn</strong></span> 
     </span>
     <span class='ocr_line' id='line_1_5' title="bbox 119 734 1380 809; baseline 0.004 -16"><span class='ocrx_word' id='word_1_33' title='bbox 119 738 289 794; x_wconf 89' lang='lat' dir='ltr'><strong>Braudisium</strong></span> <span class='ocrx_word' id='word_1_34' title='bbox 310 743 354 791; x_wconf 88' lang='lat' dir='ltr'><strong>est</strong></span> <span class='ocrx_word' id='word_1_35' title='bbox 373 737 543 791; x_wconf 89' lang='lat' dir='ltr'><strong>transmissa.</strong></span> <span class='ocrx_word' id='word_1_36' title='bbox 585 737 644 799; x_wconf 87' lang='lat' dir='ltr'><strong>Quo</strong></span> <span class='ocrx_word' id='word_1_37' title='bbox 666 738 753 791; x_wconf 88' lang='lat' dir='ltr'><strong>minus</strong></span> <span class='ocrx_word' id='word_1_38' title='bbox 773 738 866 792; x_wconf 90' lang='lat' dir='ltr'><strong>mirari</strong></span> <span class='ocrx_word' id='word_1_39' title='bbox 887 740 969 792; x_wconf 91' lang='lat' dir='ltr'><strong>debes</strong></span> <span class='ocrx_word' id='word_1_40' title='bbox 991 745 1100 809; x_wconf 90' lang='lat' dir='ltr'><strong>turpem</strong></span> <span class='ocrx_word' id='word_1_41' title='bbox 1120 734 1380 798; x_wconf 84' lang='lat' dir='ltr'><strong>amanuensis-rus·</strong></span> 
     </span>
     <span class='ocr_line' id='line_1_6' title="bbox 136 817 1381 892; baseline 0.005 -19"><span class='ocrx_word' id='word_1_42' title='bbox 136 835 257 874; x_wconf 89' lang='lat' dir='ltr'><strong>manum.</strong></span> <span class='ocrx_word' id='word_1_43' title='bbox 300 817 437 872; x_wconf 86' lang='lat' dir='ltr'><strong>Misissem</strong></span> <span class='ocrx_word' id='word_1_44' title='bbox 455 833 544 870; x_wconf 90' lang='lat' dir='ltr'><strong>meam</strong></span> <span class='ocrx_word' id='word_1_45' title='bbox 564 833 685 881; x_wconf 89' lang='lat' dir='ltr'><strong>manum,</strong></span> <span class='ocrx_word' id='word_1_46' title='bbox 707 817 760 870; x_wconf 89' lang='lat' dir='ltr'><strong>nisi</strong></span> <span class='ocrx_word' id='word_1_47' title='bbox 780 819 892 873; x_wconf 91' lang='lat' dir='ltr'><strong>confuse</strong></span> <span class='ocrx_word' id='word_1_48' title='bbox 913 820 1055 874; x_wconf 84' lang='lat' dir='ltr'>admodum</span> <span class='ocrx_word' id='word_1_49' title='bbox 1075 828 1151 873; x_wconf 91' lang='lat' dir='ltr'><strong>esset</strong></span> <span class='ocrx_word' id='word_1_50' title='bbox 1171 820 1304 892; x_wconf 87' lang='lat' dir='ltr'><strong>disposita</strong></span> <span class='ocrx_word' id='word_1_51' title='bbox 1324 842 1381 879; x_wconf 87' lang='lat' dir='ltr'><strong>res·</strong></span> 
     </span>
     <span class='ocr_line' id='line_1_7' title="bbox 119 897 1380 969; baseline 0.006 -17"><span class='ocrx_word' id='word_1_52' title='bbox 119 917 137 954; x_wconf 86' lang='grc' dir='ltr'>ι.</span> <span class='ocrx_word' id='word_1_53' title='bbox 159 929 200 939; x_wconf 92' lang='lat'><em>-</em></span> <span class='ocrx_word' id='word_1_54' title='bbox 218 899 263 953; x_wconf 92' lang='lat' dir='ltr'><strong>De</strong></span> <span class='ocrx_word' id='word_1_55' title='bbox 283 905 343 952; x_wconf 89' lang='lat' dir='ltr'><strong>arte</strong></span> <span class='ocrx_word' id='word_1_56' title='bbox 364 897 514 969; x_wconf 87' lang='lat' dir='ltr'><strong>navigandi</strong></span> <span class='ocrx_word' id='word_1_57' title='bbox 535 897 669 951; x_wconf 90' lang='lat' dir='ltr'><strong>sollicitus</strong></span> <span class='ocrx_word' id='word_1_58' title='bbox 690 897 824 952; x_wconf 88' lang='lat' dir='ltr'><strong>hactenus</strong></span> <span class='ocrx_word' id='word_1_59' title='bbox 846 917 900 952; x_wconf 95' lang='lat' dir='ltr'><strong>non</strong></span> <span class='ocrx_word' id='word_1_60' title='bbox 920 898 972 962; x_wconf 78' lang='lat' dir='ltr'><strong>fini,</strong></span> <span class='ocrx_word' id='word_1_61' title='bbox 1001 900 1102 969; x_wconf 88' lang='lat' dir='ltr'><strong>quippe</strong></span> <span class='ocrx_word' id='word_1_62' title='bbox 1122 902 1274 956; x_wconf 75' lang='lat' dir='ltr'><strong>latissimae</strong></span> <span class='ocrx_word' id='word_1_63' title='bbox 1296 906 1380 959; x_wconf 86' lang='lat' dir='ltr'><strong>conti·</strong></span> 
     </span>
     <span class='ocr_line' id='line_1_8' title="bbox 119 976 1382 1049; baseline 0.007 -20"><span class='ocrx_word' id='word_1_64' title='bbox 119 1000 121 1029; x_wconf 72' lang='grc' dir='ltr'>ι</span> <span class='ocrx_word' id='word_1_65' title='bbox 145 980 284 1041; x_wconf 88' lang='lat' dir='ltr'><strong>alumnus;</strong></span> <span class='ocrx_word' id='word_1_66' title='bbox 315 994 347 1032; x_wconf 89' lang='lat' dir='ltr'><strong>ac</strong></span> <span class='ocrx_word' id='word_1_67' title='bbox 368 996 402 1032; x_wconf 94' lang='lat' dir='ltr'><strong>ne</strong></span> <span class='ocrx_word' id='word_1_68' title='bbox 423 978 539 1031; x_wconf 89' lang='lat' dir='ltr'><strong>Nonium</strong></span> <span class='ocrx_word' id='word_1_69' title='bbox 560 977 666 1048; x_wconf 88' lang='lat' dir='ltr'><strong>quidem</strong></span> <span class='ocrx_word' id='word_1_70' title='bbox 696 978 768 1049; x_wconf 88' lang='lat' dir='ltr'><strong>legi,</strong></span> <span class='ocrx_word' id='word_1_71' title='bbox 800 979 845 1049; x_wconf 91' lang='lat' dir='ltr'><strong>qui</strong></span> <span class='ocrx_word' id='word_1_72' title='bbox 870 979 977 1049; x_wconf 92' lang='lat' dir='ltr'><strong>quidem</strong></span> <span class='ocrx_word' id='word_1_73' title='bbox 998 982 1133 1034; x_wconf 87' lang='lat' dir='ltr'><strong>exstabat</strong></span> <span class='ocrx_word' id='word_1_74' title='bbox 1156 981 1185 1036; x_wconf 89' lang='lat' dir='ltr'><strong>in</strong></span> <span class='ocrx_word' id='word_1_75' title='bbox 1213 976 1382 1038; x_wconf 72' lang='lat' dir='ltr'><strong>bibliotheca</strong></span> 
     </span>
     <span class='ocr_line' id='line_1_9' title="bbox 119 1058 1379 1129; baseline 0.002 -15"><span class='ocrx_word' id='word_1_76' title='bbox 119 1060 180 1114; x_wconf 75' lang='lat' dir='ltr'><strong>inis.</strong></span> <span class='ocrx_word' id='word_1_77' title='bbox 223 1058 318 1114; x_wconf 87' lang='lat' dir='ltr'><strong>Incidit</strong></span> <span class='ocrx_word' id='word_1_78' title='bbox 346 1065 453 1122; x_wconf 89' lang='lat' dir='ltr'><strong>tamen,</strong></span> <span class='ocrx_word' id='word_1_79' title='bbox 484 1058 616 1127; x_wconf 80' lang='lat' dir='ltr'><strong>prodiisse</strong></span> <span class='ocrx_word' id='word_1_80' title='bbox 648 1075 701 1111; x_wconf 93' lang='lat' dir='ltr'><strong>non</strong></span> <span class='ocrx_word' id='word_1_81' title='bbox 729 1059 769 1111; x_wconf 88' lang='lat' dir='ltr'><strong>ita</strong></span> <span class='ocrx_word' id='word_1_82' title='bbox 800 1058 902 1129; x_wconf 87' lang='lat' dir='ltr'><strong>pridem</strong></span> <span class='ocrx_word' id='word_1_83' title='bbox 924 1058 959 1114; x_wconf 90' lang='lat' dir='ltr'><strong>H.</strong></span> <span class='ocrx_word' id='word_1_84' title='bbox 981 1059 1070 1113; x_wconf 87' lang='lat' dir='ltr'><strong>Grotii</strong></span> <span class='ocrx_word' id='word_1_85' title='bbox 1097 1060 1379 1122; x_wconf 53' lang='lat' dir='ltr'><strong>,Limenneuresica&#39;t</strong></span> 
     </span>
     <span class='ocr_line' id='line_1_10' title="bbox 119 1138 1379 1213; baseline 0.002 -19"><span class='ocrx_word' id='word_1_86' title='bbox 119 1140 234 1213; x_wconf 82' lang='lat' dir='ltr'><strong>agnetis</strong></span> <span class='ocrx_word' id='word_1_87' title='bbox 255 1156 320 1194; x_wconf 84' lang='lat' dir='ltr'><strong>vero</strong></span> <span class='ocrx_word' id='word_1_88' title='bbox 341 1146 443 1193; x_wconf 90' lang='lat' dir='ltr'><strong>natura</strong></span> <span class='ocrx_word' id='word_1_89' title='bbox 463 1138 648 1192; x_wconf 85' lang='lat' dir='ltr'><strong>Gilbertus</strong></span> <span class='ocrx_word' id='word_1_90' title='bbox 669 1138 823 1192; x_wconf 87' lang='lat' dir='ltr'><strong>doctissime</strong></span> <span class='ocrx_word' id='word_1_91' title='bbox 845 1138 962 1208; x_wconf 79' lang='lat' dir='ltr'><strong>scripsit.</strong></span> <span class='ocrx_word' id='word_1_92' title='bbox 1005 1141 1048 1192; x_wconf 87' lang='lat' dir='ltr'><strong>De</strong></span> <span class='ocrx_word' id='word_1_93' title='bbox 1069 1140 1285 1211; x_wconf 76' lang='lat' dir='ltr'><strong>longitudinibus</strong></span> <span class='ocrx_word' id='word_1_94' title='bbox 1307 1144 1379 1196; x_wconf 91' lang='lat' dir='ltr'><strong>loco-</strong></span> 
     </span>
     <span class='ocr_line' id='line_1_11' title="bbox 119 1218 1379 1291; baseline 0.001 -15"><span class='ocrx_word' id='word_1_95' title='bbox 119 1219 245 1276; x_wconf 83' lang='lat' dir='ltr'><strong>beneficio</strong></span> <span class='ocrx_word' id='word_1_96' title='bbox 259 1220 395 1291; x_wconf 55' lang='lat' dir='ltr'><strong>mametis</strong></span> <span class='ocrx_word' id='word_1_97' title='bbox 410 1220 439 1272; x_wconf 92' lang='lat' dir='ltr'><strong>in</strong></span> <span class='ocrx_word' id='word_1_98' title='bbox 452 1218 546 1273; x_wconf 89' lang='lat' dir='ltr'><strong>mediis</strong></span> <span class='ocrx_word' id='word_1_99' title='bbox 560 1218 638 1271; x_wconf 90' lang='lat' dir='ltr'><strong>undis</strong></span> <span class='ocrx_word' id='word_1_100' title='bbox 654 1218 823 1273; x_wconf 89' lang='lat' dir='ltr'><strong>addiscendis</strong></span> <span class='ocrx_word' id='word_1_101' title='bbox 839 1219 871 1274; x_wconf 90' lang='lat' dir='ltr'><strong>G.</strong></span> <span class='ocrx_word' id='word_1_102' title='bbox 893 1219 1112 1274; x_wconf 87' lang='lat' dir='ltr'><strong>Nautonnier</strong></span> <span class='ocrx_word' id='word_1_103' title='bbox 1131 1220 1211 1274; x_wconf 92' lang='lat' dir='ltr'><strong>Sienr</strong></span> <span class='ocrx_word' id='word_1_104' title='bbox 1224 1224 1257 1275; x_wconf 91' lang='lat' dir='ltr'><strong>de</strong></span> <span class='ocrx_word' id='word_1_105' title='bbox 1273 1225 1379 1277; x_wconf 88' lang='lat' dir='ltr'><strong>Castel-</strong></span> 
     </span>
     <span class='ocr_line' id='line_1_12' title="bbox 129 1297 1382 1372; baseline 0.002 -18"><span class='ocrx_word' id='word_1_106' title='bbox 129 1318 167 1359; x_wconf 88' lang='lat' dir='ltr'><strong>en</strong></span> <span class='ocrx_word' id='word_1_107' title='bbox 187 1301 355 1372; x_wconf 85' lang='lat' dir='ltr'><strong>Langnedoo</strong></span> <span class='ocrx_word' id='word_1_108' title='bbox 375 1297 606 1369; x_wconf 89' lang='lat' dir='ltr'><strong>splendidissimas</strong></span> <span class='ocrx_word' id='word_1_109' title='bbox 627 1299 755 1368; x_wconf 89' lang='lat' dir='ltr'><strong>proponit</strong></span> <span class='ocrx_word' id='word_1_110' title='bbox 776 1297 987 1368; x_wconf 83' lang='lat' dir='ltr'><strong>speculationes.</strong></span> <span class='ocrx_word' id='word_1_111' title='bbox 1029 1303 1067 1353; x_wconf 86' lang='grc' dir='ltr'>Δι</span> <span class='ocrx_word' id='word_1_112' title='bbox 1097 1318 1130 1353; x_wconf 91' lang='lat' dir='ltr'><strong>ne</strong></span> <span class='ocrx_word' id='word_1_113' title='bbox 1159 1301 1238 1356; x_wconf 89' lang='lat' dir='ltr'><strong>irrita</strong></span> <span class='ocrx_word' id='word_1_114' title='bbox 1268 1304 1382 1357; x_wconf 89' lang='lat' dir='ltr'><strong>consilia</strong></span> 
     </span>
     <span class='ocr_line' id='line_1_13' title="bbox 119 1378 1379 1455; baseline -0.001 -19"><span class='ocrx_word' id='word_1_115' title='bbox 119 1380 334 1455; x_wconf 67' lang='lat' dir='ltr'><strong>gubernaculum</strong></span> <span class='ocrx_word' id='word_1_116' title='bbox 361 1396 443 1433; x_wconf 88' lang='lat' dir='ltr'><strong>mann</strong></span> <span class='ocrx_word' id='word_1_117' title='bbox 468 1378 650 1442; x_wconf 85' lang='lat' dir='ltr'><strong>versantibus,</strong></span> <span class='ocrx_word' id='word_1_118' title='bbox 683 1379 763 1432; x_wconf 82' lang='lat' dir='ltr'><strong>valde</strong></span> <span class='ocrx_word' id='word_1_119' title='bbox 792 1396 898 1434; x_wconf 85' lang='lat' dir='ltr'><strong>vereor.</strong></span> <span class='ocrx_word' id='word_1_120' title='bbox 940 1380 1041 1434; x_wconf 87' lang='lat' dir='ltr'><strong>Vocem</strong></span> <span class='ocrx_word' id='word_1_121' title='bbox 1071 1380 1194 1445; x_wconf 83' lang='lat' dir='ltr'><strong>enim,·e</strong></span> <span class='ocrx_word' id='word_1_122' title='bbox 1215 1380 1379 1437; x_wconf 82' lang='lat' dir='ltr'><strong>&#39;continentis</strong></span> 
     </span>
     <span class='ocr_line' id='line_1_14' title="bbox 119 1458 1380 1534; baseline 0.002 -19"><span class='ocrx_word' id='word_1_123' title='bbox 119 1460 186 1516; x_wconf 93' lang='lat' dir='ltr'><strong>nllio</strong></span> <span class='ocrx_word' id='word_1_124' title='bbox 206 1460 365 1532; x_wconf 81' lang='lat' dir='ltr'><strong>longissime</strong></span> <span class='ocrx_word' id='word_1_125' title='bbox 379 1459 538 1529; x_wconf 80' lang='lat' dir='ltr'><strong>prolectam,</strong></span> <span class='ocrx_word' id='word_1_126' title='bbox 559 1458 680 1527; x_wconf 90' lang='lat' dir='ltr'><strong>palinuri</strong></span> <span class='ocrx_word' id='word_1_127' title='bbox 699 1459 800 1512; x_wconf 87' lang='lat' dir='ltr'><strong>medios</strong></span> <span class='ocrx_word' id='word_1_128' title='bbox 822 1459 894 1513; x_wconf 88' lang='lat' dir='ltr'><strong>inter</strong></span> <span class='ocrx_word' id='word_1_129' title='bbox 912 1460 1010 1514; x_wconf 85' lang='lat' dir='ltr'><strong>fluctus</strong></span> <span class='ocrx_word' id='word_1_130' title='bbox 1025 1461 1120 1517; x_wconf 85' lang='lat' dir='ltr'><strong>oceani</strong></span> <span class='ocrx_word' id='word_1_131' title='bbox 1142 1478 1197 1515; x_wconf 92' lang='lat' dir='ltr'><strong>non</strong></span> <span class='ocrx_word' id='word_1_132' title='bbox 1217 1462 1380 1534; x_wconf 85' lang='lat' dir='ltr'><strong>lacile·per·</strong></span> 
     </span>
     <span class='ocr_line' id='line_1_15' title="bbox 119 1539 1380 1613; baseline 0.001 -17"><span class='ocrx_word' id='word_1_133' title='bbox 119 1548 149 1605; x_wconf 81' lang='lat' dir='ltr'><strong>st,</strong></span> <span class='ocrx_word' id='word_1_134' title='bbox 170 1548 203 1596; x_wconf 93' lang='lat' dir='ltr'><strong>ut</strong></span> <span class='ocrx_word' id='word_1_135' title='bbox 217 1542 252 1595; x_wconf 91' lang='lat' dir='ltr'><strong>ad</strong></span> <span class='ocrx_word' id='word_1_136' title='bbox 272 1557 333 1595; x_wconf 88' lang='lat' dir='ltr'><strong>eam</strong></span> <span class='ocrx_word' id='word_1_137' title='bbox 353 1557 414 1594; x_wconf 91' lang='lat' dir='ltr'><strong>sese</strong></span> <span class='ocrx_word' id='word_1_138' title='bbox 429 1556 590 1609; x_wconf 89' lang='lat' dir='ltr'><strong>componere</strong></span> <span class='ocrx_word' id='word_1_139' title='bbox 611 1539 726 1608; x_wconf 86' lang='lat' dir='ltr'><strong>possint.</strong></span> <span class='ocrx_word' id='word_1_140' title='bbox 761 1539 822 1592; x_wconf 90' lang='lat' dir='ltr'><strong>Vidi</strong></span> <span class='ocrx_word' id='word_1_141' title='bbox 842 1547 872 1593; x_wconf 92' lang='lat' dir='ltr'><strong>et</strong></span> <span class='ocrx_word' id='word_1_142' title='bbox 886 1540 1052 1593; x_wconf 86' lang='lat' dir='ltr'><strong>Germanum</strong></span> <span class='ocrx_word' id='word_1_143' title='bbox 1065 1541 1190 1613; x_wconf 83' lang='lat' dir='ltr'><strong>aliquem.</strong></span> <span class='ocrx_word' id='word_1_144' title='bbox 1213 1543 1258 1612; x_wconf 91' lang='lat' dir='ltr'><strong>qni</strong></span> <span class='ocrx_word' id='word_1_145' title='bbox 1273 1543 1300 1596; x_wconf 93' lang='lat' dir='ltr'><strong>in</strong></span> <span class='ocrx_word' id='word_1_146' title='bbox 1315 1544 1380 1603; x_wconf 85' lang='lat' dir='ltr'><strong>folio</strong></span> 
     </span>
     <span class='ocr_line' id='line_1_16' title="bbox 119 1612 1380 1695; baseline 0.002 -20"><span class='ocrx_word' id='word_1_147' title='bbox 119 1622 135 1684; x_wconf 89' lang='lat' dir='ltr'><strong>i,</strong></span> <span class='ocrx_word' id='word_1_148' title='bbox 157 1621 262 1676; x_wconf 86' lang='lat' dir='ltr'><strong>chartis</strong></span> <span class='ocrx_word' id='word_1_149' title='bbox 282 1637 355 1675; x_wconf 89' lang='lat' dir='ltr'><strong>mere</strong></span> <span class='ocrx_word' id='word_1_150' title='bbox 369 1620 486 1674; x_wconf 84' lang='lat' dir='ltr'><strong>nauticis</strong></span> <span class='ocrx_word' id='word_1_151' title='bbox 507 1618 618 1672; x_wconf 86' lang='lat' dir='ltr'><strong>nautico</strong></span> <span class='ocrx_word' id='word_1_152' title='bbox 633 1632 706 1672; x_wconf 87' lang='lat' dir='ltr'><strong>more</strong></span> <span class='ocrx_word' id='word_1_153' title='bbox 727 1626 870 1682; x_wconf 88' lang='lat' dir='ltr'><strong>exornato,</strong></span> <span class='ocrx_word' id='word_1_154' title='bbox 893 1620 1102 1689; x_wconf 85' lang='lat' dir='ltr'><strong>descriptionem</strong></span> <span class='ocrx_word' id='word_1_155' title='bbox 1117 1612 1244 1675; x_wconf 83' lang='lat' dir='ltr'><strong>exhibuit</strong></span> <span class='ocrx_word' id='word_1_156' title='bbox 1264 1624 1380 1695; x_wconf 86' lang='lat' dir='ltr'><strong>omnium</strong></span> 
     </span>
     <span class='ocr_line' id='line_1_17' title="bbox 119 1692 1380 1773; baseline -0.001 -16"><span class='ocrx_word' id='word_1_157' title='bbox 119 1719 146 1757; x_wconf 89' lang='lat' dir='ltr'><strong>m</strong></span> <span class='ocrx_word' id='word_1_158' title='bbox 175 1701 259 1757; x_wconf 87' lang='lat' dir='ltr'><strong>maris</strong></span> <span class='ocrx_word' id='word_1_159' title='bbox 279 1701 381 1755; x_wconf 88' lang='lat' dir='ltr'><strong>Baitioi</strong></span> <span class='ocrx_word' id='word_1_160' title='bbox 410 1707 441 1755; x_wconf 89' lang='lat' dir='ltr'><strong>et</strong></span> <span class='ocrx_word' id='word_1_161' title='bbox 469 1699 563 1754; x_wconf 91' lang='lat' dir='ltr'><strong>oceani</strong></span> <span class='ocrx_word' id='word_1_162' title='bbox 586 1698 748 1762; x_wconf 84' lang='lat' dir='ltr'><strong>Germanici,</strong></span> <span class='ocrx_word' id='word_1_163' title='bbox 775 1700 947 1770; x_wconf 68' lang='lat' dir='ltr'><strong>Aquitania,</strong></span> <span class='ocrx_word' id='word_1_164' title='bbox 970 1701 1140 1765; x_wconf 88' lang='lat' dir='ltr'><strong>Cantabrici,</strong></span> <span class='ocrx_word' id='word_1_165' title='bbox 1172 1692 1257 1773; x_wconf 61' lang='grc' dir='ltr'>ιιειὶιιο</span> <span class='ocrx_word' id='word_1_166' title='bbox 1279 1705 1380 1758; x_wconf 86' lang='lat' dir='ltr'><strong>Gades.</strong></span> 
     </span>
     <span class='ocr_line' id='line_1_18' title="bbox 119 1779 1382 1852; baseline 0 -17"><span class='ocrx_word' id='word_1_167' title='bbox 119 1807 121 1829; x_wconf 83' lang='grc' dir='ltr'>ι</span> <span class='ocrx_word' id='word_1_168' title='bbox 142 1783 234 1836; x_wconf 82' lang='lat' dir='ltr'><strong>fluxus</strong></span> <span class='ocrx_word' id='word_1_169' title='bbox 255 1789 285 1835; x_wconf 87' lang='lat' dir='ltr'><strong>et</strong></span> <span class='ocrx_word' id='word_1_170' title='bbox 304 1783 425 1835; x_wconf 85' lang='lat' dir='ltr'><strong>refluxus</strong></span> <span class='ocrx_word' id='word_1_171' title='bbox 454 1779 536 1835; x_wconf 90' lang='lat' dir='ltr'><strong>maris</strong></span> <span class='ocrx_word' id='word_1_172' title='bbox 562 1787 693 1834; x_wconf 87' lang='lat' dir='ltr'><strong>accurata</strong></span> <span class='ocrx_word' id='word_1_173' title='bbox 712 1780 867 1833; x_wconf 81' lang='lat' dir='ltr'><strong>continetur</strong></span> <span class='ocrx_word' id='word_1_174' title='bbox 887 1780 1037 1850; x_wconf 87' lang='lat' dir='ltr'><strong>explicatio</strong></span> <span class='ocrx_word' id='word_1_175' title='bbox 1059 1789 1265 1852; x_wconf 87' lang='lat' dir='ltr'><strong>ceterorumque</strong></span> <span class='ocrx_word' id='word_1_176' title='bbox 1286 1783 1382 1839; x_wconf 84' lang='lat' dir='ltr'><strong>oceani</strong></span> 
     </span>
     <span class='ocr_line' id='line_1_19' title="bbox 119 1859 582 1918; baseline -0.006 -2"><span class='ocrx_word' id='word_1_177' title='bbox 119 1880 164 1918; x_wconf 87' lang='lat' dir='ltr'><strong>un.</strong></span> <span class='ocrx_word' id='word_1_178' title='bbox 206 1864 310 1918; x_wconf 88' lang='lat' dir='ltr'><strong>Nomen</strong></span> <span class='ocrx_word' id='word_1_179' title='bbox 330 1860 450 1917; x_wconf 87' lang='lat' dir='ltr'><strong>auctoris</strong></span> <span class='ocrx_word' id='word_1_180' title='bbox 471 1859 582 1914; x_wconf 82' lang='lat' dir='ltr'><strong>excidit.</strong></span> 
     </span>
    </p>
   </div>
   <div class='ocr_carea' id='block_1_3' title="bbox 119 1943 1385 2745">
    <p class='ocr_par' dir='ltr' id='par_1_3' title="bbox 119 1943 1385 2745">
     <span class='ocr_line' id='line_1_20' title="bbox 124 1943 1380 2027; baseline 0.002 -21"><span class='ocrx_word' id='word_1_181' title='bbox 124 1951 342 2023; x_wconf 81' lang='lat' dir='ltr'><strong>Aliquammnlta</strong></span> <span class='ocrx_word' id='word_1_182' title='bbox 366 1952 399 2003; x_wconf 91' lang='lat' dir='ltr'><strong>de</strong></span> <span class='ocrx_word' id='word_1_183' title='bbox 420 1950 474 2003; x_wconf 83' lang='lat' dir='ltr'><strong>lrao</strong></span> <span class='ocrx_word' id='word_1_184' title='bbox 493 1967 523 2003; x_wconf 89' lang='lat' dir='ltr'><strong>re</strong></span> <span class='ocrx_word' id='word_1_185' title='bbox 544 1949 572 2002; x_wconf 90' lang='lat' dir='ltr'><strong>in</strong></span> <span class='ocrx_word' id='word_1_186' title='bbox 591 1949 636 2003; x_wconf 69' lang='lat' dir='ltr'><strong>br.</strong></span> <span class='ocrx_word' id='word_1_187' title='bbox 658 1948 814 2003; x_wconf 89' lang='lat' dir='ltr'><strong>Patricio</strong></span> <span class='ocrx_word' id='word_1_188' title='bbox 835 1949 1022 2003; x_wconf 84' lang='lat' dir='ltr'><strong>inveniuntur:</strong></span> <span class='ocrx_word' id='word_1_189' title='bbox 1050 1951 1172 2027; x_wconf 85' lang='lat' dir='ltr'><strong>quamvis</strong></span> <span class='ocrx_word' id='word_1_190' title='bbox 1193 1952 1216 2006; x_wconf 91' lang='lat' dir='ltr'><strong>is</strong></span> <span class='ocrx_word' id='word_1_191' title='bbox 1235 1943 1380 2022; x_wconf 84' lang='lat' dir='ltr'><strong>perperam</strong></span> 
     </span>
     <span class='ocr_line' id='line_1_21' title="bbox 119 2025 1382 2098; baseline 0.001 -11"><span class='ocrx_word' id='word_1_192' title='bbox 119 2049 141 2087; x_wconf 89' lang='lat' dir='ltr'><strong>m</strong></span> <span class='ocrx_word' id='word_1_193' title='bbox 163 2029 202 2098; x_wconf 79' lang='lat' dir='ltr'><strong>(si</strong></span> <span class='ocrx_word' id='word_1_194' title='bbox 222 2033 293 2086; x_wconf 88' lang='lat' dir='ltr'><strong>bene</strong></span> <span class='ocrx_word' id='word_1_195' title='bbox 313 2025 435 2098; x_wconf 87' lang='lat' dir='ltr'><strong>memini)</strong></span> <span class='ocrx_word' id='word_1_196' title='bbox 456 2031 602 2084; x_wconf 84' lang='lat' dir='ltr'><strong>excludere</strong></span> <span class='ocrx_word' id='word_1_197' title='bbox 628 2037 744 2084; x_wconf 87' lang='lat' dir='ltr'><strong>conatur</strong></span> <span class='ocrx_word' id='word_1_198' title='bbox 773 2046 791 2083; x_wconf 91' lang='lat' dir='ltr'><strong>a</strong></span> <span class='ocrx_word' id='word_1_199' title='bbox 820 2030 1038 2083; x_wconf 88' lang='lat' dir='ltr'><strong>consideratione</strong></span> <span class='ocrx_word' id='word_1_200' title='bbox 1068 2047 1219 2087; x_wconf 77' lang='lat' dir='ltr'><strong>carmanum</strong></span> <span class='ocrx_word' id='word_1_201' title='bbox 1260 2034 1305 2088; x_wconf 84' lang='lat' dir='ltr'><strong>Ex</strong></span> <span class='ocrx_word' id='word_1_202' title='bbox 1334 2034 1382 2088; x_wconf 89' lang='lat' dir='ltr'><strong>illo</strong></span> 
     </span>
     <span class='ocr_line' id='line_1_22' title="bbox 120 2109 1384 2186; baseline 0.002 -20"><span class='ocrx_word' id='word_1_203' title='bbox 120 2128 176 2167; x_wconf 90' lang='lat' dir='ltr'><strong>ano</strong></span> <span class='ocrx_word' id='word_1_204' title='bbox 190 2119 303 2166; x_wconf 89' lang='lat' dir='ltr'><strong>auctore</strong></span> <span class='ocrx_word' id='word_1_205' title='bbox 317 2118 386 2166; x_wconf 89' lang='lat' dir='ltr'><strong>nata</strong></span> <span class='ocrx_word' id='word_1_206' title='bbox 410 2110 475 2165; x_wconf 91' lang='lat' dir='ltr'><strong>mihi</strong></span> <span class='ocrx_word' id='word_1_207' title='bbox 489 2117 533 2164; x_wconf 90' lang='lat' dir='ltr'><strong>est</strong></span> <span class='ocrx_word' id='word_1_208' title='bbox 553 2110 624 2164; x_wconf 89' lang='lat' dir='ltr'><strong>haec</strong></span> <span class='ocrx_word' id='word_1_209' title='bbox 637 2110 803 2179; x_wconf 88' lang='lat' dir='ltr'><strong>speculatio:</strong></span> <span class='ocrx_word' id='word_1_210' title='bbox 825 2126 843 2163; x_wconf 88' lang='lat' dir='ltr'><strong>a</strong></span> <span class='ocrx_word' id='word_1_211' title='bbox 855 2109 935 2162; x_wconf 88' lang='lat' dir='ltr'><strong>Luna</strong></span> <span class='ocrx_word' id='word_1_212' title='bbox 948 2110 1088 2164; x_wconf 80' lang='lat' dir='ltr'><strong>marineio</strong></span> <span class='ocrx_word' id='word_1_213' title='bbox 1102 2113 1216 2175; x_wconf 87' lang='lat' dir='ltr'><strong>attrahi,</strong></span> <span class='ocrx_word' id='word_1_214' title='bbox 1238 2121 1269 2169; x_wconf 90' lang='lat' dir='ltr'><strong>nt</strong></span> <span class='ocrx_word' id='word_1_215' title='bbox 1283 2114 1384 2186; x_wconf 59' lang='lat' dir='ltr'><strong>pavia</strong></span> 
     </span>
     <span class='ocr_line' id='line_1_23' title="bbox 119 2190 1383 2265; baseline 0.002 -18"><span class='ocrx_word' id='word_1_216' title='bbox 119 2210 127 2247; x_wconf 89' lang='grc' dir='ltr'>ι</span> <span class='ocrx_word' id='word_1_217' title='bbox 147 2193 264 2263; x_wconf 85' lang='lat' dir='ltr'><strong>ipsaque</strong></span> <span class='ocrx_word' id='word_1_218' title='bbox 277 2191 367 2246; x_wconf 89' lang='lat' dir='ltr'><strong>maria</strong></span> <span class='ocrx_word' id='word_1_219' title='bbox 380 2191 559 2245; x_wconf 88' lang='lat' dir='ltr'><strong>attrahuntur</strong></span> <span class='ocrx_word' id='word_1_220' title='bbox 578 2207 596 2245; x_wconf 86' lang='lat' dir='ltr'><strong>a</strong></span> <span class='ocrx_word' id='word_1_221' title='bbox 615 2191 710 2244; x_wconf 81' lang='lat' dir='ltr'><strong>Terra.</strong></span> <span class='ocrx_word' id='word_1_222' title='bbox 745 2192 830 2244; x_wconf 89' lang='lat' dir='ltr'><strong>Terra</strong></span> <span class='ocrx_word' id='word_1_223' title='bbox 844 2190 951 2260; x_wconf 90' lang='lat' dir='ltr'><strong>quidem</strong></span> <span class='ocrx_word' id='word_1_224' title='bbox 972 2190 1068 2243; x_wconf 85' lang='lat' dir='ltr'><strong>lortius</strong></span> <span class='ocrx_word' id='word_1_225' title='bbox 1085 2192 1211 2255; x_wconf 89' lang='lat' dir='ltr'><strong>attrahit,</strong></span> <span class='ocrx_word' id='word_1_226' title='bbox 1233 2201 1383 2265; x_wconf 88' lang='lat' dir='ltr'><strong>propterea</strong></span> 
     </span>
     <span class='ocr_line' id='line_1_24' title="bbox 119 2271 1383 2344; baseline 0.002 -18"><span class='ocrx_word' id='word_1_227' title='bbox 119 2290 201 2327; x_wconf 74' lang='lat' dir='ltr'><strong>inou</strong></span> <span class='ocrx_word' id='word_1_228' title='bbox 221 2278 339 2344; x_wconf 85' lang='lat' dir='ltr'><strong>surgunt</strong></span> <span class='ocrx_word' id='word_1_229' title='bbox 359 2272 387 2325; x_wconf 93' lang='lat' dir='ltr'><strong>in</strong></span> <span class='ocrx_word' id='word_1_230' title='bbox 407 2276 501 2325; x_wconf 75' lang='lat' dir='ltr'><strong>adrem</strong></span> <span class='ocrx_word' id='word_1_231' title='bbox 521 2271 677 2325; x_wconf 86' lang='lat' dir='ltr'><strong>deserentia</strong></span> <span class='ocrx_word' id='word_1_232' title='bbox 696 2271 822 2334; x_wconf 81' lang='lat' dir='ltr'><strong>Terram,</strong></span> <span class='ocrx_word' id='word_1_233' title='bbox 855 2271 902 2323; x_wconf 91' lang='lat' dir='ltr'><strong>sed</strong></span> <span class='ocrx_word' id='word_1_234' title='bbox 923 2272 1110 2324; x_wconf 90' lang='lat' dir='ltr'><strong>tantummodo</strong></span> <span class='ocrx_word' id='word_1_235' title='bbox 1136 2271 1261 2326; x_wconf 82' lang='lat' dir='ltr'><strong>feruntur</strong></span> <span class='ocrx_word' id='word_1_236' title='bbox 1281 2274 1383 2329; x_wconf 80' lang='lat' dir='ltr'><strong>Terrae</strong></span> 
     </span>
     <span class='ocr_line' id='line_1_25' title="bbox 119 2350 1383 2425; baseline 0 -17"><span class='ocrx_word' id='word_1_237' title='bbox 119 2352 226 2408; x_wconf 79' lang='lat' dir='ltr'><strong>ibentia</strong></span> <span class='ocrx_word' id='word_1_238' title='bbox 247 2369 265 2406; x_wconf 90' lang='lat' dir='ltr'><strong>a</strong></span> <span class='ocrx_word' id='word_1_239' title='bbox 284 2353 419 2407; x_wconf 85' lang='lat' dir='ltr'><strong>lateribus</strong></span> <span class='ocrx_word' id='word_1_240' title='bbox 441 2351 563 2406; x_wconf 89' lang='lat' dir='ltr'><strong>omnibus</strong></span> <span class='ocrx_word' id='word_1_241' title='bbox 584 2367 678 2405; x_wconf 83' lang='lat' dir='ltr'><strong>versus</strong></span> <span class='ocrx_word' id='word_1_242' title='bbox 709 2351 851 2415; x_wconf 89' lang='lat' dir='ltr'><strong>torridam,</strong></span> <span class='ocrx_word' id='word_1_243' title='bbox 882 2356 914 2403; x_wconf 94' lang='grc' dir='ltr'><strong>ιιι</strong></span> <span class='ocrx_word' id='word_1_244' title='bbox 933 2351 971 2404; x_wconf 91' lang='lat' dir='ltr'><strong>ibi</strong></span> <span class='ocrx_word' id='word_1_245' title='bbox 991 2350 1114 2423; x_wconf 84' lang='lat' dir='ltr'><strong>ejusque</strong></span> <span class='ocrx_word' id='word_1_246' title='bbox 1128 2367 1163 2404; x_wconf 87' lang='lat' dir='ltr'><strong>eu</strong></span> <span class='ocrx_word' id='word_1_247' title='bbox 1184 2359 1280 2422; x_wconf 89' lang='lat' dir='ltr'><strong>parte,</strong></span> <span class='ocrx_word' id='word_1_248' title='bbox 1312 2371 1383 2425; x_wconf 88' lang='lat' dir='ltr'><strong>quae</strong></span> 
     </span>
     <span class='ocr_line' id='line_1_26' title="bbox 119 2426 1384 2503; baseline 0.001 -16"><span class='ocrx_word' id='word_1_249' title='bbox 119 2452 132 2488; x_wconf 91' lang='lat' dir='ltr'><strong>e</strong></span> <span class='ocrx_word' id='word_1_250' title='bbox 164 2433 262 2486; x_wconf 88' lang='lat' dir='ltr'><strong>subest</strong></span> <span class='ocrx_word' id='word_1_251' title='bbox 291 2431 571 2503; x_wconf 85' lang='lat' dir='ltr'><strong>perpendiculariter,</strong></span> <span class='ocrx_word' id='word_1_252' title='bbox 601 2450 634 2485; x_wconf 85' lang='lat' dir='ltr'><strong>eo</strong></span> <span class='ocrx_word' id='word_1_253' title='bbox 654 2438 789 2485; x_wconf 89' lang='lat' dir='ltr'><strong>momento</strong></span> <span class='ocrx_word' id='word_1_254' title='bbox 811 2430 967 2501; x_wconf 84' lang='lat' dir='ltr'><strong>superficies</strong></span> <span class='ocrx_word' id='word_1_255' title='bbox 988 2430 1084 2485; x_wconf 88' lang='lat' dir='ltr'><strong>oceani</strong></span> <span class='ocrx_word' id='word_1_256' title='bbox 1113 2426 1163 2485; x_wconf 79' lang='lat' dir='ltr'><strong>bat</strong></span> <span class='ocrx_word' id='word_1_257' title='bbox 1193 2433 1282 2491; x_wconf 91' lang='lat' dir='ltr'><strong>altior.</strong></span> <span class='ocrx_word' id='word_1_258' title='bbox 1323 2435 1384 2491; x_wconf 89' lang='lat' dir='ltr'><strong>Hoc</strong></span> 
     </span>
     <span class='ocr_line' id='line_1_27' title="bbox 136 2511 1384 2583; baseline 0.001 -16"><span class='ocrx_word' id='word_1_259' title='bbox 136 2515 277 2567; x_wconf 90' lang='lat' dir='ltr'><strong>nudantur</strong></span> <span class='ocrx_word' id='word_1_260' title='bbox 296 2514 445 2583; x_wconf 85' lang='lat' dir='ltr'><strong>Enropaea</strong></span> <span class='ocrx_word' id='word_1_261' title='bbox 463 2512 560 2576; x_wconf 88' lang='lat' dir='ltr'><strong>litora,</strong></span> <span class='ocrx_word' id='word_1_262' title='bbox 591 2512 657 2582; x_wconf 86' lang='lat' dir='ltr'><strong>quia</strong></span> <span class='ocrx_word' id='word_1_263' title='bbox 676 2513 710 2565; x_wconf 90' lang='lat' dir='ltr'><strong>ad</strong></span> <span class='ocrx_word' id='word_1_264' title='bbox 731 2512 805 2564; x_wconf 89' lang='lat' dir='ltr'><strong>latus</strong></span> <span class='ocrx_word' id='word_1_265' title='bbox 827 2511 926 2581; x_wconf 88' lang='lat' dir='ltr'><strong>posita.</strong></span> <span class='ocrx_word' id='word_1_266' title='bbox 966 2512 1047 2564; x_wconf 86' lang='lat' dir='ltr'><strong>Luna</strong></span> <span class='ocrx_word' id='word_1_267' title='bbox 1067 2512 1194 2576; x_wconf 89' lang='lat' dir='ltr'><strong>abeunte,</strong></span> <span class='ocrx_word' id='word_1_268' title='bbox 1216 2530 1276 2567; x_wconf 91' lang='lat' dir='ltr'><strong>cum</strong></span> <span class='ocrx_word' id='word_1_269' title='bbox 1296 2515 1384 2568; x_wconf 88' lang='lat' dir='ltr'><strong>maria</strong></span> 
     </span>
     <span class='ocr_line' id='line_1_28' title="bbox 119 2590 1385 2662; baseline -0.001 -13"><span class='ocrx_word' id='word_1_270' title='bbox 119 2594 263 2649; x_wconf 82' lang='lat' dir='ltr'><strong>arditatem</strong></span> <span class='ocrx_word' id='word_1_271' title='bbox 284 2601 313 2647; x_wconf 89' lang='lat' dir='ltr'><strong>et</strong></span> <span class='ocrx_word' id='word_1_272' title='bbox 333 2593 470 2662; x_wconf 87' lang='lat' dir='ltr'><strong>objectum</strong></span> <span class='ocrx_word' id='word_1_273' title='bbox 500 2590 609 2647; x_wconf 91' lang='lat' dir='ltr'><strong>litorum</strong></span> <span class='ocrx_word' id='word_1_274' title='bbox 629 2592 773 2645; x_wconf 83' lang='lat' dir='ltr'><strong>Amerioae</strong></span> <span class='ocrx_word' id='word_1_275' title='bbox 794 2592 876 2661; x_wconf 86' lang='lat' dir='ltr'><strong>sequi</strong></span> <span class='ocrx_word' id='word_1_276' title='bbox 891 2609 945 2644; x_wconf 91' lang='lat' dir='ltr'><strong>non</strong></span> <span class='ocrx_word' id='word_1_277' title='bbox 961 2591 1086 2661; x_wconf 89' lang='lat' dir='ltr'><strong>possint,</strong></span> <span class='ocrx_word' id='word_1_278' title='bbox 1117 2608 1265 2662; x_wconf 88' lang='lat' dir='ltr'><strong>suspensus</strong></span> <span class='ocrx_word' id='word_1_279' title='bbox 1296 2600 1385 2648; x_wconf 88' lang='lat' dir='ltr'><strong>tumor</strong></span> 
     </span>
     <span class='ocr_line' id='line_1_29' title="bbox 119 2671 1385 2745; baseline 0 -17"><span class='ocrx_word' id='word_1_280' title='bbox 119 2690 172 2728; x_wconf 83' lang='lat' dir='ltr'><strong>um</strong></span> <span class='ocrx_word' id='word_1_281' title='bbox 193 2674 259 2727; x_wconf 88' lang='lat' dir='ltr'><strong>sidit</strong></span> <span class='ocrx_word' id='word_1_282' title='bbox 278 2676 328 2727; x_wconf 89' lang='lat' dir='ltr'><strong>snb</strong></span> <span class='ocrx_word' id='word_1_283' title='bbox 349 2673 453 2728; x_wconf 90' lang='lat' dir='ltr'><strong>torrida</strong></span> <span class='ocrx_word' id='word_1_284' title='bbox 472 2680 679 2743; x_wconf 82' lang='lat' dir='ltr'><strong>sequanturque</strong></span> <span class='ocrx_word' id='word_1_285' title='bbox 700 2672 856 2741; x_wconf 81' lang='lat' dir='ltr'><strong>superficies</strong></span> <span class='ocrx_word' id='word_1_286' title='bbox 877 2671 1004 2734; x_wconf 87' lang='lat' dir='ltr'><strong>marium,</strong></span> <span class='ocrx_word' id='word_1_287' title='bbox 1035 2679 1169 2745; x_wconf 88' lang='lat' dir='ltr'><strong>teguntur</strong></span> <span class='ocrx_word' id='word_1_288' title='bbox 1188 2679 1218 2727; x_wconf 92' lang='lat' dir='ltr'><strong>et</strong></span> <span class='ocrx_word' id='word_1_289' title='bbox 1238 2674 1385 2743; x_wconf 88' lang='lat' dir='ltr'><strong>implentur</strong></span> 
     </span>
    </p>
   </div>
   <div class='ocr_carea' id='block_1_4' title="bbox 119 2744 1385 3307">
    <p class='ocr_par' dir='ltr' id='par_1_4' title="bbox 119 2744 1385 3307">
     <span class='ocr_line' id='line_1_30' title="bbox 119 2744 1382 2824; baseline 0 -15"><span class='ocrx_word' id='word_1_290' title='bbox 119 2771 136 2809; x_wconf 93' lang='lat' dir='ltr'><strong>n</strong></span> <span class='ocrx_word' id='word_1_291' title='bbox 158 2755 290 2824; x_wconf 80' lang='lat' dir='ltr'><strong>Europae</strong></span> <span class='ocrx_word' id='word_1_292' title='bbox 311 2753 402 2810; x_wconf 81' lang='lat' dir='ltr'><strong>litora</strong></span> <span class='ocrx_word' id='word_1_293' title='bbox 435 2754 587 2823; x_wconf 88' lang='lat' dir='ltr'><strong>Implentur</strong></span> <span class='ocrx_word' id='word_1_294' title='bbox 607 2761 699 2806; x_wconf 88' lang='lat' dir='ltr'><strong>autem</strong></span> <span class='ocrx_word' id='word_1_295' title='bbox 720 2769 774 2805; x_wconf 90' lang='lat' dir='ltr'><strong>non</strong></span> <span class='ocrx_word' id='word_1_296' title='bbox 789 2754 823 2805; x_wconf 87' lang='lat' dir='ltr'><strong>ad</strong></span> <span class='ocrx_word' id='word_1_297' title='bbox 845 2751 1035 2822; x_wconf 87' lang='lat' dir='ltr'><strong>aequilibrium</strong></span> <span class='ocrx_word' id='word_1_298' title='bbox 1056 2769 1115 2805; x_wconf 91' lang='lat' dir='ltr'><strong>cum</strong></span> <span class='ocrx_word' id='word_1_299' title='bbox 1130 2770 1232 2807; x_wconf 88' lang='lat' dir='ltr'><strong>oceano</strong></span> <span class='ocrx_word' id='word_1_300' title='bbox 1253 2744 1382 2819; x_wconf 81' lang='lat' dir='ltr'><strong>torridae,</strong></span> 
     </span>
     <span class='ocr_line' id='line_1_31' title="bbox 119 2825 1385 2903; baseline 0 -14"><span class='ocrx_word' id='word_1_301' title='bbox 119 2832 193 2889; x_wconf 76' lang='lat' dir='ltr'><strong>laius</strong></span> <span class='ocrx_word' id='word_1_302' title='bbox 215 2835 250 2887; x_wconf 97' lang='lat' dir='ltr'><strong>ob</strong></span> <span class='ocrx_word' id='word_1_303' title='bbox 271 2833 399 2903; x_wconf 89' lang='lat' dir='ltr'><strong>impetum</strong></span> <span class='ocrx_word' id='word_1_304' title='bbox 419 2833 522 2889; x_wconf 89' lang='lat' dir='ltr'><strong>ruentis</strong></span> <span class='ocrx_word' id='word_1_305' title='bbox 543 2835 675 2887; x_wconf 86' lang='lat' dir='ltr'><strong>undarum</strong></span> <span class='ocrx_word' id='word_1_306' title='bbox 696 2832 773 2886; x_wconf 89' lang='lat' dir='ltr'><strong>molis</strong></span> <span class='ocrx_word' id='word_1_307' title='bbox 795 2825 909 2902; x_wconf 84' lang='lat' dir='ltr'><strong>(wegen</strong></span> <span class='ocrx_word' id='word_1_308' title='bbox 929 2833 976 2884; x_wconf 89' lang='lat' dir='ltr'><strong>des</strong></span> <span class='ocrx_word' id='word_1_309' title='bbox 997 2827 1179 2903; x_wconf 83' lang='lat' dir='ltr'><strong>Sohwungs),</strong></span> <span class='ocrx_word' id='word_1_310' title='bbox 1200 2840 1232 2886; x_wconf 89' lang='lat' dir='ltr'><strong>nt</strong></span> <span class='ocrx_word' id='word_1_311' title='bbox 1252 2834 1280 2887; x_wconf 91' lang='lat' dir='ltr'><strong>in</strong></span> <span class='ocrx_word' id='word_1_312' title='bbox 1300 2834 1385 2889; x_wconf 88' lang='lat' dir='ltr'><strong>situla</strong></span> 
     </span>
     <span class='ocr_line' id='line_1_32' title="bbox 120 2911 1381 2984; baseline 0.002 -16"><span class='ocrx_word' id='word_1_313' title='bbox 120 2915 193 2968; x_wconf 83' lang='lat' dir='ltr'><strong>ebro</strong></span> <span class='ocrx_word' id='word_1_314' title='bbox 221 2930 295 2984; x_wconf 86' lang='lat' dir='ltr'><strong>equa</strong></span> <span class='ocrx_word' id='word_1_315' title='bbox 318 2914 403 2968; x_wconf 88' lang='lat' dir='ltr'><strong>semel</strong></span> <span class='ocrx_word' id='word_1_316' title='bbox 429 2921 520 2977; x_wconf 91' lang='lat' dir='ltr'><strong>mota,</strong></span> <span class='ocrx_word' id='word_1_317' title='bbox 550 2913 597 2966; x_wconf 91' lang='lat' dir='ltr'><strong>ubi</strong></span> <span class='ocrx_word' id='word_1_318' title='bbox 626 2914 756 2983; x_wconf 85' lang='lat' dir='ltr'><strong>impetum</strong></span> <span class='ocrx_word' id='word_1_319' title='bbox 786 2912 895 2982; x_wconf 87' lang='lat' dir='ltr'><strong>accepit</strong></span> <span class='ocrx_word' id='word_1_320' title='bbox 913 2911 1063 2965; x_wconf 86' lang='lat' dir='ltr'><strong>diutissime</strong></span> <span class='ocrx_word' id='word_1_321' title='bbox 1093 2913 1254 2984; x_wconf 32' lang='lat' dir='ltr'><strong>reciprocas·</strong></span> <span class='ocrx_word' id='word_1_322' title='bbox 1274 2915 1381 2980; x_wconf 73' lang='lat' dir='ltr'><strong>fluctu.</strong></span> 
     </span>
     <span class='ocr_line' id='line_1_33' title="bbox 119 2992 1383 3065; baseline 0.002 -17"><span class='ocrx_word' id='word_1_323' title='bbox 119 2994 177 3048; x_wconf 74' lang='lat' dir='ltr'><strong>stim</strong></span> <span class='ocrx_word' id='word_1_324' title='bbox 199 2994 331 3058; x_wconf 87' lang='lat' dir='ltr'><strong>minores,</strong></span> <span class='ocrx_word' id='word_1_325' title='bbox 361 2995 447 3048; x_wconf 87' lang='lat' dir='ltr'><strong>donec</strong></span> <span class='ocrx_word' id='word_1_326' title='bbox 476 2993 591 3064; x_wconf 87' lang='lat' dir='ltr'><strong>denique</strong></span> <span class='ocrx_word' id='word_1_327' title='bbox 619 2993 752 3065; x_wconf 88' lang='lat' dir='ltr'><strong>quiescat.</strong></span> <span class='ocrx_word' id='word_1_328' title='bbox 792 2993 890 3063; x_wconf 86' lang='lat' dir='ltr'><strong>Itaque</strong></span> <span class='ocrx_word' id='word_1_329' title='bbox 909 2992 989 3046; x_wconf 88' lang='lat' dir='ltr'><strong>Luna</strong></span> <span class='ocrx_word' id='word_1_330' title='bbox 1017 2992 1172 3057; x_wconf 83' lang='lat' dir='ltr'><strong>occidente,</strong></span> <span class='ocrx_word' id='word_1_331' title='bbox 1203 3011 1262 3047; x_wconf 86' lang='lat' dir='ltr'><strong>curn</strong></span> <span class='ocrx_word' id='word_1_332' title='bbox 1289 2997 1383 3065; x_wconf 80' lang='lat' dir='ltr'><strong>oceani</strong></span> 
     </span>
     <span class='ocr_line' id='line_1_34' title="bbox 119 3071 1384 3144; baseline 0.002 -17"><span class='ocrx_word' id='word_1_333' title='bbox 119 3092 125 3127; x_wconf 89' lang='grc' dir='ltr'>ι</span> <span class='ocrx_word' id='word_1_334' title='bbox 147 3073 254 3144; x_wconf 88' lang='lat' dir='ltr'><strong>impetu</strong></span> <span class='ocrx_word' id='word_1_335' title='bbox 267 3076 402 3129; x_wconf 82' lang='lat' dir='ltr'><strong>subvecta</strong></span> <span class='ocrx_word' id='word_1_336' title='bbox 414 3075 514 3128; x_wconf 88' lang='lat' dir='ltr'><strong>nostris</strong></span> <span class='ocrx_word' id='word_1_337' title='bbox 536 3075 676 3129; x_wconf 89' lang='lat' dir='ltr'><strong>incumbat</strong></span> <span class='ocrx_word' id='word_1_338' title='bbox 690 3073 824 3136; x_wconf 90' lang='lat' dir='ltr'><strong>litoribus,</strong></span> <span class='ocrx_word' id='word_1_339' title='bbox 846 3071 899 3126; x_wconf 88' lang='lat' dir='ltr'><strong>etsi</strong></span> <span class='ocrx_word' id='word_1_340' title='bbox 915 3072 977 3142; x_wconf 88' lang='lat' dir='ltr'><strong>jam</strong></span> <span class='ocrx_word' id='word_1_341' title='bbox 996 3072 1075 3127; x_wconf 87' lang='lat' dir='ltr'><strong>nulla</strong></span> <span class='ocrx_word' id='word_1_342' title='bbox 1094 3089 1167 3128; x_wconf 84' lang='lat' dir='ltr'><strong>nova</strong></span> <span class='ocrx_word' id='word_1_343' title='bbox 1181 3089 1267 3129; x_wconf 89' lang='lat' dir='ltr'><strong>causa</strong></span> <span class='ocrx_word' id='word_1_344' title='bbox 1278 3076 1384 3130; x_wconf 83' lang='lat' dir='ltr'><strong>coeles·</strong></span> 
     </span>
     <span class='ocr_line' id='line_1_35' title="bbox 119 3152 1384 3226; baseline 0.002 -18"><span class='ocrx_word' id='word_1_345' title='bbox 119 3161 214 3208; x_wconf 71' lang='lat' dir='ltr'><strong>evocat</strong></span> <span class='ocrx_word' id='word_1_346' title='bbox 234 3170 321 3225; x_wconf 87' lang='lat' dir='ltr'><strong>aquas</strong></span> <span class='ocrx_word' id='word_1_347' title='bbox 342 3156 394 3209; x_wconf 92' lang='lat' dir='ltr'><strong>sub</strong></span> <span class='ocrx_word' id='word_1_348' title='bbox 415 3155 558 3209; x_wconf 88' lang='lat' dir='ltr'><strong>torridam:</strong></span> <span class='ocrx_word' id='word_1_349' title='bbox 587 3154 664 3224; x_wconf 90' lang='lat' dir='ltr'><strong>ipsae</strong></span> <span class='ocrx_word' id='word_1_350' title='bbox 690 3162 782 3207; x_wconf 91' lang='lat' dir='ltr'><strong>tamen</strong></span> <span class='ocrx_word' id='word_1_351' title='bbox 809 3171 838 3206; x_wconf 90' lang='lat' dir='ltr'><strong>se</strong></span> <span class='ocrx_word' id='word_1_352' title='bbox 868 3152 934 3222; x_wconf 87' lang='lat' dir='ltr'><strong>ipsis</strong></span> <span class='ocrx_word' id='word_1_353' title='bbox 956 3159 986 3206; x_wconf 91' lang='lat' dir='ltr'><strong>et</strong></span> <span class='ocrx_word' id='word_1_354' title='bbox 1005 3158 1104 3223; x_wconf 85' lang='lat' dir='ltr'><strong>suopte</strong></span> <span class='ocrx_word' id='word_1_355' title='bbox 1124 3156 1257 3224; x_wconf 86' lang='lat' dir='ltr'><strong>pondere,</strong></span> <span class='ocrx_word' id='word_1_356' title='bbox 1287 3163 1384 3226; x_wconf 90' lang='lat' dir='ltr'><strong>utpote</strong></span> 
     </span>
     <span class='ocr_line' id='line_1_36' title="bbox 130 3232 1384 3307; baseline 0.002 -18"><span class='ocrx_word' id='word_1_357' title='bbox 130 3234 324 3305; x_wconf 84' lang='lat' dir='ltr'><strong>aequilibrium</strong></span> <span class='ocrx_word' id='word_1_358' title='bbox 345 3235 448 3307; x_wconf 91' lang='lat' dir='ltr'><strong>impetu</strong></span> <span class='ocrx_word' id='word_1_359' title='bbox 469 3235 618 3289; x_wconf 83' lang='lat' dir='ltr'><strong>subvectae</strong></span> <span class='ocrx_word' id='word_1_360' title='bbox 632 3241 777 3288; x_wconf 89' lang='lat' dir='ltr'><strong>recurrunt</strong></span> <span class='ocrx_word' id='word_1_361' title='bbox 796 3234 847 3286; x_wconf 91' lang='lat' dir='ltr'><strong>sub</strong></span> <span class='ocrx_word' id='word_1_362' title='bbox 862 3232 992 3286; x_wconf 87' lang='lat' dir='ltr'><strong>torridam</strong></span> <span class='ocrx_word' id='word_1_363' title='bbox 1012 3232 1103 3303; x_wconf 88' lang='lat' dir='ltr'><strong>ibique</strong></span> <span class='ocrx_word' id='word_1_364' title='bbox 1125 3245 1384 3301; x_wconf 82' lang='lat' dir='ltr'><strong>aovnmtumorem,</strong></span> 
     </span>
    </p>
   </div>
   <div class='ocr_carea' id='block_1_5' title="bbox 119 3313 1387 4185">
    <p class='ocr_par' dir='ltr' id='par_1_5' title="bbox 119 3313 1387 4185">
     <span class='ocr_line' id='line_1_37' title="bbox 135 3313 1386 3384; baseline 0.002 -16"><span class='ocrx_word' id='word_1_365' title='bbox 135 3331 187 3368; x_wconf 86' lang='lat' dir='ltr'><strong>nos</strong></span> <span class='ocrx_word' id='word_1_366' title='bbox 217 3331 282 3368; x_wconf 82' lang='lat' dir='ltr'><strong>vero</strong></span> <span class='ocrx_word' id='word_1_367' title='bbox 302 3315 412 3370; x_wconf 89' lang='lat' dir='ltr'><strong>litorum</strong></span> <span class='ocrx_word' id='word_1_368' title='bbox 433 3315 586 3369; x_wconf 89' lang='lat' dir='ltr'><strong>nuditatem</strong></span> <span class='ocrx_word' id='word_1_369' title='bbox 615 3317 730 3368; x_wconf 87' lang='lat' dir='ltr'><strong>absente</strong></span> <span class='ocrx_word' id='word_1_370' title='bbox 750 3315 831 3367; x_wconf 91' lang='lat' dir='ltr'><strong>Luna</strong></span> <span class='ocrx_word' id='word_1_371' title='bbox 851 3320 1012 3376; x_wconf 90' lang='lat' dir='ltr'><strong>causantur,</strong></span> <span class='ocrx_word' id='word_1_372' title='bbox 1043 3313 1200 3384; x_wconf 87' lang='lat' dir='ltr'><strong>impetuque</strong></span> <span class='ocrx_word' id='word_1_373' title='bbox 1221 3326 1386 3371; x_wconf 76' lang='lat' dir='ltr'><strong>sanescente</strong></span> 
     </span>
     <span class='ocr_line' id='line_1_38' title="bbox 119 3393 1387 3466; baseline 0.003 -18"><span class='ocrx_word' id='word_1_374' title='bbox 119 3413 146 3449; x_wconf 88' lang='lat' dir='ltr'><strong>m</strong></span> <span class='ocrx_word' id='word_1_375' title='bbox 168 3401 313 3449; x_wconf 85' lang='lat' dir='ltr'><strong>recurrunt</strong></span> <span class='ocrx_word' id='word_1_376' title='bbox 334 3411 353 3449; x_wconf 89' lang='lat' dir='ltr'><strong>a</strong></span> <span class='ocrx_word' id='word_1_377' title='bbox 372 3395 486 3466; x_wconf 81' lang='lat' dir='ltr'><strong>fastigio</strong></span> <span class='ocrx_word' id='word_1_378' title='bbox 506 3396 555 3449; x_wconf 92' lang='lat' dir='ltr'><strong>illo</strong></span> <span class='ocrx_word' id='word_1_379' title='bbox 575 3395 743 3466; x_wconf 85' lang='lat' dir='ltr'><strong>implentque</strong></span> <span class='ocrx_word' id='word_1_380' title='bbox 764 3400 860 3447; x_wconf 89' lang='lat' dir='ltr'><strong>nostra</strong></span> <span class='ocrx_word' id='word_1_381' title='bbox 879 3394 976 3457; x_wconf 88' lang='lat' dir='ltr'><strong>litora,</strong></span> <span class='ocrx_word' id='word_1_382' title='bbox 998 3393 1078 3447; x_wconf 93' lang='lat' dir='ltr'><strong>Luna</strong></span> <span class='ocrx_word' id='word_1_383' title='bbox 1097 3393 1205 3448; x_wconf 89' lang='lat' dir='ltr'><strong>interim</strong></span> <span class='ocrx_word' id='word_1_384' title='bbox 1232 3396 1337 3450; x_wconf 86' lang='lat' dir='ltr'><strong>oriente</strong></span> <span class='ocrx_word' id='word_1_385' title='bbox 1357 3406 1387 3452; x_wconf 90' lang='lat' dir='ltr'><strong>et</strong></span> 
     </span>
     <span class='ocr_line' id='line_1_39' title="bbox 119 3466 1386 3547; baseline 0.002 -18"><span class='ocrx_word' id='word_1_386' title='bbox 119 3492 140 3530; x_wconf 90' lang='lat' dir='ltr'><strong>n</strong></span> <span class='ocrx_word' id='word_1_387' title='bbox 161 3475 355 3530; x_wconf 81' lang='lat' dir='ltr'><strong>attractionem</strong></span> <span class='ocrx_word' id='word_1_388' title='bbox 376 3476 449 3531; x_wconf 84' lang='lat' dir='ltr'><strong>horis</strong></span> <span class='ocrx_word' id='word_1_389' title='bbox 471 3471 501 3539; x_wconf 85' lang='grc'><strong>6,</strong></span> <span class='ocrx_word' id='word_1_390' title='bbox 524 3475 620 3547; x_wconf 89' lang='lat' dir='ltr'><strong>quibus</strong></span> <span class='ocrx_word' id='word_1_391' title='bbox 647 3476 675 3529; x_wconf 92' lang='lat' dir='ltr'><strong>in</strong></span> <span class='ocrx_word' id='word_1_392' title='bbox 695 3475 865 3530; x_wconf 88' lang='lat' dir='ltr'><strong>ascendendo</strong></span> <span class='ocrx_word' id='word_1_393' title='bbox 886 3479 1028 3538; x_wconf 82' lang='lat' dir='ltr'><strong>versatur,</strong></span> <span class='ocrx_word' id='word_1_394' title='bbox 1050 3480 1191 3529; x_wconf 84' lang='lat' dir='ltr'><strong>causante.</strong></span> <span class='ocrx_word' id='word_1_395' title='bbox 1231 3466 1294 3530; x_wconf 86' lang='lat' dir='ltr'><strong>Jam</strong></span> <span class='ocrx_word' id='word_1_396' title='bbox 1321 3494 1386 3531; x_wconf 82' lang='lat' dir='ltr'><strong>vero</strong></span> 
     </span>
     <span class='ocr_line' id='line_1_40' title="bbox 119 3553 1386 3629; baseline 0 -19"><span class='ocrx_word' id='word_1_397' title='bbox 119 3561 236 3610; x_wconf 71' lang='lat' dir='ltr'><strong>»nostra</strong></span> <span class='ocrx_word' id='word_1_398' title='bbox 255 3573 310 3609; x_wconf 93' lang='lat' dir='ltr'><strong>non</strong></span> <span class='ocrx_word' id='word_1_399' title='bbox 322 3556 413 3611; x_wconf 89' lang='lat' dir='ltr'><strong>omnia</strong></span> <span class='ocrx_word' id='word_1_400' title='bbox 426 3556 521 3610; x_wconf 90' lang='lat' dir='ltr'><strong>iisdem</strong></span> <span class='ocrx_word' id='word_1_401' title='bbox 534 3556 608 3610; x_wconf 86' lang='lat' dir='ltr'><strong>boris</strong></span> <span class='ocrx_word' id='word_1_402' title='bbox 629 3555 785 3626; x_wconf 89' lang='lat' dir='ltr'><strong>implentur,</strong></span> <span class='ocrx_word' id='word_1_403' title='bbox 807 3555 855 3608; x_wconf 87' lang='lat' dir='ltr'><strong>sed</strong></span> <span class='ocrx_word' id='word_1_404' title='bbox 869 3553 982 3607; x_wconf 85' lang='lat' dir='ltr'><strong>subinde</strong></span> <span class='ocrx_word' id='word_1_405' title='bbox 997 3553 1083 3607; x_wconf 89' lang='lat' dir='ltr'><strong>serius</strong></span> <span class='ocrx_word' id='word_1_406' title='bbox 1104 3553 1163 3618; x_wconf 89' lang='lat' dir='ltr'><strong>illa,</strong></span> <span class='ocrx_word' id='word_1_407' title='bbox 1184 3571 1256 3625; x_wconf 85' lang='lat' dir='ltr'><strong>quae</strong></span> <span class='ocrx_word' id='word_1_408' title='bbox 1276 3557 1386 3629; x_wconf 89' lang='lat' dir='ltr'><strong>longius</strong></span> 
     </span>
     <span class='ocr_line' id='line_1_41' title="bbox 132 3634 1385 3708; baseline 0 -18"><span class='ocrx_word' id='word_1_409' title='bbox 132 3634 320 3690; x_wconf 88' lang='lat' dir='ltr'><strong>continentem</strong></span> <span class='ocrx_word' id='word_1_410' title='bbox 340 3643 406 3691; x_wconf 88' lang='lat' dir='ltr'><strong>sunt</strong></span> <span class='ocrx_word' id='word_1_411' title='bbox 425 3635 522 3692; x_wconf 86' lang='lat' dir='ltr'><strong>abdita</strong></span> <span class='ocrx_word' id='word_1_412' title='bbox 541 3643 571 3690; x_wconf 89' lang='lat' dir='ltr'><strong>et</strong></span> <span class='ocrx_word' id='word_1_413' title='bbox 590 3653 643 3706; x_wconf 90' lang='lat' dir='ltr'><strong>quo</strong></span> <span class='ocrx_word' id='word_1_414' title='bbox 664 3634 809 3707; x_wconf 83' lang='lat' dir='ltr'><strong>angustior</strong></span> <span class='ocrx_word' id='word_1_415' title='bbox 822 3640 867 3688; x_wconf 88' lang='lat' dir='ltr'><strong>cst</strong></span> <span class='ocrx_word' id='word_1_416' title='bbox 885 3634 1006 3688; x_wconf 86' lang='lat' dir='ltr'><strong>maribus</strong></span> <span class='ocrx_word' id='word_1_417' title='bbox 1028 3634 1118 3687; x_wconf 87' lang='lat' dir='ltr'><strong>aditus</strong></span> <span class='ocrx_word' id='word_1_418' title='bbox 1139 3636 1175 3688; x_wconf 84' lang='lat' dir='ltr'><strong>ad</strong></span> <span class='ocrx_word' id='word_1_419' title='bbox 1195 3636 1252 3689; x_wconf 91' lang='lat' dir='ltr'><strong>illa.</strong></span> <span class='ocrx_word' id='word_1_420' title='bbox 1287 3637 1385 3708; x_wconf 89' lang='lat' dir='ltr'><strong>ltaque</strong></span> 
     </span>
     <span class='ocr_line' id='line_1_42' title="bbox 119 3707 1384 3790; baseline 0.001 -20"><span class='ocrx_word' id='word_1_421' title='bbox 119 3707 205 3770; x_wconf 82' lang='lat' dir='ltr'><strong>auiae</strong></span> <span class='ocrx_word' id='word_1_422' title='bbox 234 3722 264 3769; x_wconf 91' lang='lat' dir='ltr'><strong>et</strong></span> <span class='ocrx_word' id='word_1_423' title='bbox 281 3716 448 3790; x_wconf 85' lang='lat' dir='ltr'><strong>Norwegiae</strong></span> <span class='ocrx_word' id='word_1_424' title='bbox 469 3717 608 3771; x_wconf 87' lang='lat' dir='ltr'><strong>contraria</strong></span> <span class='ocrx_word' id='word_1_425' title='bbox 631 3715 716 3770; x_wconf 90' lang='lat' dir='ltr'><strong>litora</strong></span> <span class='ocrx_word' id='word_1_426' title='bbox 735 3716 829 3769; x_wconf 90' lang='lat' dir='ltr'><strong>iisdem</strong></span> <span class='ocrx_word' id='word_1_427' title='bbox 849 3714 996 3784; x_wconf 88' lang='lat' dir='ltr'><strong>implentur</strong></span> <span class='ocrx_word' id='word_1_428' title='bbox 1023 3713 1106 3769; x_wconf 89' lang='lat' dir='ltr'><strong>horis.</strong></span> <span class='ocrx_word' id='word_1_429' title='bbox 1146 3718 1266 3770; x_wconf 80' lang='lat' dir='ltr'><strong>Accam</strong></span> <span class='ocrx_word' id='word_1_430' title='bbox 1288 3717 1384 3781; x_wconf 62' lang='lat' dir='ltr'><strong>aloem,</strong></span> 
     </span>
     <span class='ocr_line' id='line_1_43' title="bbox 134 3793 1383 3868; baseline 0 -17"><span class='ocrx_word' id='word_1_431' title='bbox 134 3796 244 3851; x_wconf 80' lang='lat' dir='ltr'><strong>Gallias</strong></span> <span class='ocrx_word' id='word_1_432' title='bbox 264 3802 294 3850; x_wconf 91' lang='lat' dir='ltr'><strong>et</strong></span> <span class='ocrx_word' id='word_1_433' title='bbox 314 3797 473 3851; x_wconf 90' lang='lat' dir='ltr'><strong>Britannias</strong></span> <span class='ocrx_word' id='word_1_434' title='bbox 494 3797 531 3850; x_wconf 88' lang='lat' dir='ltr'><strong>sit</strong></span> <span class='ocrx_word' id='word_1_435' title='bbox 551 3803 702 3868; x_wconf 82' lang='lat' dir='ltr'><strong>angustus,</strong></span> <span class='ocrx_word' id='word_1_436' title='bbox 734 3811 851 3850; x_wconf 87' lang='lat' dir='ltr'><strong>oceanus</strong></span> <span class='ocrx_word' id='word_1_437' title='bbox 872 3811 937 3849; x_wconf 84' lang='lat' dir='ltr'><strong>vero</strong></span> <span class='ocrx_word' id='word_1_438' title='bbox 964 3793 1065 3853; x_wconf 88' lang='lat' dir='ltr'><strong>circum</strong></span> <span class='ocrx_word' id='word_1_439' title='bbox 1086 3794 1205 3848; x_wconf 84' lang='lat' dir='ltr'><strong>Orcades</strong></span> <span class='ocrx_word' id='word_1_440' title='bbox 1226 3795 1383 3860; x_wconf 84' lang='lat' dir='ltr'><strong>latissimus,</strong></span> 
     </span>
     <span class='ocr_line' id='line_1_44' title="bbox 119 3874 1385 3947; baseline -0.001 -15"><span class='ocrx_word' id='word_1_441' title='bbox 119 3876 226 3947; x_wconf 81' lang='lat' dir='ltr'><strong>longior</strong></span> <span class='ocrx_word' id='word_1_442' title='bbox 245 3875 290 3930; x_wconf 90' lang='lat' dir='ltr'><strong>hic</strong></span> <span class='ocrx_word' id='word_1_443' title='bbox 309 3877 514 3941; x_wconf 89' lang='lat' dir='ltr'><strong>circumductus,</strong></span> <span class='ocrx_word' id='word_1_444' title='bbox 536 3876 615 3930; x_wconf 88' lang='lat' dir='ltr'><strong>citius</strong></span> <span class='ocrx_word' id='word_1_445' title='bbox 637 3883 729 3931; x_wconf 74' lang='grc' dir='ltr'>ιιιιιιειι</span> <span class='ocrx_word' id='word_1_446' title='bbox 743 3875 788 3930; x_wconf 86' lang='lat' dir='ltr'><strong>hio</strong></span> <span class='ocrx_word' id='word_1_447' title='bbox 808 3874 925 3929; x_wconf 88' lang='lat' dir='ltr'><strong>sentitur</strong></span> <span class='ocrx_word' id='word_1_448' title='bbox 946 3880 1040 3928; x_wconf 88' lang='lat' dir='ltr'><strong>aestus</strong></span> <span class='ocrx_word' id='word_1_449' title='bbox 1055 3889 1136 3945; x_wconf 88' lang='lat' dir='ltr'><strong>quam</strong></span> <span class='ocrx_word' id='word_1_450' title='bbox 1156 3875 1283 3929; x_wconf 89' lang='lat' dir='ltr'><strong>orientali</strong></span> <span class='ocrx_word' id='word_1_451' title='bbox 1303 3884 1385 3946; x_wconf 89' lang='lat' dir='ltr'><strong>parte</strong></span> 
     </span>
     <span class='ocr_line' id='line_1_45' title="bbox 119 3954 1384 4027; baseline -0.002 -15"><span class='ocrx_word' id='word_1_452' title='bbox 119 3999 122 4012; x_wconf 80' lang='lat'><strong>.</strong></span> <span class='ocrx_word' id='word_1_453' title='bbox 158 3956 231 4010; x_wconf 87' lang='lat' dir='ltr'><strong>Binc</strong></span> <span class='ocrx_word' id='word_1_454' title='bbox 251 3956 335 4011; x_wconf 88' lang='lat' dir='ltr'><strong>etiam</strong></span> <span class='ocrx_word' id='word_1_455' title='bbox 348 3973 433 4012; x_wconf 90' lang='lat' dir='ltr'><strong>cansa</strong></span> <span class='ocrx_word' id='word_1_456' title='bbox 452 3964 533 4027; x_wconf 88' lang='lat' dir='ltr'><strong>patet</strong></span> <span class='ocrx_word' id='word_1_457' title='bbox 547 3972 692 4012; x_wconf 88' lang='lat' dir='ltr'><strong>arenarum</strong></span> <span class='ocrx_word' id='word_1_458' title='bbox 712 3956 784 4010; x_wconf 88' lang='lat' dir='ltr'><strong>inter</strong></span> <span class='ocrx_word' id='word_1_459' title='bbox 796 3955 924 4027; x_wconf 88' lang='lat' dir='ltr'><strong>Belgium</strong></span> <span class='ocrx_word' id='word_1_460' title='bbox 938 3961 968 4008; x_wconf 89' lang='lat' dir='ltr'><strong>et</strong></span> <span class='ocrx_word' id='word_1_461' title='bbox 980 3954 1147 4019; x_wconf 84' lang='lat' dir='ltr'><strong>Britannias,</strong></span> <span class='ocrx_word' id='word_1_462' title='bbox 1168 3955 1292 4026; x_wconf 88' lang='lat' dir='ltr'><strong>quicquid</strong></span> <span class='ocrx_word' id='word_1_463' title='bbox 1313 3957 1384 4017; x_wconf 84' lang='lat' dir='ltr'><strong>enim</strong></span> 
     </span>
     <span class='ocr_line' id='line_1_46' title="bbox 119 4033 1385 4099; baseline -0.001 -6"><span class='ocrx_word' id='word_1_464' title='bbox 119 4053 188 4093; x_wconf 75' lang='lat' dir='ltr'><strong>trum</strong></span> <span class='ocrx_word' id='word_1_465' title='bbox 209 4036 353 4093; x_wconf 82' lang='lat' dir='ltr'><strong>devehitur</strong></span> <span class='ocrx_word' id='word_1_466' title='bbox 379 4053 486 4093; x_wconf 88' lang='lat' dir='ltr'><strong>senex</strong></span> <span class='ocrx_word' id='word_1_467' title='bbox 507 4037 654 4092; x_wconf 83' lang='lat' dir='ltr'><strong>Germania</strong></span> <span class='ocrx_word' id='word_1_468' title='bbox 680 4043 710 4091; x_wconf 89' lang='lat' dir='ltr'><strong>et</strong></span> <span class='ocrx_word' id='word_1_469' title='bbox 730 4035 828 4090; x_wconf 85' lang='lat' dir='ltr'><strong>Galliis</strong></span> <span class='ocrx_word' id='word_1_470' title='bbox 849 4052 899 4090; x_wconf 89' lang='lat' dir='ltr'><strong>seu</strong></span> <span class='ocrx_word' id='word_1_471' title='bbox 919 4052 955 4089; x_wconf 87' lang='lat' dir='ltr'><strong>ex</strong></span> <span class='ocrx_word' id='word_1_472' title='bbox 975 4033 1135 4099; x_wconf 84' lang='lat' dir='ltr'><strong>Britannia,</strong></span> <span class='ocrx_word' id='word_1_473' title='bbox 1156 4035 1183 4090; x_wconf 89' lang='lat' dir='ltr'><strong>id</strong></span> <span class='ocrx_word' id='word_1_474' title='bbox 1204 4035 1241 4090; x_wconf 90' lang='lat' dir='ltr'><strong>ibi</strong></span> <span class='ocrx_word' id='word_1_475' title='bbox 1262 4050 1385 4092; x_wconf 84' lang='lat' dir='ltr'><strong>accumu-</strong></span> 
     </span>
     <span class='ocr_line' id='line_1_47' title="bbox 119 4115 1303 4185; baseline 0.003 -15"><span class='ocrx_word' id='word_1_476' title='bbox 119 4159 122 4180; x_wconf 84' lang='lat'>‚</span> <span class='ocrx_word' id='word_1_477' title='bbox 144 4115 194 4171; x_wconf 88' lang='lat' dir='ltr'><strong>ubi</strong></span> <span class='ocrx_word' id='word_1_478' title='bbox 209 4124 302 4172; x_wconf 87' lang='lat' dir='ltr'><strong>aestus</strong></span> <span class='ocrx_word' id='word_1_479' title='bbox 323 4117 375 4172; x_wconf 92' lang='lat' dir='ltr'><strong>sibi</strong></span> <span class='ocrx_word' id='word_1_480' title='bbox 396 4124 489 4173; x_wconf 90' lang='lat' dir='ltr'><strong>mutuo</strong></span> <span class='ocrx_word' id='word_1_481' title='bbox 511 4123 663 4181; x_wconf 87' lang='lat' dir='ltr'><strong>occurrunt,</strong></span> <span class='ocrx_word' id='word_1_482' title='bbox 686 4118 759 4170; x_wconf 86' lang='lat' dir='ltr'><strong>alter</strong></span> <span class='ocrx_word' id='word_1_483' title='bbox 779 4116 815 4170; x_wconf 87' lang='lat' dir='ltr'><strong>ab</strong></span> <span class='ocrx_word' id='word_1_484' title='bbox 837 4116 975 4171; x_wconf 84' lang='lat' dir='ltr'><strong>occidente</strong></span> <span class='ocrx_word' id='word_1_485' title='bbox 996 4115 1088 4169; x_wconf 88' lang='lat' dir='ltr'><strong>altera</strong></span> <span class='ocrx_word' id='word_1_486' title='bbox 1107 4116 1303 4185; x_wconf 73' lang='lat' dir='ltr'><strong>septentrione.</strong></span> 
     </span>
    </p>
   </div>
   <div class='ocr_carea' id='block_1_6' title="bbox 119 4211 1386 4527">
    <p class='ocr_par' dir='ltr' id='par_1_6' title="bbox 119 4211 1386 4527">
     <span class='ocr_line' id='line_1_48' title="bbox 126 4211 1385 4287; baseline -0.001 -18"><span class='ocrx_word' id='word_1_487' title='bbox 126 4215 233 4269; x_wconf 83' lang='lat' dir='ltr'><strong>Verum</strong></span> <span class='ocrx_word' id='word_1_488' title='bbox 246 4213 298 4268; x_wconf 90' lang='lat' dir='ltr'><strong>boo</strong></span> <span class='ocrx_word' id='word_1_489' title='bbox 317 4222 429 4270; x_wconf 90' lang='lat' dir='ltr'><strong>nonest</strong></span> <span class='ocrx_word' id='word_1_490' title='bbox 443 4216 603 4287; x_wconf 84' lang='lat' dir='ltr'><strong>catalogum</strong></span> <span class='ocrx_word' id='word_1_491' title='bbox 617 4214 736 4270; x_wconf 86' lang='lat' dir='ltr'><strong>scribere</strong></span> <span class='ocrx_word' id='word_1_492' title='bbox 750 4230 851 4278; x_wconf 88' lang='lat' dir='ltr'><strong>eorum,</strong></span> <span class='ocrx_word' id='word_1_493' title='bbox 874 4211 919 4283; x_wconf 89' lang='lat' dir='ltr'><strong>qui</strong></span> <span class='ocrx_word' id='word_1_494' title='bbox 933 4213 967 4266; x_wconf 91' lang='lat' dir='ltr'><strong>de</strong></span> <span class='ocrx_word' id='word_1_495' title='bbox 986 4227 1017 4264; x_wconf 90' lang='lat' dir='ltr'><strong>re</strong></span> <span class='ocrx_word' id='word_1_496' title='bbox 1031 4211 1144 4267; x_wconf 86' lang='lat' dir='ltr'><strong>nautica</strong></span> <span class='ocrx_word' id='word_1_497' title='bbox 1157 4212 1331 4283; x_wconf 82' lang='lat' dir='ltr'><strong>scripserunt</strong></span> <span class='ocrx_word' id='word_1_498' title='bbox 1347 4244 1385 4257; x_wconf 90' lang='lat'><em>-</em></span> 
     </span>
     <span class='ocr_line' id='line_1_49' title="bbox 119 4293 1386 4368; baseline -0.001 -17"><span class='ocrx_word' id='word_1_499' title='bbox 119 4312 147 4351; x_wconf 81' lang='lat' dir='ltr'><strong>sa</strong></span> <span class='ocrx_word' id='word_1_500' title='bbox 167 4294 259 4349; x_wconf 88' lang='lat' dir='ltr'><strong>lineae</strong></span> <span class='ocrx_word' id='word_1_501' title='bbox 273 4295 371 4366; x_wconf 89' lang='lat' dir='ltr'><strong>quibus</strong></span> <span class='ocrx_word' id='word_1_502' title='bbox 391 4296 480 4350; x_wconf 82' lang='lat' dir='ltr'><strong>ventis</strong></span> <span class='ocrx_word' id='word_1_503' title='bbox 500 4296 676 4368; x_wconf 78' lang='lat' dir='ltr'><strong>navigentur,</strong></span> <span class='ocrx_word' id='word_1_504' title='bbox 696 4293 776 4350; x_wconf 88' lang='lat' dir='ltr'><strong>hodie</strong></span> <span class='ocrx_word' id='word_1_505' title='bbox 792 4294 899 4348; x_wconf 89' lang='lat' dir='ltr'><strong>abunde</strong></span> <span class='ocrx_word' id='word_1_506' title='bbox 914 4294 1012 4346; x_wconf 88' lang='lat' dir='ltr'><strong>docent</strong></span> <span class='ocrx_word' id='word_1_507' title='bbox 1025 4308 1116 4349; x_wconf 85' lang='lat' dir='ltr'><strong>omnes</strong></span> <span class='ocrx_word' id='word_1_508' title='bbox 1135 4293 1220 4364; x_wconf 87' lang='lat' dir='ltr'><strong>globi,</strong></span> <span class='ocrx_word' id='word_1_509' title='bbox 1242 4294 1386 4365; x_wconf 89' lang='lat' dir='ltr'><strong>globorum</strong></span> 
     </span>
     <span class='ocr_line' id='line_1_50' title="bbox 119 4372 1386 4447; baseline -0.001 -16"><span class='ocrx_word' id='word_1_510' title='bbox 119 4381 201 4431; x_wconf 67' lang='lat' dir='ltr'><strong>muta</strong></span> <span class='ocrx_word' id='word_1_511' title='bbox 213 4379 244 4428; x_wconf 90' lang='lat' dir='ltr'><strong>et</strong></span> <span class='ocrx_word' id='word_1_512' title='bbox 256 4375 379 4440; x_wconf 68' lang='lat' dir='ltr'><strong>obartoe,</strong></span> <span class='ocrx_word' id='word_1_513' title='bbox 400 4376 519 4431; x_wconf 89' lang='lat' dir='ltr'><strong>maxime</strong></span> <span class='ocrx_word' id='word_1_514' title='bbox 539 4375 681 4440; x_wconf 85' lang='lat' dir='ltr'><strong>Bondii,</strong></span> <span class='ocrx_word' id='word_1_515' title='bbox 702 4374 748 4447; x_wconf 91' lang='lat' dir='ltr'><strong>qui</strong></span> <span class='ocrx_word' id='word_1_516' title='bbox 768 4374 807 4428; x_wconf 91' lang='lat' dir='ltr'><strong>sic</strong></span> <span class='ocrx_word' id='word_1_517' title='bbox 827 4376 946 4428; x_wconf 88' lang='lat' dir='ltr'><strong>adornat</strong></span> <span class='ocrx_word' id='word_1_518' title='bbox 964 4387 1029 4426; x_wconf 88' lang='lat' dir='ltr'><strong>suas</strong></span> <span class='ocrx_word' id='word_1_519' title='bbox 1044 4372 1165 4437; x_wconf 87' lang='lat' dir='ltr'><strong>chartas,</strong></span> <span class='ocrx_word' id='word_1_520' title='bbox 1186 4381 1303 4446; x_wconf 85' lang='lat' dir='ltr'><strong>atquae</strong></span> <span class='ocrx_word' id='word_1_521' title='bbox 1322 4384 1386 4430; x_wconf 88' lang='lat' dir='ltr'><strong>sunt</strong></span> 
     </span>
     <span class='ocr_line' id='line_1_51' title="bbox 119 4451 1127 4527; baseline -0.002 -17"><span class='ocrx_word' id='word_1_522' title='bbox 119 4456 175 4512; x_wconf 91' lang='lat' dir='ltr'><strong>nbo</strong></span> <span class='ocrx_word' id='word_1_523' title='bbox 196 4453 314 4527; x_wconf 83' lang='lat' dir='ltr'><strong>spitales</strong></span> <span class='ocrx_word' id='word_1_524' title='bbox 335 4455 433 4520; x_wconf 75' lang='grc' dir='ltr'>ιίιιειιο,</span> <span class='ocrx_word' id='word_1_525' title='bbox 455 4456 515 4526; x_wconf 89' lang='lat' dir='ltr'><strong>ipse</strong></span> <span class='ocrx_word' id='word_1_526' title='bbox 535 4456 618 4510; x_wconf 89' lang='lat' dir='ltr'><strong>rectis</strong></span> <span class='ocrx_word' id='word_1_527' title='bbox 639 4454 837 4527; x_wconf 80' lang='lat' dir='ltr'><strong>perfectissime</strong></span> <span class='ocrx_word' id='word_1_528' title='bbox 856 4452 945 4524; x_wconf 89' lang='lat' dir='ltr'><strong>possit</strong></span> <span class='ocrx_word' id='word_1_529' title='bbox 965 4451 1127 4523; x_wconf 88' lang='lat' dir='ltr'><strong>exprimere.</strong></span> 
     </span>
    </p>
   </div>
   <div class='ocr_carea' id='block_1_7' title="bbox 119 4549 1386 4947">
    <p class='ocr_par' dir='ltr' id='par_1_7' title="bbox 119 4549 1386 4947">
     <span class='ocr_line' id='line_1_52' title="bbox 122 4549 1385 4625; baseline -0.002 -15"><span class='ocrx_word' id='word_1_530' title='bbox 122 4552 215 4610; x_wconf 77' lang='lat' dir='ltr'><strong>Edita</strong></span> <span class='ocrx_word' id='word_1_531' title='bbox 226 4557 270 4607; x_wconf 89' lang='lat' dir='ltr'><strong>est</strong></span> <span class='ocrx_word' id='word_1_532' title='bbox 283 4569 354 4609; x_wconf 90' lang='lat' dir='ltr'><strong>anno</strong></span> <span class='ocrx_word' id='word_1_533' title='bbox 371 4554 448 4609; x_wconf 83' lang='lat'>1584</span> <span class='ocrx_word' id='word_1_534' title='bbox 461 4554 641 4625; x_wconf 81' lang='lat' dir='ltr'><strong>Antwerpiae</strong></span> <span class='ocrx_word' id='word_1_535' title='bbox 656 4552 874 4624; x_wconf 87' lang='lat' dir='ltr'><strong>Cosmographia</strong></span> <span class='ocrx_word' id='word_1_536' title='bbox 892 4549 1025 4622; x_wconf 84' lang='lat' dir='ltr'><strong>Apiani</strong></span> <span class='ocrx_word' id='word_1_537' title='bbox 1046 4565 1105 4605; x_wconf 89' lang='lat' dir='ltr'><strong>cum</strong></span> <span class='ocrx_word' id='word_1_538' title='bbox 1125 4549 1278 4606; x_wconf 79' lang='lat' dir='ltr'><strong>Gemmas</strong></span> <span class='ocrx_word' id='word_1_539' title='bbox 1293 4552 1385 4624; x_wconf 90' lang='lat' dir='ltr'><strong>-patrls</strong></span> 
     </span>
     <span class='ocr_line' id='line_1_53' title="bbox 119 4629 1386 4704; baseline 0.002 -19"><span class='ocrx_word' id='word_1_540' title='bbox 119 4631 355 4691; x_wconf 76' lang='lat' dir='ltr'><strong>iia&#39;dditionibns.</strong></span> <span class='ocrx_word' id='word_1_541' title='bbox 396 4634 437 4689; x_wconf 89' lang='lat' dir='ltr'><strong>lbi</strong></span> <span class='ocrx_word' id='word_1_542' title='bbox 467 4634 585 4704; x_wconf 86' lang='lat' dir='ltr'><strong>plurima</strong></span> <span class='ocrx_word' id='word_1_543' title='bbox 614 4635 648 4688; x_wconf 88' lang='lat' dir='ltr'><strong>ad</strong></span> <span class='ocrx_word' id='word_1_544' title='bbox 670 4634 808 4687; x_wconf 90' lang='lat' dir='ltr'><strong>nauticam</strong></span> <span class='ocrx_word' id='word_1_545' title='bbox 836 4630 1017 4702; x_wconf 87' lang='lat' dir='ltr'><strong>pertinentia:</strong></span> <span class='ocrx_word' id='word_1_546' title='bbox 1048 4636 1080 4683; x_wconf 90' lang='lat' dir='ltr'><strong>ut</strong></span> <span class='ocrx_word' id='word_1_547' title='bbox 1108 4629 1230 4686; x_wconf 81' lang='lat' dir='ltr'><strong>inventio</strong></span> <span class='ocrx_word' id='word_1_548' title='bbox 1260 4635 1386 4704; x_wconf 84' lang='lat' dir='ltr'><strong>quadrati</strong></span> 
     </span>
     <span class='ocr_line' id='line_1_54' title="bbox 119 4710 1386 4787; baseline -0.001 -18"><span class='ocrx_word' id='word_1_549' title='bbox 119 4714 151 4780; x_wconf 84' lang='lat' dir='ltr'><strong>ni,</strong></span> <span class='ocrx_word' id='word_1_550' title='bbox 172 4712 223 4769; x_wconf 88' lang='lat' dir='ltr'><strong>ubi</strong></span> <span class='ocrx_word' id='word_1_551' title='bbox 237 4729 274 4767; x_wconf 87' lang='lat' dir='ltr'><strong>ex</strong></span> <span class='ocrx_word' id='word_1_552' title='bbox 292 4720 375 4767; x_wconf 80' lang='lat' dir='ltr'><strong>vento</strong></span> <span class='ocrx_word' id='word_1_553' title='bbox 389 4720 419 4767; x_wconf 90' lang='lat' dir='ltr'><strong>et</strong></span> <span class='ocrx_word' id='word_1_554' title='bbox 439 4714 629 4768; x_wconf 85' lang='lat' dir='ltr'><strong>altitudinibus</strong></span> <span class='ocrx_word' id='word_1_555' title='bbox 650 4714 707 4783; x_wconf 91' lang='lat' dir='ltr'><strong>poli</strong></span> <span class='ocrx_word' id='word_1_556' title='bbox 727 4716 839 4768; x_wconf 74' lang='lat' dir='ltr'><strong>duonum</strong></span> <span class='ocrx_word' id='word_1_557' title='bbox 860 4713 979 4767; x_wconf 85' lang='lat' dir='ltr'><strong>locorum</strong></span> <span class='ocrx_word' id='word_1_558' title='bbox 992 4710 1112 4764; x_wconf 85' lang='lat' dir='ltr'><strong>habetur</strong></span> <span class='ocrx_word' id='word_1_559' title='bbox 1125 4710 1278 4787; x_wconf 79' lang='lat' dir='ltr'><strong>differentia</strong></span> <span class='ocrx_word' id='word_1_560' title='bbox 1297 4714 1386 4785; x_wconf 87' lang='lat' dir='ltr'><strong>longi·</strong></span> 
     </span>
     <span class='ocr_line' id='line_1_55' title="bbox 119 4789 1386 4861; baseline -0.001 -12"><span class='ocrx_word' id='word_1_561' title='bbox 119 4812 148 4861; x_wconf 82' lang='lat' dir='ltr'><strong>a,</strong></span> <span class='ocrx_word' id='word_1_562' title='bbox 163 4794 233 4849; x_wconf 87' lang='lat' dir='ltr'><strong>item</strong></span> <span class='ocrx_word' id='word_1_563' title='bbox 246 4790 317 4847; x_wconf 90' lang='lat' dir='ltr'><strong>idem</strong></span> <span class='ocrx_word' id='word_1_564' title='bbox 330 4811 367 4851; x_wconf 91' lang='lat' dir='ltr'><strong>ex</strong></span> <span class='ocrx_word' id='word_1_565' title='bbox 380 4794 572 4858; x_wconf 81' lang='lat' dir='ltr'><strong>observatione</strong></span> <span class='ocrx_word' id='word_1_566' title='bbox 585 4795 689 4851; x_wconf 90' lang='lat' dir='ltr'><strong>Lunae.</strong></span> <span class='ocrx_word' id='word_1_567' title='bbox 704 4823 744 4831; x_wconf 97' lang='lat'>—</span> <span class='ocrx_word' id='word_1_568' title='bbox 755 4792 842 4861; x_wconf 67' lang='lat' dir='ltr'><strong>Plura</strong></span> <span class='ocrx_word' id='word_1_569' title='bbox 862 4810 917 4847; x_wconf 91' lang='lat' dir='ltr'><strong>non</strong></span> <span class='ocrx_word' id='word_1_570' title='bbox 935 4789 1050 4855; x_wconf 85' lang='lat' dir='ltr'><strong>memini,</strong></span> <span class='ocrx_word' id='word_1_571' title='bbox 1072 4789 1142 4845; x_wconf 87' lang='lat' dir='ltr'><strong>liber</strong></span> <span class='ocrx_word' id='word_1_572' title='bbox 1161 4790 1227 4846; x_wconf 90' lang='lat' dir='ltr'><strong>mibi</strong></span> <span class='ocrx_word' id='word_1_573' title='bbox 1240 4792 1313 4848; x_wconf 83' lang='lat' dir='ltr'><strong>furto</strong></span> <span class='ocrx_word' id='word_1_574' title='bbox 1328 4810 1386 4847; x_wconf 87' lang='lat' dir='ltr'><strong>sur·</strong></span> 
     </span>
     <span class='ocr_line' id='line_1_56' title="bbox 119 4864 1386 4947; baseline -0.002 -18"><span class='ocrx_word' id='word_1_575' title='bbox 119 4866 205 4933; x_wconf 75' lang='lat' dir='ltr'><strong>s&#39;eat.</strong></span> <span class='ocrx_word' id='word_1_576' title='bbox 233 4875 450 4929; x_wconf 66' lang='lat' dir='ltr'><strong>accommodabo</strong></span> <span class='ocrx_word' id='word_1_577' title='bbox 464 4878 494 4929; x_wconf 94' lang='lat' dir='ltr'><strong>et</strong></span> <span class='ocrx_word' id='word_1_578' title='bbox 507 4890 561 4947; x_wconf 89' lang='lat' dir='ltr'><strong>ego</strong></span> <span class='ocrx_word' id='word_1_579' title='bbox 570 4875 632 4929; x_wconf 90' lang='lat' dir='ltr'><strong>Deo</strong></span> <span class='ocrx_word' id='word_1_580' title='bbox 645 4873 756 4929; x_wconf 80' lang='lat' dir='ltr'><strong>volente</strong></span> <span class='ocrx_word' id='word_1_581' title='bbox 770 4868 1017 4946; x_wconf 59' lang='lat' dir='ltr'><strong>„Parallacticaffl</strong></span> <span class='ocrx_word' id='word_1_582' title='bbox 1033 4884 1122 4926; x_wconf 81' lang='lat' dir='ltr'><strong>meam</strong></span> <span class='ocrx_word' id='word_1_583' title='bbox 1134 4864 1180 4932; x_wconf 83' lang='lat' dir='ltr'><strong>(sc</strong></span> <span class='ocrx_word' id='word_1_584' title='bbox 1192 4880 1302 4931; x_wconf 71' lang='grc' dir='ltr'>ιιιιιιω</span> <span class='ocrx_word' id='word_1_585' title='bbox 1312 4894 1386 4947; x_wconf 74' lang='lat' dir='ltr'><strong>qum</strong></span> 
     </span>
    </p>
   </div>
   <div class='ocr_carea' id='block_1_8' title="bbox 0 0 1647 5550">
    <p class='ocr_par' dir='ltr' id='par_1_8' title="bbox 0 0 1647 5550">
     <span class='ocr_line' id='line_1_57' title="bbox 0 0 1647 5550; baseline 0 0"><span class='ocrx_word' id='word_1_586' title='bbox 0 0 1647 5550; x_wconf 95' lang='lat' dir='ltr'><strong> </strong></span> 
     </span>
    </p>
   </div>
  </div>
 </body>
</html>
