3278 5550
243 244 307 312 703
782 244 895 297 nmen·
911 243 941 296 r.
960 238 1052 295 ense
1088 319 1092 328 ν
1122 229 1130 243 ·

243 457 348 525 Nobili
372 469 404 520 et
426 457 583 539 magnifico
613 457 678 520 viro
701 458 739 521 D.
765 457 803 519 D.
834 457 968 519 Joanni
1000 448 1161 533 Geor'gio
1189 451 1397 515 Herwarto
1428 447 1466 511 ab
1484 447 1583 512 lichen·

243 551 338 629 burg,
367 546 555 610 Cancellario
579 548 748 624 Bavariae,
779 545 978 609 illustrissimi
1004 544 1154 607 Bavariae
1183 540 1349 623 Principis
1379 536 1585 601 consiliarios

382 637 515 717 praesidi
538 636 674 710 Suabae,
698 636 827 700 Domino
852 645 884 699 et
905 635 1029 699 Fautori
1052 653 1118 696 meo
1140 632 1308 714 plurimum
1334 628 1477 692 colendo.

334 779 367 842 Si
395 768 545 861 nunquam
573 779 602 839 in
625 780 730 859 Magn.
762 787 832 841 tuae
864 777 1104 842 familiaritatem
1135 775 1262 837 inissem
1293 779 1467 854 receptus,
1495 776 1590 850 poterat

246 891 293 933 me
316 871 364 930 vel
389 870 455 930 sola
478 868 531 929 illa
555 875 607 929 tua
631 869 754 948 egregia
782 870 810 931 in
835 867 939 931 literas
962 868 1103 930 voluntas
1126 873 1158 927 et
1181 882 1268 926 amor
1293 864 1464 925 doctorum
1485 859 1590 921 vhoren

247 959 361 1040 passim
395 957 604 1019 increbescere
638 957 767 1019 invitare
798 957 837 1019 ad
869 966 900 1020 te
930 976 984 1038 pro
1014 956 1128 1017 viribus
1157 952 1393 1034 percolendum.
1442 949 1522 1022 Quia
1539 967 1591 1010 verr

246 1067 303 1110 non
320 1056 438 1108 tantum
455 1045 644 1109 creberrimis
661 1047 716 1108 abs
737 1055 766 1108 te
783 1047 880 1109 literis
894 1049 958 1127 jam
973 1064 1028 1128 per
1047 1063 1140 1107 annos
1160 1042 1279 1123 aliquot
1295 1060 1368 1104 snm
1389 1039 1592 1109 cohonestatur

248 1137 417 1199 sedetiam
447 1154 479 1197 re
509 1135 576 1214 ipsa
605 1153 660 1196 nec
688 1155 746 1197 nno
775 1136 805 1197 in
837 1137 901 1198 loco
933 1146 1016 1198 tuam
1046 1134 1075 1195 in
1104 1152 1151 1194 me
1180 1126 1439 1194 benevolentiam
1460 1147 1527 1191 cum
1543 1145 1592 1189 meo

248 1225 404 1288 commodo
428 1234 569 1303 expertus
593 1243 680 1286 sum:
704 1225 841 1303 equidem
861 1223 1061 1305 jampridem
1085 1222 1222 1284 decuisse
1246 1219 1404 1293 arbitror,
1429 1225 1465 1280 nt
1485 1214 1593 1296 gratin-

248 1315 347 1377 dinem
370 1333 467 1375 meam
490 1313 591 1392 aliquo
610 1332 730 1375 munere
751 1314 886 1376 literario
903 1314 1097 1383 declararem,
1120 1310 1146 1371 si
1169 1309 1242 1371 mihi
1257 1309 1388 1372 Urania
1411 1314 1467 1370 sat
1485 1306 1595 1387 propin·

248 1405 366 1466 inisset.
415 1401 490 1465 Cum
518 1402 611 1481 igitur
640 1421 734 1481 nuper
762 1403 791 1464 in
820 1403 876 1465 hoc
905 1402 1102 1484 qualicunque
1129 1399 1275 1479 opusculo
1304 1397 1491 1459 tabularum
1512 1395 1595 1457 Luna·

248 1493 324 1555 rium
346 1492 419 1553 mihi
443 1491 594 1554 videretur
623 1492 825 1565 successisse,
857 1500 946 1573 teque
974 1493 1096 1569 iusuper
1123 1508 1189 1550 cunr
1212 1488 1385 1549 universae
1411 1483 1595 1547 manneae:

202 1626 210 1636 -
249 1590 312 1645 tum
339 1581 529 1663 potissimum
558 1579 712 1641 doctrinae
741 1580 777 1641 de
807 1580 968 1662 eclipsibus
999 1578 1252 1642 studiosissimum
1287 1576 1428 1639 scirem:
1463 1593 1522 1636 non
1548 1581 1597 1634 aa

250 1669 323 1733 mihi
348 1670 506 1750 quisquam
531 1668 608 1729 alius
632 1668 808 1748 deligendus
832 1669 901 1732 huic
925 1667 1189 1750 occupatiunculae
1211 1674 1386 1747 patronus,
1413 1664 1507 1746 idque
1529 1670 1596 1725 nuto

249 1760 367 1839 magis,
400 1758 569 1838 quodcum
597 1756 670 1818 nihil
699 1758 746 1820 hic
770 1760 852 1821 aliud
875 1777 983 1838 agam,
1014 1777 1103 1838 qnam
1131 1764 1165 1818 ut
1194 1754 1303 1817 summi
1331 1754 1426 1816 illine
1450 1752 1597 1815 astronomi

249 1847 437 1931 Tychouis
464 1846 583 1908 Brahe
617 1846 732 1927 placita
761 1847 798 1908 de
821 1848 926 1909 Lunae
954 1847 1103 1920 motibus,
1136 1864 1211 1925 quae
1241 1845 1271 1906 in
1301 1843 1597 1926 Progymnasmatnn

252 1943 334 1999 tomo
359 1954 452 2016 nuper
475 1943 546 1996 sunt
567 1935 688 2014 publica
720 1937 814 2010 lacta,
848 1936 1052 1998 communiora
1079 1945 1110 1997 et
1141 1935 1179 1996 ad
1211 1952 1299 1995 nsum
1332 1931 1599 1995 accommodabat

252 2025 398 2087 reddam:
429 2024 480 2084 vix
504 2024 641 2104 cuiquam
664 2024 694 2085 id
719 2025 835 2104 gratius
859 2026 995 2088 accidere
1018 2024 1132 2107 possit,
1163 2042 1253 2107 quam
1277 2021 1355 2097 tibi,
1383 2021 1438 2102 qni
1462 2028 1496 2083 et
1518 2019 1597 2083 mm

1632 182 1635 323 l

253 2114 388 2177 studiose
418 2112 538 2175 coluisti
569 2121 600 2175 et
629 2114 737 2176 mortui
769 2115 959 2178 monimentis
987 2113 1130 2176 literariis
1158 2111 1291 2175 sollicite
1320 2111 1428 2174 faves,
1477 2107 1597 2181 Quinti
1633 2170 1635 2185 ,

252 2203 351 2283 ipsum
373 2202 487 2264 laboris
511 2203 598 2282 hujus
622 2202 792 2264 institutum
815 2213 847 2265 te
873 2203 1063 2284 potissimum
1088 2202 1219 2283 judicem
1248 2208 1282 2263 et
1309 2199 1469 2263 arbitrum
1491 2216 1596 2281 poscere

252 2291 390 2355 videtur:
415 2291 494 2372 qnod
517 2292 604 2372 quale
628 2291 669 2353 sit
692 2292 851 2371 diligenter
874 2293 1082 2373 explicandum
1106 2300 1163 2354 est.

342 2382 520 2460 Postquam,
545 2399 620 2460 qnae
645 2381 721 2454 dixi,
744 2383 1015 2464 Progymnasmata
1037 2380 1188 2463 Tychouis
1212 2379 1296 2440 etin
1321 2379 1363 2441 iis
1389 2377 1530 2441 Tabulae
1547 2373 1593 2439 iu·

252 2489 342 2535 nares
364 2470 546 2550 prodierunt,
571 2470 691 2531 diversa
705 2470 762 2532 duo
778 2472 1057 2534 mathematicorum
1073 2469 1197 2551 judicia,
1221 2468 1334 2548 partim
1358 2467 1420 2529 abs
1439 2472 1490 2543 te,'
1504 2466 1592 2548 parth

253 2560 291 2622 ab
315 2559 383 2620 aliis
408 2559 446 2619 ad
470 2578 516 2620 me
539 2558 708 2638 perscripta
731 2567 814 2631 sunt,
843 2561 911 2622 hinc
940 2560 1044 2622 alteris
1076 2559 1250 2621 intricatam
1282 2565 1442 2638 captuque
1466 2556 1590 2619 dificilem

252 2648 432 2731 hypothesin
458 2656 489 2709 et
512 2668 531 2709 a
554 2655 662 2709 natura
685 2649 815 2711 alienam
838 2651 1023 2724 notantibus,
1046 2649 1117 2710 inde
1140 2648 1208 2710 aliis
1232 2646 1452 2726 querentstms,
1483 2645 1588 2709 nondun

253 2739 423 2800 tabularum
438 2738 551 2799 muneri
572 2737 764 2801 satisfactum
782 2758 860 2813 esse,
885 2740 1003 2819 qnando
1028 2738 1126 2801 altera
1146 2743 1372 2800 menstruarum
1397 2736 1588 2818 aequationem

254 2826 415 2890 etiamnum
442 2845 497 2907 per
523 2826 689 2888 doctrinam
717 2827 932 2908 triangulorum
962 2827 1081 2908 prolixo
1109 2836 1141 2889 et
1158 2825 1307 2899 ¹taedioso
1329 2824 1442 2886 labore
1465 2822 1588 2887 solvende
1634 2840 1635 2848 ¹

254 2916 306 2978 sit.
351 2915 496 2993 Utrisque
524 2915 581 2976 hoc
608 2916 711 2977 labore
742 2918 897 2979 consulere
928 2938 992 2980 snm
1023 2924 1157 2979 conatus.
1203 2914 1325 2977 Etenim
1349 2914 1378 2976 ei
1409 2933 1489 2995 quos
1510 2918 1586 2975 moret

253 3006 302 3066 vel
326 3003 510 3066 circellornm
534 3004 693 3066 multitudo
717 3006 765 3067 vel
789 3007 884 3068 centri
907 3007 988 3068 orbis
1012 3006 1042 3068 in
1066 3013 1201 3067 centrum
1220 3005 1333 3066 Terrae
1359 3003 1586 3065 semimenetruu

253 3094 409 3172 ingressus
432 3102 464 3153 et
486 3092 657 3154 discessus:
681 3094 742 3156 illis
762 3103 916 3158 ostensum
932 3104 981 3157 est
1002 3096 1062 3168 hic,
1088 3093 1326 3175 Oopcrnicanum
1345 3092 1435 3154 illum
1462 3090 1589 3174 duplus·

256 3182 420 3262 epicyclum
453 3182 483 3242 in
513 3183 717 3256 concentrico,
751 3202 837 3263 quem
865 3186 968 3267 Tycho
1001 3191 1159 3265 tantopere
1191 3180 1365 3255 adamavit,
1401 3190 1438 3243 nt
1470 3203 1491 3244 a
1516 3180 1585 3244 tntu

256 3269 458 3348 superioribus
481 3277 648 3333 mutuatum
670 3273 763 3334 etiam
786 3273 815 3334 in
831 3275 947 3336 Lunam
970 3274 1183 3347 introduceret,
1207 3270 1280 3333 nihil
1305 3288 1377 3332 ease
1404 3271 1501 3347 aliud,
1524 3285 1586 3352 quan

255 3376 344 3421 unum
367 3359 584 3421 Ptolemaicum
608 3360 652 3432 (in
677 3360 773 3422 tribus
797 3363 1015 3443 superioribus)
1043 3361 1255 3434 eccentricum,
1286 3359 1376 3439 cnjus
1405 3368 1510 3423 motus
1532 3360 1588 3425 cire

254 3454 397 3529 puuctum
430 3447 551 3527 aliquod
584 3450 788 3529 aequaturium
820 3471 910 3533 supra
942 3461 1077 3515 centrum
1109 3450 1190 3513 orbis
1222 3448 1378 3511 elevatum
1413 3450 1588 3513 circinaretu

256 3536 472 3617 aequabiliter:
501 3556 588 3616 quam
612 3538 858 3620 inaequalitatem
881 3549 979 3603 motus
1002 3540 1177 3622 propediem
1200 3539 1229 3600 in
1249 3538 1308 3599 alio
1332 3555 1444 3619 opere,
1470 3539 1518 3602 cni
1539 3540 1587 3603 nn

256 3627 397 3688 (lamenta
419 3626 449 3687 in
473 3645 538 3687 meo
562 3627 726 3689 Prodromo
750 3649 802 3690 sen
826 3631 973 3711 Mysterio
988 3628 1245 3709 Gosmographico
1264 3627 1336 3707 jeci,
1360 3627 1505 3710 physicis
1526 3627 1588 3711 prin-

254 3715 340 3794 cipiis
365 3716 680 3779 convenientissimam
703 3717 913 3781 demonstrabo
937 3729 969 3781 et
992 3717 1151 3799 Gopernici
1175 3715 1400 3798 objectionibus
1424 3717 1458 3780 in
1480 3717 1589 3781 salioru

255 3804 452 3868 satisfaciam.
498 3806 633 3867 Eundem
656 3807 685 3867 in
709 3808 828 3869 modum
851 3809 899 3870 hic
928 3809 1170 3881 demonstratur,
1199 3805 1354 3870 circellum
1383 3807 1494 3882 illum,
1524 3823 1590 3890 quau

254 3894 356 3976 Tycho
379 3913 433 3975 per
456 3902 590 3956 centrum
614 3897 725 3957 Terrae
749 3897 877 3960 transire
903 3898 986 3971 lacit,
1009 3898 1098 3978 plane
1122 3897 1289 3959 coincidere
1314 3913 1384 3957 cnm
1400 3896 1591 3978 Copsmieam

255 3983 386 4046 secundo
410 3983 542 4064 epicyclo
567 3983 698 4059 Lunari3
728 4005 782 4048 nec
806 3987 863 4047 nisi
892 3988 1042 4068 positione
1066 3995 1098 4049 et
1119 3985 1254 4048 nonnihil
1277 3986 1457 4067 quantitate
1482 3988 1591 4056 differre,

255 4073 365 4135 effectu
388 4091 458 4133 vero
481 4081 581 4135 motus
605 4074 816 4156 aequipollere,
841 4078 927 4158 quale
952 4076 1022 4157 quid
1038 4076 1140 4158 Tycho
1163 4073 1280 4156 ipsein
1306 4073 1516 4154 explicatione
1538 4091 1592 4140 snat

254 4161 459 4244 hypotheseos
481 4163 603 4225 monuit.
641 4165 748 4244 Itaque
771 4165 801 4226 in
821 4165 992 4228 universum
1007 4167 1110 4229 Lunae
1133 4163 1261 4240 theoria,
1284 4164 1366 4247 qnod
1391 4164 1592 4244 longitudinm

191 4274 198 4289 .
256 4251 375 4323 attinet,
397 4250 524 4313 totidem
547 4253 699 4314 constabit
721 4253 843 4315 orbibus
866 4262 898 4316 et
921 4255 1041 4329 centris,
1067 4262 1139 4335 quot
1161 4254 1240 4335 apud
1262 4252 1480 4318 Ptolemaeum
1503 4251 1592 4335 aliquia

256 4341 412 4402 extribus
436 4341 658 4421 superioribus:
690 4343 749 4404 nisi
772 4344 850 4423 quod
877 4353 1036 4424 praeterea
1064 4343 1156 4405 etiam
1183 4342 1298 4404 medius
1320 4342 1432 4404 Lunae
1454 4340 1592 4408 motusin

256 4429 514 4509 conjunctionibus
537 4439 569 4492 et
592 4432 830 4511 oppositionibus
852 4451 1012 4514 parumper
1027 4433 1222 4506 acceleratur,
1247 4448 1336 4512 quarn
1351 4432 1463 4514 Tycho
1478 4431 1592 4496 Varie

256 4515 393 4580 tionem
416 4518 511 4594 dixit3
535 4538 622 4601 quae,
644 4528 679 4582 ut
697 4530 823 4583 acansa
837 4524 963 4604 physica
984 4523 1131 4603 prolecta,
1155 4521 1275 4583 circello
1298 4521 1452 4600 peculiari
1476 4523 1515 4585 ad
1537 4539 1591 4603 spe·

256 4607 437 4671 colationem
459 4626 517 4669 non
541 4608 673 4689 indiget,
703 4630 770 4673 cum
793 4612 831 4673 ab
853 4612 1005 4692 ipsissimo
1028 4618 1181 4674 menstruo
1205 4609 1330 4673 circuitu
1358 4620 1518 4676 nascatur.
1559 4608 1591 4671 n

256 4698 315 4763 hac
338 4705 457 4777 tamen,
489 4704 524 4759 ut
545 4698 624 4761 infra
645 4700 774 4776 dicetur,
806 4703 934 4763 nondum
958 4700 1077 4782 penitus
1101 4701 1203 4781 liquet
1251 4699 1517 4772 Quemadmodum
1537 4715 1590 4760 ren

256 4785 434 4873 hypothesis
456 4787 560 4877 Lunae
585 4787 746 4851 conformis
776 4798 824 4852 est
850 4790 970 4853 reddita
991 4789 1115 4853 usitatis
1137 4788 1331 4852 Ptolemaicis
1351 4789 1448 4854 trium
1472 4788 1590 4872 superio
