3278 5550
143 288 208 359 303
432 260 437 279 “
629 289 795 343 naucum
814 287 907 343 saun
924 288 1013 345 uere·

232 470 275 533 Et
296 469 424 551 primum
447 468 526 552 quod
550 467 673 545 attinet,
705 466 945 533 consideratione
970 469 1092 550 dignum
1115 478 1177 545 est,
1208 490 1248 534 an
1272 470 1352 534 sient
1374 490 1439 553 opac

145 561 274 623 altemm
297 559 385 623 alteri
407 559 507 621 lumen
530 556 613 622 Solis
637 558 798 639 intercipit,
824 558 867 621 sic
891 561 982 623 etiam
1006 560 1130 623 mobilia
1153 580 1186 623 se
1211 559 1340 624 invicem
1363 561 1393 623 in
1412 581 1439 626 m

143 649 317 732 impediant,
342 649 392 713 ubi
407 649 529 710 easdem
552 667 619 710 cum
635 648 707 711 Sole
727 647 824 710 lineas
849 648 1021 712 inciderint:
1047 658 1080 712 ut
1103 650 1146 712 ita
1169 650 1222 712 lux
1236 650 1327 730 plane
1349 650 1391 712 sit
1410 670 1439 714 vc

145 739 243 802 culum
263 739 311 800 vel
335 740 564 802 instrumentum
579 737 700 801 virtutis
724 738 868 800 metricis.
908 739 1017 802 Videri
1040 739 1118 802 enim
1141 739 1251 821 possit,
1275 747 1310 801 ut
1331 740 1389 802 hoc
1402 761 1439 823 qu

144 836 208 893 tum
239 828 303 890 fieri
340 835 447 911 posset
479 835 653 902 caveretur,
691 827 902 889 inclinationes
940 837 1059 892 mutuas
1091 827 1328 891 ecaentricorum
1361 835 1439 897 omui

146 916 391 1000 deviationesque
416 917 454 978 ab
478 916 618 998 ecliptica
641 924 673 978 et
694 917 947 996 transpositiones
972 919 1131 994 nodorum,
1160 918 1296 999 adeoque
1319 925 1352 980 et
1372 939 1439 1006 prop

146 1006 245 1071 tiones
261 1025 419 1089 corpomm
441 1006 670 1087 umbrarumque
694 1006 723 1068 in
741 1026 847 1069 conum
871 1008 1095 1071 attenuationes
1119 1029 1137 1069 a
1158 1009 1225 1071 Deo
1249 1007 1400 1071 adhibitas
1414 1031 1439 1076 er

146 1116 269 1180 cumque
298 1117 358 1160 non
385 1097 475 1179 plane
504 1095 612 1158 evitari
640 1097 789 1176 potuerit,
823 1098 893 1178 quin
926 1099 1026 1160 sidera
1057 1097 1208 1160 interdum
1234 1097 1266 1158 in
1290 1099 1439 1164 easdemc

144 1186 216 1250 Sole
240 1184 337 1249 lineas
361 1185 544 1260 inciderent,
576 1185 709 1266 proclive
734 1194 782 1247 est
805 1187 966 1268 suspicari,
1002 1187 1069 1249 inde
1092 1185 1287 1250 tardissimos
1309 1187 1379 1249 illos
1399 1208 1439 1252 mo:

143 1294 346 1358 apogaeomm
368 1282 400 1337 et
422 1275 568 1337 nodorum
592 1275 657 1356 (qui
682 1282 752 1337 sunt
775 1277 860 1356 quasi
889 1277 1037 1358 quaedam
1064 1275 1272 1338 aberrationes
1301 1277 1439 1358 epicyclorr

143 1386 163 1428 a
184 1365 369 1445 temporibus
392 1363 607 1437 restitutoriis)
632 1364 776 1445 originem
799 1385 885 1427 suam
908 1366 1048 1429 traxisse.

231 1454 294 1519 Sed
316 1454 525 1535 respondetur,
548 1453 644 1535 primo
668 1474 728 1516 non
751 1453 932 1519 turbandam
955 1476 1023 1518 esse
1046 1454 1220 1535 analogiam
1248 1454 1328 1517 inter
1350 1455 1428 1517 luceu

142 1543 286 1607 virtutem
308 1543 478 1618 matricem,
511 1551 624 1606 temere
648 1542 782 1606 confusis
810 1545 1055 1626 proprietatibus.
1103 1545 1170 1606 Lux
1199 1562 1294 1623 opaco
1330 1544 1439 1624 impedit

141 1653 267 1716 corpore
291 1654 350 1696 non
372 1632 542 1714 impeditur,
567 1641 691 1715 propter
713 1633 770 1695 hoc
794 1633 901 1714 ipsum,
926 1635 996 1716 quia
1019 1635 1071 1696 lux
1090 1642 1147 1709 est,
1170 1652 1226 1695 nec
1250 1634 1281 1695 in
1305 1653 1439 1715 corpusq

144 1723 198 1785 sed
228 1722 259 1786 in
283 1723 469 1804 superficiem
497 1722 546 1783 vel
570 1722 665 1803 quasi.
713 1722 822 1785 Virtus
854 1724 884 1785 in
908 1744 1016 1804 corpus
1044 1723 1109 1803 agit
1136 1721 1202 1784 sine
1227 1722 1314 1803 opaci
1342 1730 1439 1804 respect

143 1812 231 1893 opaci
263 1813 356 1892 igitur
389 1811 570 1876 correlatnm
603 1831 669 1874 cum
688 1831 754 1875 non
786 1811 835 1887 sit,
868 1833 963 1895 neque
996 1813 1034 1875 ab
1066 1831 1161 1892 opaco
1194 1812 1383 1891 impedietur.
1423 1811 1439 1883 d

144 1901 262 1965 nomine
286 1901 384 1964 lucem
407 1923 426 1963 a
449 1901 561 1964 virtute
584 1909 723 1963 movente
746 1921 823 1983 pene
848 1922 1037 1984 separarem,
1070 1901 1130 1963 nisi
1151 1899 1317 1963 invenirem
1341 1901 1371 1962 in
1391 1909 1439 1963 nat

144 1991 298 2072 exempla,
328 2010 403 2072 quae
427 1989 505 2053 lucis
528 1989 622 2054 radiis
646 1990 737 2053 etiam
760 1990 914 2071 impeditis
937 1991 1099 2054 efficaciam
1121 1998 1223 2052 tamen
1255 1991 1423 2073 relinquunt

146 2099 288 2162 quorsum
310 2079 467 2163 pervenire
482 2079 686 2162 prohibentur.
727 2080 789 2144 Sed
812 2082 848 2143 de
873 2082 949 2145 lucis
967 2101 1032 2144 cum
1056 2079 1167 2143 virtute
1189 2080 1314 2142 matrice
1335 2080 1437 2143 sociati

144 2190 204 2232 non
227 2170 386 2252 praecipue
409 2169 459 2231 hic
483 2176 599 2249 satago.

230 2258 425 2340 Accipiamus
449 2266 549 2321 antem
564 2259 604 2320 ad
627 2257 828 2338 suspicionem
841 2260 919 2321 hanc
943 2258 1154 2340 impeditorum
1177 2265 1311 2320 motuum
1329 2259 1439 2321 diluenc'

144 2348 312 2429 exemplum
340 2348 468 2411 alterum
491 2348 650 2428 magnetis.
695 2348 772 2427 Ejus
795 2349 891 2411 virtus
918 2348 992 2409 nilril
1021 2347 1181 2428 impeditur
1206 2347 1326 2427 objectu
1356 2357 1439 2411 matu

145 2440 233 2512 (sane
257 2438 327 2519 quia
351 2438 554 2500 immateriata
577 2440 640 2512 est)
665 2438 720 2499 sed
742 2439 853 2501 transit
876 2437 1004 2501 laminas
1021 2445 1192 2518 argenteas,
1217 2457 1357 2517 cupreas,
1382 2458 1439 2500 aun

143 2527 268 2603 vitreas,
293 2547 415 2603 osseas,
439 2526 574 2606 ligneas,
598 2526 750 2608 trahitque
776 2528 886 2590 ferrum
909 2535 979 2608 post
1002 2527 1073 2589 illas
1097 2526 1223 2588 latitans
1246 2527 1439 2590 nihilomiuus

144 2617 170 2679 si
186 2617 286 2679 nullae
304 2617 487 2679 interessent
496 2617 637 2679 laminae.
664 2617 830 2697 Impeditur
842 2617 961 2699 quidem
977 2616 1137 2697 interjectu
1152 2616 1342 2695 magneticae
1360 2616 1439 2679 tabel

146 2706 201 2768 sed
225 2725 318 2769 causa
340 2707 370 2768 in
393 2713 512 2789 promtu
536 2715 597 2781 est;
630 2707 745 2768 tabella
769 2726 835 2769 cum
864 2708 930 2787 ipso
954 2713 1093 2786 magnete
1124 2705 1210 2786 paria
1238 2706 1323 2768 facit.
1371 2706 1439 2787 sip

145 2796 237 2877 igitur
269 2795 444 2857 fortitudine
478 2796 669 2858 remotiorem
700 2804 772 2876 post
803 2817 836 2858 se
869 2796 1049 2858 latitantem.
1096 2797 1143 2857 Aa
1172 2795 1230 2857 etsi
1259 2795 1352 2858 etiam
1386 2797 1439 2859 ferr

145 2884 276 2946 tabellae
300 2884 461 2964 interjectu
484 2882 655 2963 impeditur,
679 2892 780 2946 tamen
799 2892 831 2947 et
852 2886 927 2948 haec
946 2893 995 2947 est
1016 2893 1141 2948 naturae
1160 2885 1349 2963 magneticae
1369 2892 1439 2949 eto

145 2968 223 3035 bibit
244 2973 389 3034 virtutem
411 2974 561 3053 magnetis
585 2973 677 3048 illico,
702 2993 795 3054 eaque
819 2975 905 3056 quasi
927 2975 1049 3055 propria
1072 2975 1174 3037 utitur.

235 3063 278 3125 Ut
301 3061 392 3141 igitur
413 3080 522 3142 negare
546 3063 709 3143 possimus,
733 3071 832 3126 motus
853 3064 984 3127 siderum
1007 3063 1146 3145 impediri
1168 3063 1354 3127 centralibus
1378 3065 1439 3127 duo:

148 3149 422 3231 conjunctionibus,
456 3170 580 3213 necesse
609 3160 657 3213 est
685 3151 801 3229 dicere,
838 3152 920 3216 Solis
944 3161 1082 3217 naturam
1108 3152 1176 3234 plus
1200 3152 1321 3215 differre
1345 3175 1363 3215 a
1387 3163 1439 3217 nat

148 3239 282 3302 siderum
304 3247 487 3314 ceterorum,
517 3260 605 3322 quam
629 3240 730 3304 differt
747 3251 856 3305 natura
878 3244 1027 3323 magnetis
1051 3265 1070 3304 a
1092 3250 1202 3305 natura
1225 3243 1315 3305 ferri:
1351 3263 1439 3306 nect

148 3335 288 3407 magnete
322 3329 434 3391 ferrum
466 3331 592 3392 eandem
627 3331 724 3394 subito
757 3332 899 3395 virtutem
931 3333 1087 3407 combibit,
1122 3332 1165 3393 sic
1195 3352 1214 3392 a
1244 3331 1318 3394 Sole
1350 3332 1439 3414 plane

149 3418 257 3480 Utrum
273 3424 373 3481 autem
388 3417 519 3500 aliquam
531 3419 764 3503 qualemcunque
775 3422 955 3496 combibant,
972 3423 1076 3484 differo
1087 3422 1117 3485 in
1127 3430 1218 3501 caput
1228 3422 1328 3483 LVII.
1341 3422 1439 3503 explic

237 3506 326 3579 Quod
357 3498 459 3570 antem
490 3509 780 3573 verisimilitudinem
813 3512 924 3573 attinet
947 3531 1056 3572 causae
1087 3518 1187 3574 motus
1217 3529 1434 3590 apogaeorum,

150 3596 224 3659 nihil
248 3596 358 3677 probat
381 3598 417 3659 de
440 3597 552 3660 virtute
575 3599 632 3661 hac
649 3601 797 3664 communi
813 3601 913 3665 Solari
937 3619 991 3680 per
1013 3597 1183 3682 ἀηιφραξιν
1205 3600 1361 3680 impedita.
1398 3602 1439 3663 Po

150 3685 228 3748 enim
250 3694 350 3749 motus
373 3706 575 3768 apogaeorum
605 3689 696 3752 aliam
732 3698 836 3772 utpote
865 3690 1024 3753 animalem
1047 3691 1159 3753 habere
1183 3709 1315 3751 causam.
1363 3690 1439 3752 Vide

148 3775 206 3839 hac
230 3795 262 3837 re
286 3776 443 3839 obscuram
467 3778 597 3859 aliquam
622 3779 790 3861 opinionem
813 3781 892 3843 inira
914 3799 979 3860 cap.
1004 3780 1103 3843 LVII.

238 3865 327 3929 Adde
351 3867 429 3948 quod
458 3865 483 3929 si
511 3867 580 3929 hinc
609 3869 737 3932 oriretur
760 3889 962 3951 apogaeorum
985 3877 1099 3945 motus,
1132 3868 1212 3951 quod
1234 3876 1335 3930 motus
1363 3867 1439 3950 plaut

152 3953 361 4018 circaSolem
389 3955 419 4018 in
443 3954 612 4037 ἀντιφραξει
643 3959 754 4039 speciei
778 3960 912 4022 matricis
937 3978 973 4020 ex
997 3960 1069 4022 Sole
1093 3958 1260 4021 emanantis
1288 3956 1439 4038 impediret

152 4045 359 4107 retardaretur
381 4045 473 4125 igitur
487 4054 585 4110 motus
609 4049 814 4128 longitudinis,
839 4057 891 4112 ant
912 4049 1122 4131 progrediente
1139 4055 1221 4110 motu
1244 4047 1439 4119 latitudinis(

151 4140 241 4213 pacto
265 4136 490 4198 retrocederent
511 4139 662 4217 apogaea)
687 4146 739 4200 aut
766 4158 860 4220 aeque
886 4139 1056 4201 retardato:
1092 4139 1136 4200 ita
1163 4137 1332 4199 consistent
1360 4154 1439 4217 apogr

155 4240 222 4284 cum
245 4224 471 4288 observationes
494 4233 653 4302 testentur,
681 4227 749 4320 ipsa
770 4228 920 4309 progredi.

243 4312 306 4376 Sed
322 4322 354 4375 et
374 4315 432 4377 hoc
455 4334 520 4396 cap.
545 4317 642 4379 LVII.
668 4317 792 4393 dicetur,
816 4326 914 4381 utrum
938 4317 1024 4381 salvo
1048 4324 1131 4380 motu
1154 4335 1192 4377 ex
1208 4316 1281 4380 Sole
1305 4313 1439 4397 impediar

156 4409 255 4467 motus
278 4403 408 4469 sidemm
429 4405 543 4487 proprii
565 4427 600 4488 cp
622 4404 798 4489 ἀηιφραξει.
