3278 5550
561 63 584 134 i

141 306 206 395 266
505 313 545 365 De
562 312 670 385 llotlhus
688 310 781 367 Stellae
798 310 894 365 Martia
932 312 993 364 Pars
1012 311 1136 366 Secunda

141 488 231 552 facile
253 490 361 572 possit,
384 469 451 555 oum
474 491 700 558 observationes
722 500 886 577 usurpatae
908 512 967 555 non
987 493 1122 557 incidant
1137 491 1168 557 iu
1181 491 1311 577 apsidas
1324 496 1355 555 et
1367 499 1459 575 qmrtas

141 586 325 662 octavasque
347 587 522 664 tempomm.

526 810 729 877 Conclusio
762 815 945 878 secundae
974 813 1103 897 partis.

230 938 385 1002 Hactenus
413 937 516 1020 itaque
546 939 686 1003 traducta
710 939 766 1002 fuit
787 938 965 1022 hypothesis
987 937 1103 1021 primae
1125 937 1337 1021 inaequalitati
1360 937 1466 1000 servieus

142 1027 187 1101 (in
202 1047 260 1109 qua
273 1028 392 1091 Braheo
411 1048 477 1091 cum
495 1028 662 1109 Coperuioo
682 1029 835 1106 ccuveuit;
860 1029 977 1111 utrique
993 1047 1065 1090 vero
1080 1027 1217 1091 nonnihil
1232 1028 1264 1091 iu
1280 1027 1376 1091 forma
1388 1028 1468 1090 aPte

142 1118 257 1179 lemaeo
272 1118 468 1192 dissentiunt)
488 1138 507 1179 a
521 1118 618 1181 medio
634 1127 716 1181 motu
726 1118 820 1194 Solis,
838 1137 925 1200 quem
941 1136 1044 1180 omnes
1059 1125 1122 1180 tres
1137 1125 1279 1181 auctores
1297 1117 1471 1180 adhibuemut
1497 1134 1511 1232 p

142 1207 182 1268 ad
205 1213 399 1288 apparentem
421 1215 533 1269 motum
556 1207 648 1271 Solis.
687 1209 803 1271 Deinde
827 1215 981 1270 ostensum
1004 1214 1061 1281 est,
1086 1206 1149 1268 sive
1168 1214 1366 1289 apparentem
1382 1212 1472 1268 motm

143 1295 227 1359 Solis
257 1304 289 1358 et
316 1296 496 1378 hypothesin
525 1317 592 1378 cap.
615 1297 703 1361 XVI.
731 1298 885 1359 iuventam
913 1315 1086 1377 sequamur,
1125 1295 1189 1358 sive
1222 1295 1353 1359 medium
1383 1302 1473 1358 motum

145 1384 228 1474 Solis
257 1392 289 1447 et
309 1385 491 1468 hypothesin
515 1405 579 1468 cap.
604 1388 692 1450 VIII.
716 1407 754 1448 ex
776 1385 967 1449 restitutione
989 1381 1103 1447 Brahei
1124 1385 1332 1467 propositam,
1360 1385 1473 1466 utrisque

144 1475 229 1555 sequi
251 1475 348 1536 falsas
371 1475 533 1538 distantias
555 1476 696 1557 planetae
719 1498 738 1538 a
761 1483 865 1538 centro
884 1494 936 1537 sen
952 1472 1035 1537 Solis
1050 1472 1234 1555 (Oopemico
1249 1481 1281 1536 et
1293 1474 1424 1549 Bruheo)
1437 1492 1474 1535 seu
1496 1542 1511 1553 ,

146 1563 248 1626 mundi
264 1564 478 1640 (Ptolemaeo).
511 1565 618 1647 Itaque
641 1586 716 1648 quae
740 1565 824 1647 prius
840 1564 1105 1627 aedificaveramus
1122 1584 1159 1625 ex
1173 1563 1344 1627 observatis
1359 1562 1473 1627 uraha·
1494 1560 1502 1629 .'

145 1652 202 1729 nia,
225 1654 377 1733 posterius
400 1673 439 1715 ex
460 1653 530 1716 aliis
554 1655 687 1735 ejusdem
710 1655 880 1717 observatis
903 1672 1020 1716 mrsum
1043 1652 1261 1716 destruximus:
1287 1653 1368 1736 quod
1389 1671 1473 1715 ueces-

148 1740 229 1804 sario
252 1742 339 1805 nobis
363 1743 498 1824 contigit,
521 1745 691 1825 probabilia
711 1744 856 1808 nonnulla
879 1743 932 1806 sed
955 1761 987 1805 re
1011 1759 1083 1805 vera
1106 1743 1186 1806 falsa
1210 1742 1393 1817 (imitatione
1411 1742 1487 1823 prio'

144 1851 210 1893 rum
233 1832 395 1907 artificum)
418 1832 540 1896 secutis.

235 1922 385 1984 Tantum
414 1921 556 2003 quidem
589 1942 719 2005 operae
750 1924 873 1986 datum
897 1928 956 1983 est
982 1918 1190 1983 imitationi
1221 1917 1306 1982 huic
1339 1920 1473 2000 prioruu

147 2009 345 2086 artificum,
371 2031 439 2092 qua
462 2012 656 2075 secundam
677 2013 768 2076 hauc
786 2009 1137 2077 Commentariorum
1152 2016 1296 2091 partem
1310 2006 1475 2072 concludo
