3278 5550
583 307 645 359 1111
663 306 755 360 Poma.
795 304 939 372 0111111.
973 361 977 371 ,
1376 298 1440 372 193

131 484 203 553 'oum
224 487 354 569 planeta
375 492 481 571 partes
504 486 629 569 epicycli
645 484 803 547 inferiores
818 491 970 567 peragrat,
994 491 1097 548 centro
1114 484 1239 568 epicyoli
1253 489 1394 546 versante
1411 482 1441 544 in

115 577 220 661 posito
234 575 330 646 Solis,
354 576 568 657 compositione
594 583 727 637 motuum
746 595 778 636 re
803 595 874 636 vera
892 576 933 638 sit
947 576 1149 655 retrogradus.
1188 576 1236 637 lta
1249 574 1441 636 Ptolemaeus

115 666 359 729 utentiamsuam
376 666 507 728 numeris
523 674 554 727 et
564 664 748 745 geometriae
759 666 977 734 accomodavit,
997 665 1224 727 admirationem
1238 683 1296 725 non
1307 663 1439 725 sustulit.

115 755 189 819 nune
212 756 292 817 enim
312 775 407 817 causa
422 752 584 836 quaeritur,
609 774 684 834 quae
702 773 806 816 omnes
820 754 1008 834 planetarum
1028 754 1176 837 epicyclos
1192 752 1255 816 Soli
1273 758 1443 825 connectat,

115 868 116 875 ¹
115 844 158 907 11
179 863 301 924 semper
321 834 355 905 ¹in
378 863 542 926 congressu
565 843 661 907 centri
686 843 732 905 sui
756 862 821 905 cum
845 842 917 905 Sola
939 843 1094 923 periodum
1117 863 1202 905 suam
1225 842 1395 904 absolvant.

157 931 413 1015 Cupernicus
452 953 519 996 cum
549 931 768 1013 antiquissimis
802 932 1001 1014 Pythagoreis
1032 940 1063 993 et
1085 932 1173 996 Arist
1174 932 1279 1005 archo,
1316 949 1440 1012 cumque

115 1022 190 1109 ¹ydem
218 1042 281 1085 una
310 1042 384 1124 ego
415 1041 559 1103 negamus
590 1023 667 1083 hanc
699 1022 860 1083 secundam
884 1021 1161 1103 inaequalitatem
1154 1041 1183 1082 11
1207 1022 1272 1101 ipso
1296 1020 1440 1100 planetae

115 1102 166 1175 ¹»tu
186 1111 312 1214 proprio
334 1110 446 1185 inesse,
470 1112 525 1173 sed
549 1110 644 1175 videri
668 1117 795 1185 tantum,
822 1111 959 1172 accidere
975 1130 1046 1173 vero
1070 1130 1170 1172 annua
1192 1108 1350 1192 gyratione
1367 1109 1439 1169 Tel-

115 1201 160 1265 m'a
180 1202 264 1263 circa
287 1198 391 1263 Solem
416 1200 606 1263 immobilem
654 1201 772 1280 Itaque,
798 1201 1047 1303 quemadmodum
1072 1200 1173 1280 capl.
1198 1206 1296 1260 motus
1318 1198 1440 1259 diurnus

115 1266 265 1353 motibus
296 1289 487 1369 planetarum
511 1289 639 1392 propriis
665 1289 721 1351 fuit
744 1298 921 1369 separatus,
946 1290 988 1351 sic
1007 1291 1074 1370 jam
1097 1289 1229 1350 secunda
1250 1288 1440 1368 planetarum

115 1379 286 1481 aequalitas
310 1379 416 1440 itidem
439 1400 457 1440 a
479 1380 578 1459 prima
608 1387 767 1456 separatur
790 1399 808 1440 a
828 1377 996 1459 Gopernico
1021 1386 1052 1439 et
1075 1379 1195 1459 quidem
1220 1376 1325 1439 eodem
1339 1377 1438 1437 modo.

115 1467 160 1531 ’111
186 1468 318 1547 primum
348 1476 461 1530 motum
492 1468 542 1529 alii
579 1468 710 1529 artifices
739 1469 937 1529 adventitium
969 1468 1124 1549 quidem'
1116 1487 1147 1528 11
1170 1465 1301 1546 planetis
1325 1484 1438 1545 agnos-

115 1566 165 1632 mt,
195 1557 253 1618 sed
283 1565 386 1619 tamen
411 1557 554 1632 credunt,
581 1557 663 1618 illum
688 1576 719 1618 re
753 1576 825 1617 vera
848 1555 980 1638 planetis
1004 1557 1104 1618 inesse
1129 1565 1159 1616 et
1188 1556 1288 1617 inferri
1318 1554 1377 1628 sic,
1406 1563 1440 1615 ut

115 1646 243 1715 11111111
266 1647 408 1725 planetae
431 1647 589 1708 vehantur.
639 1644 823 1725 Copemicus
847 1665 942 1728 neque
967 1645 1066 1707 inesse
1089 1665 1143 1725 per
1166 1665 1198 1705 se
1219 1663 1313 1724 neque
1336 1643 1439 1705 inferri

115 1735 223 1799 acedia
249 1735 447 1811 extrinsecus,
472 1735 526 1796 sed
551 1735 654 1815 affingi
678 1742 796 1796 tantum
820 1735 880 1797 illis
904 1753 957 1814 per
981 1735 1133 1796 fallaciam
1157 1734 1255 1796 visus:
1282 1733 1440 1796 dumenim

115 1844 178 1887 erra
202 1824 345 1885 volvatur
368 1844 458 1903 super
482 1844 538 1885 axe
563 1844 617 1886 suo
642 1824 680 1885 ab
704 1842 813 1885 occasu
838 1825 866 1884 in
892 1833 998 1899 ortum,
1025 1825 1101 1886 visui
1120 1832 1223 1885 nostro
1238 1823 1332 1885 videri
1351 1842 1439 1884 muu-

115 1904 151 1979 im
174 1914 324 1992 reliquum
347 1913 429 1975 volvi
454 1914 493 1975 ab
517 1922 583 1976 ortu
607 1913 635 1974 in
661 1933 810 1975 occasum.
846 1913 971 1989 Eodem,
997 1913 1126 1994 inquam,
1152 1913 1238 1974 modo
1255 1911 1439 1994 Gopemicus

115 1994 213 2076 berit,
239 2003 382 2082 planetas
406 2023 464 2064 non
489 2021 613 2064 revera
636 2003 699 2063 fieri
723 2003 920 2064 stationarios
945 2013 976 2064 et
1001 2003 1206 2082 retrogrados,
1245 2002 1298 2062 sed
1322 2001 1436 2063 videri:

115 2110 177 2155 ma
205 2092 288 2151 enirn
320 2092 380 2152 alio
410 2092 533 2171 iusuper
566 2101 597 2152 et
631 2111 665 2153 eo
694 2111 791 2152 annuo
820 2100 904 2154 motu
933 2091 961 2152 in
991 2092 1100 2153 circulo
1124 2090 1309 2170 amplissimo
1334 2093 1439 2170 (quem

115 2172 188 2243 hem
212 2200 356 2259 magnum
373 2182 522 2261 appellat)
543 2182 704 2256 translata,
725 2200 787 2257 eos,
809 2182 857 2260 qui
869 2182 993 2243 Terram
1009 2182 1134 2243 credunt
1144 2181 1306 2261 quiescere,
1331 2188 1438 2260 putare

115 2274 224 2333 *netas
252 2280 282 2330 et
307 2268 411 2331 Solem
434 2271 464 2331 in
489 2269 670 2331 contrarium
693 2269 860 2339 transferri,
886 2277 916 2331 et
940 2269 1011 2332 Sole
1035 2270 1114 2332 inter
1128 2271 1253 2332 Terram
1276 2278 1307 2331 et
1329 2269 1439 2349 plane-

115 2378 148 2421 ιι
173 2358 293 2439 posito,
328 2359 465 2438 componi
498 2359 526 2419 in
557 2358 671 2421 visione
695 2370 795 2420 motus
819 2360 928 2422 Terrae
954 2368 985 2420 et
1007 2359 1161 2439 planetae,
1199 2359 1276 2420 unde
1300 2358 1439 2420 videatur

135 2516 150 2531 ,Ι
174 2460 206 2509 ta
240 2447 346 2520 velox,
375 2450 471 2509 Terra
502 2467 573 2509 vero
602 2449 680 2511 inter
703 2449 805 2510 Solem
830 2458 860 2509 et
884 2449 1038 2529 planetam
1061 2449 1171 2528 posita,
1195 2447 1289 2510 videri
1313 2447 1438 2528 relinqui

265 2544 297 2596 et
319 2537 364 2598 sic
387 2538 586 2610 retrocedere,
614 2539 743 2617 eoquod
767 2539 862 2598 Terra
885 2538 1017 2599 velocior
1040 2538 1080 2599 sit
1103 2539 1236 2616 planeta.

142 2624 304 2707 ..lycho
330 2626 455 2688 Brahe
487 2624 584 2689 simile
616 2626 685 2706 quid
718 2627 811 2688 habet
844 2646 910 2687 cum
933 2628 1069 2701 Latinis,
1101 2647 1159 2687 non
1184 2626 1286 2688 Solem
1319 2626 1437 2705 quidem

207 2736 240 2777 re
267 2714 408 2795 planetas
432 2733 486 2794 per
510 2724 682 2796 aspectum,
717 2717 772 2776 sed
795 2716 935 2794 planetas
961 2715 1076 2777 adulari
1100 2714 1182 2777 Soli:
1207 2716 1262 2777 niti
1285 2715 1378 2787 enim,
1403 2722 1439 2777 ut

192 2804 347 2885 (quamvis
372 2806 507 2878 euntem)
531 2805 561 2867 in
586 2804 682 2866 medio
708 2805 770 2866 fere
795 2824 915 2866 suarum
939 2805 1144 2866 circuitionum
1170 2805 1328 2878 retineant,
1353 2803 1437 2883 ipsos
1504 2812 1510 2823 “

185 2893 347 2972 genuinam
385 2893 465 2954 viam
496 2894 577 2954 circa
601 2893 703 2955 Solem
734 2894 835 2973 (quasi
868 2902 952 2955 esset
974 2893 1149 2966 immobilis)
1174 2893 1321 2955 ordinare.
1369 2890 1438 2963 Qua

115 2980 200 3055 tb'oue
224 2981 354 3061 quilibet
376 2984 500 3060 planeta
522 2983 552 3043 in
576 3002 650 3043 aura
665 2983 810 3044 aetherea
827 2992 948 3063 praeter
967 2983 1047 3045 viam
1061 2983 1212 3063 propriam
1231 2983 1327 3063 ipsam
1343 2981 1436 3043 etiam

115 3070 167 3133 1111
197 3071 280 3132 viam
310 3071 444 3145 conficit,
478 3072 664 3154 efficiturque
694 3092 731 3133 ex
761 3078 845 3134 motu
873 3081 998 3154 utroque
1032 3072 1216 3152 compositus
1245 3072 1284 3133 ad
1307 3089 1436 3150 unguem

115 3158 168 3227 h
198 3160 251 3240 qui
275 3160 354 3239 apud
368 3161 576 3222 Ptolemaeum
603 3161 740 3241 (spiralis
755 3164 886 3241 nempe),
911 3171 945 3223 ut
968 3181 1033 3242 cap.
1059 3164 1083 3224 l.
1102 3161 1223 3224 dictum.
1269 3160 1312 3222 Et
1334 3167 1437 3222 astro-

115 3246 200 3311 tmice
224 3249 421 3311 Ptolemaeus
450 3250 601 3331 epicyclos
632 3252 662 3311 in
687 3251 862 3314 ecceutricis
886 3251 1008 3327 statuit,
1038 3251 1174 3314 Braheus
1198 3250 1383 3313 eccantricos
1406 3249 1436 3311 in

115 3336 221 3421 picyclo
246 3357 319 3413 uuo,
345 3338 395 3420 qui
419 3348 468 3399 ast
490 3339 555 3418 ipse
580 3338 661 3402 Solis
684 3340 775 3402 orbis.

173 3426 243 3507 Ego
271 3427 301 3488 in
332 3428 528 3508 sequentibus
557 3429 865 3490 demonstrationibus
901 3447 1005 3490 omnes
1039 3438 1100 3490 tres
1134 3437 1289 3491 auctomm
1323 3428 1436 3490 formas

115 3517 273 3598 injungam.
320 3517 400 3579 Nam
423 3527 455 3579 et
469 3518 583 3599 Tycho,
607 3537 653 3579 me
677 3520 734 3580 hoc
759 3518 934 3599 quandoque
950 3518 1105 3591 suadente,
1126 3520 1156 3580 id
1176 3539 1208 3581 se
1228 3517 1306 3581 ultro
1325 3517 1374 3578 vel
1389 3536 1436 3578 mo

115 3616 207 3667 cente
233 3606 381 3668 facturum
406 3607 499 3668 fuisse
523 3608 678 3687 respondit
702 3607 898 3688 (fecissetque
923 3608 949 3668 si
974 3608 1221 3688 supervixisset),
1251 3616 1283 3668 et
1304 3606 1435 3668 moriens

126 3714 183 3769 nie,
208 3714 298 3773 quem
321 3694 527 3776 inCopernici
551 3697 703 3759 sententia
726 3716 793 3759 esse
819 3696 946 3766 sciebat,
969 3697 1068 3777 petiit,
1093 3698 1136 3759 uti
1154 3697 1254 3759 insua
1275 3695 1435 3778 hypothesi

115 3784 184 3847 nnia
207 3783 486 3848 demonstrarem.³
493 3780 518 3858 ¹)
1547 3812 1574 3871 ,q
1614 3860 1618 3867 Ι

171 3874 267 3935 Porro
292 3874 382 3936 trium
405 3876 511 3936 harum
535 3876 697 3937 formarum
718 3875 970 3955 perfectissimam
990 3875 1253 3955 aequipollentiam
1272 3872 1437 3955 geometri·
1568 3872 1572 3883 '
1626 3942 1630 3953 Ι

115 3980 148 4025 mi
170 3971 202 4023 et
221 3963 288 4042 jam
311 3964 417 4026 statim
442 3972 473 4025 et
496 3985 550 4045 per
573 3964 797 4039 totumlibrum,
816 3965 897 4026 aliud
917 3964 987 4027 licet
1001 3974 1137 4043 agentes,
1153 3960 1436 4027 demonstrabimus.
1466 3984 1483 4043 g
1584 4028 1599 4055 ὗ

115 4074 118 4113 1
137 4070 285 4154 praesens
306 4055 544 4134 persequendum
566 4062 614 4116 est
632 4052 802 4115 institutum
817 4064 848 4115 et
863 4055 1136 4128 demonstrandum,
1162 4053 1281 4117 omnino
1296 4070 1437 4131 magnum
1469 3960 1635 4141 J

115 4140 223 4222 iquid'
215 4159 246 4202 m
267 4144 401 4205 secunda
421 4143 636 4226 inaequalitate
654 4145 784 4247 peccari,
812 4145 836 4206 si
861 4164 914 4248 pro
935 4143 1093 4224 apparenti
1116 4151 1199 4206 motu
1218 4142 1300 4206 Solis
1319 4141 1437 4206 medius

115 4240 241 4310 sceptus
264 4232 368 4308 fuerit,
401 4251 467 4296 cunr
488 4254 545 4316 quo
564 4233 739 4315 planetam
758 4234 901 4367 principio
926 4233 1012 4315 hujus
1038 4234 1185 4296 secundae
1209 4230 1436 4316 inaequalitatis
1533 4222 1560 4289 ⁹⁹..
1604 4246 1620 4291 .'

115 4327 259 4403 ponatur.
1545 4342 1576 4385 τῇ

169 4411 319 4493 Incipiam
342 4431 363 4473 a
385 4406 643 4495 Gopernicana
666 4411 826 4477 sententia.
848 4410 1031 4501 &cabod
1057 4413 1215 4475 1111111111·
1245 4414 1438 4503 eeceatrfcrta
1511 4362 1613 4519 &a

115 4503 283 4580 11111111,
306 4498 432 4583 11111111
455 4498 649 4587 Oopwne'cua
664 4502 848 4566 Ptolemaeo
862 4494 970 4586 fidene
992 4509 1039 4565 eat
1059 4502 1261 4583 inopinatae,
1283 4504 1357 4569 at'
1341 4524 1389 4569 111
1397 4520 1436 4583 11
1491 4512 1564 4575 *a

160 4586 290 4672 putea
313 4591 480 4672 apsidum,
504 4615 521 4655 11
543 4591 630 4655 locare
654 4591 740 4655 Solia
767 4592 936 4656 immobilis
958 4599 989 4655 et
1009 4594 1030 4671 β
1048 4599 1200 4675 punctum
1230 4576 1435 4676 aequam

115 4600 409 4874 ὲΤιΠι1ή1.
421 4683 576 4747 1111111111·
599 4703 661 4764 per
691 4684 753 4759 β
739 4683 805 4765 apsi
833 4684 873 4762 βγ
902 4676 1179 4765 perpendiculares
1207 4683 1293 4759 υβσ,
1322 4700 1434 4745 secam

194 4772 430 4856 [1111111111
449 4770 578 4855 ponetis
598 4795 625 4846 v,
650 4790 688 4846 o;
712 4780 741 4835 et
763 4780 986 4837 connectantur
1007 4794 1036 4850 a,
1058 4790 1080 4835 o
1100 4788 1218 4835 1111111.

169 4857 359 4942 Copernicus
390 4860 491 4943 igitur,
513 4818 715 4925 Ptolemaicos
749 4863 980 4926 numerosius
1034 4870 1075 4953 ’ζ’
1112 4858 1146 4945 ᾗ,
1232 4860 1431 4948 hypotheseos
1547 4902 1554 4911 -

133 4966 371 5022 mopiam.
1046 4952 1218 5023 -Isr‘td
