3278 5550
151 291 216 359 152
514 289 545 341 ln
563 288 747 340 commentaria
764 291 796 341 de
814 292 920 343 occutus
938 287 1026 342 stellae
1045 286 1133 341 Martis

147 474 301 543 Episcopus
316 472 438 527 Arabico
459 476 489 524 et
502 472 684 540 Taprobanao
704 470 800 542 utique
821 469 936 535 vicinae,
958 490 1012 526 nou
1032 487 1099 525 vero
1120 469 1179 527 500
1201 468 1370 528 milliaribus
1390 489 1499 544 germa-

146 554 215 609 nicis
236 549 303 617 (imo
324 569 390 606 vero
410 569 461 622 per
480 552 622 621 anfractus
644 551 684 605 illi
700 551 787 606 aetati
803 551 924 606 usitatos
935 552 1052 625 amplius
1066 548 1156 619 mille)
1176 552 1204 606 iu
1218 552 1356 608 orientem
1367 561 1499 608 muscae.

148 637 226 697 Quae
248 651 312 687 vero
334 633 414 687 bodie
428 633 593 702 Taprobane
615 638 730 702 putatur
743 632 872 687 Sumatra
891 632 990 695 insula,
1013 649 1075 688 eam
1093 631 1222 687 existimo
1236 631 1300 687 olim
1314 632 1405 687 brisso
1419 633 1498 689 cnec-

148 731 295 768 nonnosum
314 730 426 767 auream
448 712 548 767 isthmo
571 713 662 767 lndiae
683 712 857 781 conjunctam
886 715 921 767 ad
952 714 1047 767 urbem
1067 712 1230 768 Maluccam.
1272 713 1344 769 Nam
1366 713 1493 769 Cberson

148 812 238 859 nesus,
261 809 341 866 quam
361 792 442 847 bodie
461 793 596 849 credimus
609 809 705 858 aurea,
727 810 781 847 nou
795 794 881 847 multo
896 793 984 864 magis
999 794 1205 848 Chersonnesos
1219 793 1271 849 dici
1285 809 1370 865 posse
1383 793 1492 860 ridetur.

147 891 227 945 quam
249 873 341 928 Italia.
358 867 394 934 ²⁰)

170 1018 173 1023 ,
227 954 304 1016 Quae
325 954 449 1023 quamvis
470 960 551 1007 mant
571 952 643 1008 elius
663 953 725 1017 loci,
747 953 788 1008 sic
808 971 862 1009 uno
884 958 1018 1007 contextu
1037 951 1181 1021 explicare
1202 951 1290 1019 volui,
1313 960 1347 1008 ut
1365 952 1487 1024 majorem

146 1034 237 1090 sertui
256 1034 361 1088 marino
383 1041 413 1088 et
432 1051 483 1103 per
502 1032 575 1087 bunc
595 1032 692 1089 virtuti
711 1034 808 1089 Lunae
830 1033 981 1089 tractoriae
1001 1033 1080 1087 fidem
1101 1032 1231 1088 iacerem.

224 1113 355 1184 Sequitur
375 1113 460 1179 enim,
491 1113 514 1166 si
544 1113 630 1168 virtus
660 1115 792 1170 tractoria
812 1116 908 1170 Lunae
928 1113 1081 1186 porrigitur
1103 1112 1130 1166 in
1150 1113 1249 1168 Terras
1278 1131 1381 1187 usque.
1413 1115 1489 1170 multo
1510 1112 1523 1157 Γ

145 1195 234 1266 magis
255 1195 385 1248 virtutem
407 1193 566 1249 tractoriam
587 1195 706 1249 Telluris
727 1196 832 1267 porrigi
853 1194 880 1248 in
900 1195 1005 1249 Lunam
1035 1201 1064 1249 et
1084 1193 1168 1264 longe
1190 1194 1290 1257 altius,
1321 1211 1356 1248 ac
1385 1194 1488 1265 proinde

146 1275 215 1330 nibil
236 1292 345 1338 eorum,
376 1277 447 1345 quod
468 1292 505 1328 ex
536 1280 648 1329 mneos
666 1276 785 1331 materie
805 1277 1046 1347 quomodocunque
1068 1281 1191 1338 constat,
1222 1273 1304 1345 inque
1326 1276 1415 1329 altum
1434 1277 1487 1330 sub·

144 1355 263 1419 vehitur,
285 1356 459 1424 complexum
478 1356 551 1408 hunc
571 1355 748 1411 fortissimum
768 1355 878 1410 virtutis
898 1353 1048 1408 tractoriae
1068 1367 1187 1427 uuquam
1209 1356 1343 1427 effugere.
1430 1424 1433 1431 Ι

224 1436 299 1489 Leve
320 1451 385 1489 vero
407 1435 474 1490 nibil
496 1442 541 1490 est
560 1436 701 1501 absolute,
733 1439 804 1507 quod
825 1451 959 1505 corporea
978 1434 1097 1488 materia
1117 1441 1240 1499 constat,
1269 1437 1317 1490 sed
1339 1443 1487 1506 conpmtr

144 1515 233 1571 levius
254 1521 306 1577 est,
329 1517 401 1584 quod
421 1514 510 1569 rarius
532 1523 576 1571 est
596 1516 654 1569 sive
676 1523 777 1570 natura
797 1533 856 1578 sua,
879 1515 936 1568 sire
958 1532 995 1569 ex
1016 1515 1158 1569 accidente
1179 1515 1280 1572 calore.
1314 1517 1420 1571 Rarum
1434 1532 1486 1570 rere

144 1596 204 1650 dico
225 1613 280 1649 nou
300 1594 368 1649 illud
390 1602 511 1659 tantum,
540 1598 610 1666 quod
640 1613 768 1667 porosum
789 1605 834 1651 est
854 1603 884 1649 et
903 1597 931 1649 in
951 1596 1052 1650 multas
1074 1595 1210 1650 caritates
1231 1595 1362 1659 dehiscit,
1394 1598 1441 1650 sed
1464 1594 1489 1651 ia

144 1693 257 1748 genere,
280 1677 351 1746 quod
372 1677 423 1729 sub
445 1678 540 1730 eadem
562 1676 614 1730 loci
635 1677 824 1747 amplitudine,
846 1692 927 1748 quam
949 1684 1066 1748 occupet
1085 1675 1199 1747 gravius
1221 1676 1345 1748 aliquod,
1367 1675 1487 1733 minoren

147 1755 333 1829 quantitatem
353 1756 487 1810 materiae
508 1774 657 1826 corporeae
679 1759 823 1815 concludit

223 1835 338 1891 Levium
358 1836 542 1891 definitionem
556 1838 679 1907 sequitur
692 1845 723 1892 et
736 1847 834 1893 motus.
874 1838 935 1892 Non
950 1836 1021 1891 enim
1035 1844 1080 1891 est
1093 1836 1313 1901 existimandum,
1335 1836 1387 1892 illa
1401 1837 1489 1910 urgere

145 1917 181 1970 od
202 1916 373 1988 superficiem
395 1934 482 1987 usque
503 1916 602 1980 muudi,
625 1921 687 1972 dum
708 1918 833 1973 feruutur
853 1934 968 1981 sursum,
990 1924 1040 1971 aut
1061 1936 1114 1972 nou
1128 1918 1234 1973 attrahi
1256 1934 1274 1971 a
1288 1919 1389 1972 Terrae
1410 1917 1492 1975 uices

144 1996 417 2057 enimuttrahuntur
438 2014 518 2068 quam
539 1999 647 2068 gravio,
669 2005 698 2052 et
718 1999 758 2053 sic
778 2000 958 2069 expelluntur
979 2013 997 2051 a
1016 1998 1158 2069 gravibus,
1185 2015 1238 2070 quo
1259 1999 1334 2052 rocco
1355 1998 1494 2071 quiessent

144 2077 353 2147 retinenturque
375 2093 393 2131 a
412 2077 500 2132 Terra
520 2079 580 2131 loco
602 2096 660 2132 suo.

153 2188 158 2195 -
223 2156 285 2213 Etsi
305 2174 372 2211 vero
392 2157 480 2213 virtus
501 2159 635 2214 tractoria
655 2160 771 2222 Terrae,
802 2165 834 2212 ut
860 2158 974 2222 dictum,
1006 2158 1158 2230 porrigitur
1186 2158 1347 2232 longissime
1384 2174 1496 2223 surmn.

146 2244 241 2292 tamen
261 2237 285 2290 si
306 2237 378 2307 lapis
400 2238 500 2310 aliquis
521 2245 601 2292 tanto
622 2239 770 2307 intervallo
792 2240 919 2302 abesset,
951 2241 1022 2311 quod
1042 2241 1122 2294 fieret
1142 2241 1177 2295 ad
1197 2239 1359 2297 diametrum
1380 2239 1497 2295 Telluris

145 2316 289 2381 sensibile,
319 2334 413 2372 rerum
434 2326 491 2383 est,
513 2321 599 2374 Terra
623 2327 700 2374 mota
727 2319 846 2389 lapidem
874 2320 960 2373 talem
980 2337 1034 2374 uon
1055 2321 1139 2390 plane
1159 2320 1333 2385 seduturum,
1365 2321 1416 2377 sed
1437 2336 1498 2377 suar

143 2398 289 2454 resistendi
310 2397 384 2452 vires
404 2398 604 2471 permixturum
625 2418 684 2454 cum
705 2400 809 2454 viribus
830 2401 932 2454 Terrae
953 2400 1105 2464 tractoriis.
1137 2407 1221 2471 atque
1250 2401 1291 2456 ita
1321 2419 1352 2455 se
1373 2401 1522 2473 expli*-

144 2485 235 2534 uuum
255 2478 379 2533 nonnihil
401 2496 419 2533 a
438 2485 521 2549 raptu
543 2479 591 2534 illo
612 2481 746 2535 Telluris:
778 2498 831 2534 uon
860 2497 939 2534 secus
968 2487 1051 2551 atque
1072 2488 1162 2536 motus
1182 2480 1319 2536 violentus
1341 2481 1499 2552 projecal'n

143 2558 266 2614 nouuibil
288 2575 306 2613 a
326 2565 409 2629 raptu
431 2560 550 2614 Telluris
570 2561 710 2630 explicat,
738 2567 771 2615 ut
799 2561 844 2614 vel
865 2568 1063 2630 praecurrant.
1089 2561 1217 2631 projecta
1237 2579 1334 2617 versus
1355 2563 1498 2629 orientem,

143 2639 188 2697 rel
210 2639 406 2701 destituantur,
428 2640 451 2694 si
472 2640 501 2695 iu
521 2640 689 2695 occidentem
709 2640 905 2712 prqjiciautur:
928 2650 1012 2712 atque
1033 2641 1075 2696 ite
1095 2642 1185 2695 locum
1205 2658 1297 2706 suum,
1320 2659 1339 2697 a
1359 2661 1418 2715 quo
1437 2660 1501 2714 pro.

138 2720 218 2789 jecta
238 2727 310 2782 suut,
331 2720 360 2773 vi
380 2721 523 2790 compulsa
542 2724 685 2775 deserant:
707 2738 795 2792 neque
817 2729 914 2791 raptus
936 2724 1038 2776 Terrae
1060 2723 1132 2777 hauc
1153 2721 1312 2777 violentiam
1333 2722 1361 2778 iu
1383 2724 1498 2781 solidum

142 2800 273 2871 impedire
293 2799 391 2871 possit,
415 2817 495 2871 quam
517 2802 562 2855 diu
583 2801 721 2855 violentus
742 2808 832 2854 motus
854 2802 880 2854 in
901 2820 951 2856 suo
972 2801 1068 2873 vigore
1089 2810 1142 2857 est
1157 2795 1190 2865 ²¹)

222 2889 279 2945 Sed
300 2889 365 2961 quia
384 2890 490 2944 nullum
511 2890 655 2959 projectile
677 2891 782 2944 centies
802 2890 974 2947 millesimam
991 2891 1116 2946 diametri
1131 2893 1234 2946 Terrae
1248 2898 1356 2961 partem
1370 2907 1391 2946 a
1405 2908 1498 2963 super·

143 2970 203 3025 licie
224 2970 327 3023 Terrae
348 2976 513 3039 separatur,
543 2969 676 3040 ipsceque
697 2972 765 3023 edeo
786 2971 873 3024 nubes
895 2978 979 3041 atque
1000 2971 1079 3035 fumi,
1108 2988 1179 3042 quae
1200 2971 1337 3027 minimum
1356 2971 1499 3028 terrestns

46 3078 50 3087 ·
140 3047 276 3105 materiae
297 3047 431 3112 obtinent·
453 3067 507 3103 non
528 3048 674 3103 millesima
694 3050 888 3104 semidiametri
908 3058 989 3121 parte
1010 3053 1124 3106 evolant
1144 3053 1172 3106 in
1193 3054 1293 3107 altum:
1322 3052 1393 3107 nibil
1414 3053 1499 3127 igitur

142 3135 236 3200 potest
256 3127 375 3190 nubium,
397 3129 531 3183 fumorum
551 3135 582 3182 et
601 3146 702 3193 eorum,
725 3147 796 3200 quae
811 3132 1077 3200 perpendiculariter
1092 3132 1119 3186 in
1133 3133 1221 3188 altum
1235 3131 1420 3203 projiciuntur
1432 3133 1499 3190 reri·

74 3256 80 3261 .
143 3207 249 3263 olentia
268 3216 298 3261 et
319 3208 455 3262 naturalis
477 3210 511 3262 ad
537 3208 655 3280 quietem
683 3209 840 3274 inclinatio,
871 3212 939 3266 nibil
970 3212 1079 3283 inquom
1109 3220 1204 3282 potest
1233 3215 1268 3268 ed
1298 3212 1498 3284 impediendis!

142 3290 216 3344 bunc
237 3287 279 3343 sui
299 3295 425 3358 raptum:
447 3295 544 3359 utpote
567 3292 602 3343 ad
623 3307 702 3361 quem
724 3292 796 3344 haec
816 3292 975 3347 resistentia
989 3293 1015 3348 iu
1029 3293 1108 3346 nulla
1120 3293 1298 3364 proportione
1312 3300 1365 3349 est
1401 3295 1497 3367 ltaque

145 3370 216 3439 quod
236 3367 503 3439 perpendiculariter
524 3387 630 3423 sursum
651 3377 695 3425 est
716 3371 877 3441 projectum,
899 3373 1003 3428 recidet
1024 3374 1051 3426 in
1073 3374 1161 3428 locum
1181 3390 1273 3437 suum,
1295 3372 1364 3428 nibil
1386 3374 1496 3445 impedi·

143 3456 201 3505 tum
220 3456 297 3504 motu
317 3449 444 3513 Telluris.
466 3454 499 3503 ut
519 3467 590 3520 quae
611 3452 724 3505 subduci
745 3470 799 3506 uon
821 3459 922 3522 potest,
944 3456 992 3507 sed
1012 3470 1069 3508 uua
1087 3453 1161 3523 rapit
1184 3455 1210 3508 iu
1234 3459 1299 3509 edre
1314 3454 1496 3521 seleuciani

142 3529 301 3602 magnetica
321 3529 373 3583 sibi
395 3547 448 3584 nou
469 3529 556 3583 minus
577 3538 773 3595 concatenata.
797 3549 877 3603 quam
898 3532 921 3587 si
942 3551 1059 3603 corpora
1079 3534 1129 3587 illa
1149 3534 1331 3606 contingeret.

224 3610 308 3663 Hisce
329 3609 561 3679 propositionibus
582 3618 672 3664 mente
694 3613 897 3681 comprehensis
917 3621 948 3668 et
967 3613 1116 3686 diligenter
1135 3615 1292 3678 trutinatis,
1314 3632 1369 3669 nou
1391 3622 1497 3673 tantm

146 3690 289 3745 evanescit
309 3690 466 3743 absurditas
487 3697 517 3743 et
544 3691 615 3744 ielso
641 3691 795 3762 imaginata
825 3692 1029 3762 impossibilitas
1056 3695 1174 3764 physica
1201 3699 1290 3749 motus
1312 3696 1424 3761 Terrae,
1453 3698 1498 3753 sed

145 3771 231 3826 eliam
251 3771 370 3841 patebit.
391 3769 456 3841 quid
477 3772 511 3823 ad
533 3770 645 3839 objecta
663 3772 783 3842 physica
803 3776 1041 3844 quomodocunque
1061 3775 1208 3830 informata
1221 3775 1258 3829 sit
1271 3777 1497 3845 respondendum

223 3860 287 3921 Etsi
308 3858 459 3930 Cepernico
480 3860 571 3932 magis
591 3861 694 3930 pleoet,
716 3862 827 3916 Terram
849 3870 879 3916 et
898 3869 1011 3917 terrena
1030 3864 1137 3926 omnia.
1158 3864 1224 3918 licet
1244 3866 1344 3919 avulsa
1364 3881 1385 3919 a
1404 3866 1498 3931 Terre.

144 3957 201 3996 uua
220 3948 251 3996 et
270 3941 366 3994 eedem
387 3940 480 3997 amma
499 3941 612 3995 metrice
632 3940 785 4006 informari.
808 3959 879 4014 quae
899 3943 1026 4007 Terrcm,
1053 3961 1152 4014 corpus
1179 3961 1270 4008 suum,
1301 3951 1397 4000 rotans
1424 3954 1499 4003 rotet

143 4022 227 4076 etism
248 4037 305 4075 una
325 4019 479 4090 particulas
500 4021 569 4075 istas
594 4037 614 4075 a
633 4037 747 4091 corpore
774 4039 824 4076 suo
851 4026 977 4078 avulsas:
1007 4031 1039 4078 ut
1059 4024 1098 4078 sic
1117 4042 1168 4094 per
1187 4032 1277 4079 motus
1297 4024 1437 4082 violentos
1457 4029 1499 4083 ris

145 4103 196 4155 liat
226 4101 290 4156 huic
319 4100 428 4154 animae
458 4118 509 4172 per
538 4118 632 4155 omues
661 4102 813 4171 particulas
842 4103 970 4169 didbsoe,
1000 4107 1222 4175 quemadmodum
1251 4123 1306 4178 ego
1335 4105 1411 4171 dico.
1445 4108 1498 4165 viu

142 4181 201 4236 lieri
229 4181 357 4236 facultati
387 4198 537 4253 corporeae
568 4178 664 4253 (quam
692 4183 862 4253 gravitatem
892 4184 1003 4240 dicimus
1033 4200 1083 4240 seu
1108 4182 1306 4259 magneticam)
1331 4185 1426 4243 itidem
1448 4204 1499 4260 μ

143 4268 235 4314 motus
257 4261 402 4315 violentos.

222 4341 329 4396 Sufficit
348 4348 440 4398 taum
462 4359 512 4412 pro
533 4341 630 4397 solutis
652 4359 670 4396 a
683 4343 771 4396 Terra
785 4343 905 4398 facultas
920 4343 976 4398 ista
990 4361 1135 4414 corporea;
1157 4347 1281 4401 abundat
1293 4346 1345 4402 illa
1358 4347 1496 4407 animalis.

224 4431 301 4494 Quod
322 4448 388 4484 vero
409 4448 427 4487 a
446 4432 591 4489 celeritate
611 4441 701 4487 motus
721 4433 804 4502 hujus
825 4433 903 4487 multi
924 4433 976 4488 sibi
998 4442 1143 4504 terraeque
1163 4434 1341 4491 nascentibus
1368 4445 1499 4497 emm

143 4517 277 4577 metuunt.
299 4527 410 4566 oausam
431 4514 536 4568 nullam
556 4514 670 4569 babent.
712 4513 781 4567 Vide
802 4516 835 4566 de
856 4514 909 4567 hac
929 4530 959 4568 rc
980 4513 1047 4584 Cap.
1067 4514 1129 4571 XV.
1151 4521 1182 4571 et
1199 4515 1275 4571 XVI.
1296 4516 1360 4571 libri
1381 4519 1437 4575 mei
1461 4520 1497 4577 e·

76 4606 78 4610 ’
141 4591 232 4645 Stella
252 4591 421 4661 serpentarii
442 4593 489 4649 iol.
510 4593 557 4648 82.
579 4600 610 4648 et
629 4594 676 4649 84.
702 4598 747 4661 (ΙΙ.
766 4616 790 4664 p.
810 4597 861 4648 672
879 4598 912 4656 s.)
999 4626 1003 4631 ·

222 4670 325 4726 ibidem
346 4672 429 4727 etiam
450 4673 572 4728 invenies
593 4674 682 4744 plenis
704 4672 772 4727 velis
794 4674 955 4744 navigatum
969 4691 1019 4743 per
1032 4675 1243 4731 immensitatem
1261 4675 1335 4731 orbis
1356 4679 1495 4746 mundni.

142 4767 213 4823 quse
235 4751 384 4823 Coperuico
405 4752 478 4808 solet
497 4752 579 4823 objici
599 4761 633 4810 ut
652 4753 826 4826 prodigiosa:
849 4756 1052 4812 demonstratur
1069 4756 1150 4820 euim,
1171 4757 1242 4811 bene
1255 4758 1497 4827 proportionata:

581 4982 598 5017 9
