3278 5550
689 108 729 159 De
753 108 835 161 Luna
1370 104 1436 175 673

71 284 148 367 jam
179 284 308 371 pridem·
329 285 495 347 dimensam
525 286 635 349 metiri.
681 287 784 366 Elegit
812 287 905 367 igitur
937 286 1082 366 eclipsin,
1114 285 1163 349 cui
1185 288 1321 369 aequalis
1354 296 1438 351 esset

10 382 23 423 :
75 374 234 437 transitus
255 393 311 455 per
334 374 481 447 urnbrarn,
506 376 642 455 aequalis
666 375 785 453 inquam
814 376 966 439 anomalia
990 394 1056 437 cum
1079 374 1194 455 priore,
1218 394 1278 456 qua
1301 376 1441 439 umbram·

10 476 14 513 ῑ
75 471 153 525 erat
186 483 316 525 mensus.
365 465 466 524 Motus
500 464 668 525 latitudinis
700 467 788 544 paulo
820 466 917 538 dlius;
951 466 991 526 sit
1021 464 1074 525 illa
1098 464 1125 525 in
1149 464 1187 524 Ε.
1234 465 1337 528 Scitur
1364 484 1436 546 ergo

10 594 12 599 -
73 551 142 614 ΕΒ
166 572 224 613 non
248 553 347 614 minus
371 572 458 632 quarn
481 553 564 632 prius
588 554 653 625 BH,
679 572 715 614 ex
739 555 854 614 calculo
879 567 948 615 ante
973 562 1138 615 exstructo.
1176 553 1217 613 Et
1242 554 1343 633 auguli
1367 564 1438 621 sunt

76 641 203 703 similes
227 643 309 703 adD
333 650 364 701 et
383 642 422 713 H,
445 642 562 703 itemE
586 654 618 703 et
635 643 672 703 B.
712 644 826 703 Latera
849 644 941 721 igitur
965 656 1089 723 utraque
1109 642 1166 703 ΑΕ
1190 651 1222 703 et
1236 644 1293 703 AB
1318 644 1435 719 dantur,
1490 670 1495 677 ·

76 749 180 810 quare
204 740 236 792 et
258 730 426 791 diderentia
448 731 501 793 ΕΒ
526 731 554 791 in
579 732 694 792 usitata
722 732 822 792 circuli
853 733 1074 793 distributione.
1123 729 1262 793 Ceterum
1286 732 1317 793 iu
1340 733 1436 795 aesti-

75 818 218 883 matione
242 819 444 899 proportionis
468 820 551 897 ejus,
585 840 661 899 quae
691 830 739 881 est
771 821 849 883 iuter
872 820 929 882 BG
953 829 984 882 et
1008 819 1066 881 GE
1090 820 1237 881 residuam
1269 820 1306 881 ex
1329 820 1436 901 eclipsi

76 908 353 981 semidiametrum‚
379 909 513 969 credidit.
531 909 722 971 Ptolemaeus
751 911 860 983 oculis,
891 930 983 991 quare
1008 919 1039 972 et
1061 909 1215 989 proportio
1237 910 1291 971 ΕΒ
1316 910 1354 970 ad
1376 908 1436 971 EG
1540 966 1543 972 ,

77 997 342 1059 semidiametrum
367 997 495 1058 dabatur
510 1012 539 1056 et
555 998 614 1059 EG
638 999 861 1059 semidiameter
885 999 1045 1061 inusitata
1068 1000 1260 1060 dimensione.
1292 999 1342 1060 Ad
1359 998 1436 1075 hanc
1521 1024 1525 1031 ·

76 1096 207 1167 partem
239 1105 354 1147 rursum
388 1086 474 1159 dico,
508 1089 584 1167 quod
619 1100 729 1148 auten:
761 1089 786 1148 si
811 1088 889 1149 oculi
917 1096 979 1150 tarn
1007 1100 1076 1149 sunt
1107 1087 1317 1165 perspicaces,
1350 1097 1384 1150 ut
1404 1084 1435 1149 in

77 1176 299 1237 aestimatione
331 1175 500 1235 defectuum
533 1176 606 1237 nihil
632 1178 789 1247 aberrent,
823 1188 853 1236 et
879 1178 904 1237 si
929 1186 1030 1239 cetera
1060 1177 1147 1255 hujus
1170 1175 1436 1237 demonstrationis

76 1264 234 1345 principia
259 1263 333 1324 bene
356 1264 478 1335 habent,
504 1266 664 1327 methodus
689 1265 790 1346 utique
815 1265 894 1327 bona
916 1277 977 1338 est,
1002 1266 1138 1348 quamvis
1161 1284 1215 1346 per
1238 1264 1381 1343 ambages
1404 1272 1437 1327 et

79 1354 249 1433 dispendia
270 1352 400 1413 incedat.
765 1414 770 1426 ,

174 1443 220 1505 At
241 1442 270 1501 in
295 1441 431 1502 omnibns
455 1442 537 1502 hisce
568 1442 728 1505 videndum
752 1451 800 1504 est
823 1444 916 1505 etiam
946 1452 1036 1522 atque
1065 1443 1175 1516 etiam,
1210 1462 1247 1503 ne
1271 1441 1299 1503 in
1323 1442 1434 1521 angulo

76 1530 272 1601 latitudinis,
297 1531 344 1611 qui
369 1532 497 1610 undique
521 1533 679 1605 concurrit,
705 1552 788 1592 error
811 1534 915 1594 lateat.
962 1534 1041 1595 Nam
1065 1531 1123 1592 etsi
1147 1532 1276 1593 maxima
1305 1531 1433 1595 latitudo

76 1622 110 1683 iu
138 1619 378 1699 oppositionibus
401 1621 488 1680 hodie
513 1621 616 1681 eadem
642 1633 690 1683 est
712 1642 788 1702 quae
812 1622 892 1694 olim,
917 1623 1055 1707 nihilque·
1073 1620 1166 1682 habet
1188 1620 1283 1695 dubii,
1307 1622 1433 1700 angulus

77 1720 203 1783 menen,
234 1727 319 1788 quern
344 1708 417 1769 haec
443 1710 568 1770 latitudo
592 1712 733 1781 metitur,
768 1711 908 1773 consistit
932 1712 1033 1791 utique
1057 1710 1085 1770 iu
1111 1710 1309 1790 quadraturis.
1356 1707 1434 1781 Quis

76 1794 185 1879 igitur
202 1817 257 1859 nos
281 1807 379 1857 cert-os
403 1799 518 1867 reddet,
543 1818 610 1859 eum
633 1802 783 1878 angulum,
808 1801 855 1878 qui
881 1810 928 1860 est
950 1801 979 1862 iu
999 1799 1259 1876 conjunctionibus
1283 1807 1315 1860 et
1337 1816 1433 1881 oppo-

76 1886 258 1961 sitionibus,
286 1906 343 1946 nou
375 1889 540 1948 mensurari
566 1909 584 1947 a
607 1891 737 1949 maxima
762 1889 919 1950 latitudine
944 1888 1215 1968 quadraturarum?
1248 1886 1349 1957 Quare
1372 1906 1432 1949 uon

76 1975 214 2047 sufficit,
247 1975 394 2036 maximas
428 1977 665 2056 oppositionum,
701 1997 757 2039 non
791 1978 938 2038 maximas
971 1978 1216 2056 quadraturornm
1255 1976 1432 2038 latitudines

75 2064 193 2138 metiri,
219 2084 341 2143 quornm
362 2065 433 2126 illud
448 2064 651 2141 Ptolemaeus,
676 2067 732 2128 boc
747 2069 849 2148 Tycho
873 2068 964 2128 fecit:
991 2074 1110 2145 oportet
1125 2074 1155 2125 et
1172 2067 1313 2144 angulum
1336 2065 1432 2145 ipsum

76 2153 193 2217 metiri.
239 2154 355 2213 Parvus
383 2155 461 2214 enim
489 2172 570 2215 error
600 2156 627 2215 iu
662 2155 837 2217 immensum
870 2164 1012 2235 augetur,
1043 2155 1154 2216 abiud
1184 2154 1299 2233 reliqua
1332 2154 1434 2232 capita
1494 2188 1498 2196 ·

74 2243 327 2323 processerimus.

171 2331 229 2391 His
252 2349 323 2409 ergo
348 2328 366 2391 7
386 2331 534 2409 capitibus
560 2332 681 2393 instruit
695 2334 888 2395 Ptolemaeus
912 2335 1055 2395 lectorem
1074 2332 1112 2392 ad
1128 2330 1328 2412 computanda
1349 2336 1430 2391 mm·

75 2439 168 2502 pora,
195 2439 296 2482 moras
326 2418 478 2498 ingressus
502 2430 534 2480 et
557 2440 689 2482 emersus
712 2424 817 2483 ernae
841 2444 856 2482 e
882 2423 1030 2495 tenebris,
1065 2422 1264 2502 quantitatem
1294 2420 1430 2483 delectus

76 2520 111 2573 et
145 2508 176 2571 ai
203 2510 305 2589 placet
336 2508 427 2570 etiam
455 2508 666 2571 inclinationes
699 2512 835 2573 defectus
868 2513 906 2572 ad
938 2511 1039 2572 varias
1066 2510 1165 2571 muudi
1194 2510 1321 2590 plagas:
1354 2504 1431 2590 qnae
1477 2576 1480 2581 ,

77 2598 185 2661 omnia
208 2597 418 2659 observatione
442 2598 527 2659 unius
553 2600 674 2675 eclipsis
698 2600 744 2661 vel
769 2601 937 2662 confirmari
961 2601 1009 2661 vel
1033 2599 1172 2678 redargui
1194 2604 1331 2679 possunt.

77 2712 105 2723 ··
171 2688 223 2749 Ad
246 2687 373 2766 eclipses
397 2705 467 2747 vero
484 2687 608 2749 Solares
632 2689 689 2749 hac
712 2690 852 2751 methodo
876 2691 975 2767 pergit
989 2690 1191 2750 Ptolemaeus.
1228 2688 1308 2749 Nam
1322 2693 1431 2761 octavo

77 2776 258 2859 parallaxes
281 2776 385 2836 Lunae
408 2794 461 2853 per
486 2777 711 2840 instrumentum
736 2779 909 2858 investigat,
939 2780 1103 2839 observans
1128 2786 1269 2857 quantum
1292 2776 1378 2837 Luna
1400 2774 1431 2836 in

76 2876 218 2929 anstrum
241 2864 366 2926 declivis
389 2864 437 2936 sit,
463 2884 500 2925 ex
524 2867 637 2927 calculo
661 2867 813 2945 inquirens
837 2876 979 2946 quantum
1002 2874 1073 2928 tnnc
1095 2875 1218 2946 propter
1242 2864 1431 2935 latitudinem

75 2953 211 3017 'declivis
233 2973 302 3013 esse
326 2954 443 3019 debeat,
468 2955 492 3014 si
519 2974 555 3014 ex
579 2966 683 3017 centro
707 2957 817 3016 Terrae
843 2963 1011 3036 spectetur:
1041 2975 1079 3017 ex
1101 2956 1206 3017 horum
1229 2954 1308 3015 enim
1333 2953 1430 3016 colla-

76 3045 162 3107 tione
187 3050 322 3123 apparet,
346 3050 457 3121 quanto
480 3045 589 3115 anpulo
611 3046 696 3105 Luna
720 3046 949 3106 commutaverit
973 3047 1068 3105 locum
1089 3065 1125 3103 ex
1144 3053 1247 3105 centro
1271 3043 1432 3105 ridendum

77 3133 109 3195 in
136 3134 234 3193 locum
258 3151 294 3191 ex
319 3131 474 3208 superficie
499 3132 613 3205 visurn;
638 3154 675 3193 err
695 3154 752 3213 qua
773 3155 832 3195 rina
848 3155 877 3194 re
895 3141 1001 3213 postea
1025 3134 1154 3194 altitudo
1173 3135 1276 3195 Lunae
1296 3134 1432 3205 aTerra,

77 3229 112 3284 et
142 3220 378 3281 adminiculante
414 3221 536 3281 uurbrae
570 3224 775 3301 nragrritudine
806 3243 872 3283 rum
909 3222 1020 3284 risibili
1055 3222 1201 3283 diametro
1230 3220 1313 3282 Solis
1341 3221 1433 3282 etiam

77 3310 215 3373 altitudo
237 3309 320 3371 Solis
344 3329 362 3367 a
386 3310 479 3369 Terra
504 3322 534 3368 et
558 3313 624 3387 ejus
648 3313 814 3390 parallaxis
839 3315 947 3373 dantur
967 3332 1031 3374 eum
1055 3311 1218 3391 appendice
1242 3311 1278 3370 de
1302 3328 1430 3389 propor-

77 3400 164 3463 tione
188 3416 356 3477 corporum.
404 3398 521 3467 Quibus
554 3402 707 3478 perceptis
736 3403 774 3461 ad
806 3403 950 3462 calculum
983 3401 1138 3480 eclipsium
1162 3398 1312 3460 Solarium
1336 3399 1432 3460 lector

77 3488 227 3551 accedere
251 3496 365 3564 potest,
395 3496 572 3565 computans
597 3510 713 3563 moras,
738 3492 901 3569 principia,
926 3493 1017 3563 fines,
1043 3490 1227 3569 quantitates
1251 3497 1281 3548 et
1304 3487 1432 3549 inclina-

77 3580 181 3641 tiones
213 3577 350 3637 diversas
379 3576 408 3635 in
437 3576 566 3637 diversis
596 3578 784 3655 regionibus,
820 3600 896 3657 quae
925 3599 1042 3640 rursum
1074 3578 1173 3639 omnia
1205 3577 1291 3638 unius
1315 3575 1439 3640 Solaria·

78 3666 207 3747 eclipsis
230 3674 374 3726 accnrata
397 3665 607 3727 dissertatione
632 3668 679 3726 vel
704 3669 871 3729 confirmari
895 3669 942 3727 vel
967 3667 1107 3746 redargui
1130 3676 1266 3745 possunt.

85 3806 90 3819 .
171 3755 229 3816 Hic
262 3755 369 3815 iterum
401 3752 595 3816 Ptolemaeus
626 3757 772 3817 maximas
806 3758 842 3816 de
875 3776 907 3817 so
939 3757 1125 3837 suspiciones
1157 3754 1307 3828 concitat,
1346 3754 1432 3835 quasi

77 3842 311 3909 observationes
343 3842 530 3903 adulterinas
564 3846 775 3907 subornaverit
809 3847 846 3906 ad
880 3847 1034 3907 theorema
1068 3844 1293 3923 expediendum.
1356 3841 1432 3905 com

77 3936 161 3997 enim
185 3932 334 4011 indigeret
357 3950 466 4009 magna
490 3934 638 4009 parallaxi
663 3935 691 3993 in
717 3935 921 4013 quadraturis.
947 3936 990 3996 sic
1015 3936 1129 3995 serente
1157 3933 1249 4013 ipsius
1272 3932 1432 4013 hypothesi

76 4032 109 4085 et
133 4021 303 4083 eccentrico
328 4021 450 4089 Lunae,
484 4022 568 4099 cujus
593 4023 695 4085 estin
720 4024 1128 4104 menseduplarerolutio,
1160 4022 1246 4099 lingit
1269 4023 1374 4095 etiarn,
1398 4040 1431 4082 aa
1515 4044 1517 4049 ·

75 4122 199 4175 cauum
222 4104 401 4172 observasse
426 4111 609 4184 paradeum,
636 4120 667 4172 et
690 4131 726 4171 en
751 4112 808 4173 hac
832 4112 937 4173 fictitia
959 4122 1066 4193 postea
1089 4130 1191 4171 veram
1214 4110 1318 4190 procui
1342 4110 1431 4172 dubio

75 4202 201 4264 aliunde
224 4207 442 4261 transsnmtam
460 4210 489 4257 et
505 4200 574 4260 aliis
589 4201 744 4278 principiis
767 4201 961 4261 constitutam
978 4204 1006 4262 in
1022 4201 1119 4262 coitus
1141 4199 1280 4260 luminum
1303 4198 1430 4261 derivat.

72 4290 160 4352 Esse
193 4308 263 4349 vero
298 4287 436 4347 vitiosam
470 4288 552 4347 illarn
584 4290 771 4367 percellenda,
806 4309 892 4368 qnam
927 4292 1091 4353 dimensum
1121 4309 1153 4349 se
1184 4289 1269 4367 fingit
1293 4288 1378 4350 Lana
1400 4288 1431 4349 in

77 4377 267 4460 Capricorno
291 4386 322 4436 et
338 4376 431 4437 limite
455 4377 546 4437 boreo
572 4386 722 4451 versante,
749 4379 939 4440 testabuntur
955 4399 1058 4441 ornnes
1077 4389 1145 4459 post
1160 4378 1431 4457 Regiomontauum

77 4466 263 4539 astronomi,
283 4473 415 4525 testatur
438 4467 566 4526 unanime
582 4469 694 4548 Tycha,
720 4469 769 4548 qui
795 4467 916 4541 invenit,
941 4470 1057 4530 Lunam
1077 4470 1167 4528 etiam
1191 4468 1220 4529 in
1241 4464 1431 4547 quadraturis

77 4577 146 4619 cnm
170 4555 244 4619 Sole
268 4573 326 4615 nou
350 4553 471 4632 propius
496 4554 619 4618 Terram
647 4556 763 4629 venire,
796 4574 883 4635 quarn
916 4559 954 4619 ad
980 4559 1021 4622 54
1046 4556 1286 4620 semidiametros
1310 4556 1431 4629 Terrae,

79 4666 171 4729 quum
194 4644 387 4706 Ptolemaeus
412 4662 449 4703 ex
473 4664 527 4703 sua
550 4647 701 4724 parallaxi
734 4646 842 4709 statuit
865 4644 916 4712 33.
965 4648 1081 4721 Quodsi
1114 4646 1305 4711 latitudinem
1327 4644 1430 4707 Lunae

159 4749 248 4800 Koplari
262 4749 336 4798 opera.
351 4748 386 4789 tu.
1187 4746 1220 4803 43
