3278 5550
147 300 215 373 528
491 352 495 359 -
737 302 904 374 ssim*

147 483 218 559 NR,
240 484 319 548 RK.
344 484 397 546 sed
421 485 500 567 qnod
521 482 578 546 snb
599 470 662 555 SR,
676 481 745 559 RR,
769 484 867 547 miuus
890 488 940 546 est
962 501 998 544 eo
1021 480 1100 561 quod
1121 479 1179 543 sub
1194 476 1264 548 SN,
1285 478 1356 553 RK,
1374 496 1391 561 q

148 582 213 636 tate
236 573 402 654 rectianguli
426 575 505 657 quod
528 572 582 635 sub
604 572 674 646 NR,
696 570 765 637 RH.
809 571 972 635 Commune
996 569 1122 633 accedat
1146 570 1230 649 quod
1252 567 1310 630 sub
1331 568 1390 631 NR

149 660 238 733 Quod
266 681 338 743 ergo
366 662 422 727 snb
449 664 524 738 SN,
550 661 620 737 RH,
642 664 769 742 aequale
792 663 850 724 erit
872 663 914 736 ei,
945 659 1025 743 quod
1051 659 1107 722 sub
1130 656 1194 722 NR
1218 665 1253 720 et
1274 675 1391 761 comptu

146 751 223 825 RK,
249 751 325 826 RH,
353 752 388 817 h.
411 772 438 817 e.
463 753 532 816 KH.
577 751 709 814 Rarum
738 760 854 827 antem,
886 750 964 832 quod
988 748 1044 812 sub
1067 747 1132 822 SN,
1153 747 1234 822 RH,
1259 747 1391 827 majest

147 840 225 922 qnod
248 841 304 905 snb
315 799 381 915 RN,
400 840 491 905 NH
483 862 513 904 ιι
530 840 733 921 propositione
748 841 910 916 nominato,
926 838 1095 922 quantitate
1109 835 1174 913 SN,
1198 794 1279 899 NR:
1302 844 1389 898 eto

147 930 225 1011 qnod
250 930 306 993 sub
326 926 396 1006 NR,
410 930 480 1007 KH,
503 931 600 1011 majus
623 938 672 991 est
695 949 740 1006 eo,
766 931 844 1012 qnod
867 928 923 992 sub
944 927 1016 1005 NR,
1034 927 1089 991 KZ
1112 926 1144 989 in
1166 925 1380 1008 propositione

148 1028 228 1092 nato,
251 1019 423 1100 quantitate
445 1020 513 1097 NR,
537 1019 601 1094 ΖΗ,
626 1019 655 1082 ιι.
679 1039 706 1081 ι.
729 1018 784 1083 SN
805 1039 844 1081 ex
866 1017 1099 1082 constructione.
1145 1014 1307 1098 Aequalis
1330 1013 1391 1097 igin

150 1107 231 1187 quali
255 1109 355 1189 aiiquo
378 1110 494 1189 majora
516 1116 597 1180 sunt,
620 1108 755 1191 quodque
779 1128 832 1171 sno
855 1106 1051 1190 respondenti
1065 1108 1094 1168 in
1109 1104 1391 1188 propositionem

148 1196 246 1277 Igitur
268 1205 302 1260 et
322 1198 476 1263 nominata
498 1199 633 1265 interae
656 1207 728 1262 sunt
748 1194 939 1280 aequalia&

665 1358 864 1425 Problema
885 1358 973 1422 VIII.

150 1463 274 1527 Datis·
314 1464 604 1528 semidiametris
653 1467 853 1531 luminaria
899 1474 938 1529 et
977 1462 1150 1535 umbrae,
1195 1467 1240 1524 et
1274 1468 1389 1545 quant

148 1573 262 1616 arcus
294 1573 382 1616 orae
419 1554 619 1618 luminaris
650 1557 712 1618 vei
742 1557 890 1620 lucidae
922 1556 980 1617 vei
1011 1552 1257 1627 obscuratae,
1297 1551 1389 1633 inqu

147 1649 276 1722 partes
308 1641 485 1709 diametri
512 1644 577 1706 vel
607 1645 801 1709 luminaris
825 1646 886 1708 vel
914 1644 1063 1708 umbrae
1086 1640 1375 1703 constitutasa

146 1748 214 1812 per
246 1731 452 1809 sectiones,
485 1754 633 1817 quarum
666 1755 759 1817 quae
791 1735 905 1798 minor
932 1742 1102 1815 apotome
1133 1730 1198 1792 vel
1221 1730 1391 1810 sagitta]

502 1824 606 1886 naris
636 1825 697 1888 vei
726 1825 879 1888 umbrae
902 1823 979 1887 dici
1001 1828 1137 1903 potest.

180 1910 319 1973 ·Data
354 1909 431 1973 enim
459 1909 604 1975 diametro
632 1913 734 1978 circuli
763 1923 795 1977 et
821 1933 909 1989 ιιιιι,
946 1913 1036 1975 datur
1062 1917 1095 1972 et
1124 1909 1189 1990 ejus
1214 1926 1305 1971 areum
1327 1906 1391 1988 sagi

148 1984 252 2067 eadem
281 1999 496 2076 dimensione,-
519 2021 594 2084 qnae
626 2003 880 2087 multiplicatam
902 2002 1053 2064 residuum
1076 1998 1216 2062 diametri
1240 1996 1391 2060 luminaris

148 2078 263 2171 stituit
271 2090 449 2172 quadratum
473 2090 609 2155 semissis
632 2094 669 2154 de
691 2092 774 2156 linea
797 2092 971 2155 sectionum.
1005 2090 1040 2153 Id
1062 2107 1133 2151 vero
1154 2087 1338 2192 quadratum
1360 2086 1391 2150 ιι

148 2199 180 2239 a
185 2176 337 2260 quadrato
361 2179 575 2243 semidiametri
597 2182 736 2259 umbrae,
768 2180 912 2264 relinquit
933 2179 1110 2261 quadratum
1134 2178 1220 2257 ejus,
1244 2176 1324 2260 qnod
1346 2195 1391 2257 pot

147 2265 254 2351 qittnm
286 2267 420 2330 ablatam
452 2280 501 2332 est
530 2271 683 2334 residuum
714 2291 809 2354 usqne
842 2271 881 2332 ad
903 2276 1038 2332 centrum
1059 2267 1192 2331 umbrae.
1240 2265 1344 2338 Quare
1366 2286 1391 2328 ra

147 2356 369 2439 semidiametro
400 2358 524 2420 umbrae
560 2360 683 2436 ablata,
714 2360 850 2424 ostendit
882 2360 1026 2440 sagittam
1057 2356 1190 2421 umbrae.
1236 2355 1378 2419 Aliter:

147 2430 368 2525 semidiametro
397 2447 550 2510 luminaris
582 2455 615 2510 et
644 2450 766 2512 dimidio
794 2468 882 2511 arcus
906 2446 1079 2512 deficientis
1093 2447 1143 2508 vel
1165 2445 1278 2520 incidi,
1317 2444 1391 2507 datm

146 2530 269 2609 sinueiu
275 2535 383 2599 eadem
394 2535 626 2615 dimensionem
635 2557 694 2619 qna
704 2547 829 2621 utraque
839 2539 1072 2601 semidiameter
1092 2533 1391 2599 Datoverosinuind

146 2623 230 2687 sione
253 2624 484 2701 semidiametri,
509 2626 598 2689 datur
621 2629 712 2691 etiam
736 2627 820 2691 sinns
843 2625 1063 2708 complementi,
1088 2625 1138 2706 qui
1161 2624 1285 2687 ablatus
1309 2643 1328 2685 ι
1350 2640 1391 2685 ιιι

146 2722 243 2778 metro
266 2714 424 2778 constitnit
446 2716 601 2797 sagittam.

578 2850 581 2856 ⁵
676 2864 876 2940 Problema
896 2854 954 2939 IX.

33 2996 38 3005 ·
145 2977 255 3042 Datis
285 2978 582 3045 semidiem-atris
613 2982 707 3045 disci
740 2984 947 3047 Terrae-et
976 2980 1197 3061 pennmbrae
1225 2987 1262 3042 et
1291 2978 1391 3043 latito

146 3068 302 3131 menisci
330 3070 372 3131 de
394 3071 599 3155 pennmbra
628 3081 736 3135 extra
767 3071 904 3134 discum
935 3070 1111 3152 porrecti,
1140 3069 1337 3151 inquirere
1361 3087 1391 3149 pt

290 3158 462 3223 diametri
484 3160 721 3242 pennmbrae,
753 3163 878 3223 iactas
901 3180 920 3221 a
943 3168 1045 3221 recta
1066 3177 1132 3240 per
1155 3158 1358 3221 sectiones.

233 3243 454 3328 Multiplicetur
476 3249 604 3315 latitudo
628 3251 751 3315 menisci
773 3252 804 3314 in
827 3249 977 3327 residuum
1002 3248 1138 3311 diametri
1160 3249 1391 3330 pennmbraesi

146 3334 298 3399 dividatur
320 3355 375 3416 per
393 3338 576 3403 diametrum
599 3339 683 3414 disci,
708 3340 894 3404 diminutum
908 3338 998 3418 duplo
1021 3338 1087 3417 ejus
1110 3337 1315 3412 differentiae,
1343 3354 1391 3415 qm

145 3424 223 3487 inter
253 3425 443 3491 latitudinem
475 3428 601 3491 menisci
632 3437 664 3490 et
690 3429 944 3492 semidiametrum
970 3426 1150 3508 pennmbrae
1172 3428 1334 3507 majorem:
1363 3440 1391 3482 vs

145 3514 323 3586 diametrum
345 3516 420 3581 disci
434 3525 563 3595 „anctum
587 3518 677 3599 dupio
701 3519 766 3600 ejus
788 3516 993 3592 differentiae,
1027 3536 1101 3597 qnae
1129 3523 1178 3579 est
1200 3516 1279 3578 iuter
1303 3514 1391 3577 latim<

145 3605 269 3669 menisci
300 3612 332 3667 et
360 3607 616 3671 semidiametrnm
651 3608 834 3687 pennmbrae
867 3606 1020 3669 minorem.
1067 3603 1116 3677 (Si
1140 3606 1290 3668 meniscns
1314 3612 1391 3666 estu

146 3694 305 3757 latitudine
329 3716 418 3778 qnam
451 3695 672 3759 semidiameter
708 3696 909 3778 pennmbrae,
940 3696 1060 3775 duplum
1092 3695 1179 3775 hujus
1204 3695 1341 3756 defectus
1360 3709 1391 3752 ιι

146 3784 297 3865 diametro
321 3784 411 3860 disci3
436 3787 482 3850 sin
506 3787 611 3866 major,
636 3786 758 3865 dnplnm
782 3804 924 3848 excessus
947 3785 1023 3846 adde
1047 3785 1194 3848 diametro
1218 3784 1311 3860 disoi;
1333 3779 1391 3844 itai

144 3873 314 3995 divisorem.
361 3874 421 3937 Vei
445 3875 564 3957 duplica
587 3875 765 3937 distantiam
787 3883 966 3950 ceutronum,
989 3874 1085 3938 haboe
1107 3870 1294 3947 divisorem).

679 4027 946 4100 ProblemaX.
1029 4019 1142 4046 ²
1201 4088 1205 4095 .

142 4098 254 4201 Datis
284 4138 493 4204 diametrir
525 4141 728 4205 luminaris
757 4148 793 4203 et
820 4142 973 4204 umbrae
997 4148 1034 4203 et
1056 4133 1281 4223 quantitate
1304 4139 1391 4203 desei

186 4227 380 4310 inquirere
403 4224 540 4311 pattes
563 4231 740 4294 diametri
763 4231 927 4306 umbrae,
956 4231 1192 4293 constitutas
1215 4251 1234 4292 ι
1255 4228 1391 4325 lineet

714 4321 918 4385 sectiones

229 4405 401 4487 Multiplica
436 4405 625 4472 latitudinem
648 4409 745 4490 partis
767 4409 919 4472 lucidae
910 4431 941 4472 ιιι
963 4405 1151 4470 latitudinem
1172 4404 1272 4486 partie
1296 4403 1391 4468 tenebr

143 4493 249 4556 deinde
277 4504 308 4556 et
336 4496 480 4559 minorem
504 4517 523 4558 ι
545 4499 657 4579 majore
687 4498 846 4571 subtrahe,
880 4497 1098 4569 differentiam,
1130 4495 1157 4558 si
1184 4493 1282 4573 major
1306 4491 1391 4559 est-t

143 4581 220 4643 adde
244 4584 283 4645 ad
306 4584 484 4648 dIametrnm
507 4589 638 4661 umbrae,
662 4588 707 4650 sin
731 4588 827 4668 major
849 4589 1021 4660 tenebrosa,
1046 4584 1130 4647 aufer
1152 4583 1334 4647 adiametre
1347 4599 1391 4646 um

143 4679 174 4733 et
203 4691 257 4753 per
283 4671 339 4735 boc
366 4675 430 4738 sive
461 4687 657 4758 aggregatum
679 4677 743 4739 sive
767 4677 917 4742 residuum
941 4674 1040 4739 divide
1063 4675 1176 4737 factum
1199 4692 1237 4737 ex
1258 4674 1391 4755 primu

141 4761 313 4844 plicatione,
334 4764 438 4845 prodit
451 4776 647 4847 ⁵segmentum
670 4766 808 4833 diametri
831 4769 953 4838 umbrae
976 4762 1172 4831 constitutum
1194 4761 1316 4857 alinea
1331 4766 1391 4827 suci
