3278 5550
141 272 206 345 668
738 271 885 334 Dabana

228 460 302 516 Mira
320 476 377 523 ram
409 459 500 515 omnia
519 467 715 532 repraesentat
735 462 788 517 iste
809 463 941 527 calculus,
973 476 1044 532 quae
1066 474 1085 513 a
1104 458 1212 515 tabulis
1235 467 1477 529 repraesentantur,

140 541 265 597 nimirum
284 543 444 596 tantundem
465 535 656 645 perGD18⁰‚
678 542 760 598 MGD
781 536 814 597 50
836 551 866 598 et
884 560 936 615 per
950 542 998 599 CD
1020 532 1200 606 1700‘12“‚
1230 541 1313 596 MGD
1335 532 1478 604 50170100,

117 629 257 695 'utroque
277 624 355 676 modo
374 618 468 677 Dlll
508 617 555 678 32‘
577 618 644 678 5700.

230 715 359 779 Omnino
390 717 483 798 igitur
514 718 632 780 videtur
661 717 691 779 in
721 718 837 800 copulis
867 738 935 780 esse
974 719 1082 780 debere
1119 717 1253 798 angulus
1288 735 1345 796 pro
1380 717 1480 779 ratium

141 804 304 889 distantiae
325 804 364 884 Θ
385 813 451 878 alt
474 826 610 885 magnus,
635 815 669 869 at
690 807 975 888 prosthapbaeresis
992 808 1081 870 -nulla
1103 806 1133 868 in
1157 806 1291 887 copulis,
1315 805 1375 867 sed
1396 814 1481 867 11111

141 904 236 957 extra.
282 896 348 957 Imo
379 896 462 971 vide,
496 896 566 977 quid
595 895 626 957 in
648 915 741 958 causa
771 906 917 959 versetur.
968 896 1026 959 Hic
1058 896 1136 959 enim
1166 895 1307 957 calculus
1338 894 1483 976 pollicetur

141 984 365 1047 exactissimam
388 985 650 1065 aequipollentiam
674 1005 741 1047 cum
764 986 916 1069 Tycbona
940 1004 1034 1065 eoque
1057 983 1254 1049 latitudinem
1277 984 1309 1045 in
1334 983 1483 1064 eclipsibus

141 1092 235 1154 aeque
264 1092 390 1154 parvam
420 1083 453 1136 ut
475 1074 627 1155 Tychonis
650 1083 715 1150 est,
747 1074 938 1155 quantumvis
967 1074 1219 1158 praetendamus,
1254 1073 1404 1152 angulum
1427 1092 1483 1135 esse

142 1178 290 1242 magnum.
336 1164 395 1226 Est
416 1182 552 1244 magnus,
575 1171 608 1224 at
630 1165 838 1244 propinquitas
861 1164 930 1226 nodi
952 1172 1070 1226 tantum
1093 1162 1188 1225 demit
1211 1161 1384 1224 latitudini.
1427 1162 1483 1225 n'rr

141 1250 238 1321 solnm
268 1260 369 1313 antem
392 1251 440 1314 hic
470 1253 620 1327 calculus,
650 1253 704 1314 sed
731 1261 762 1314 et
791 1254 868 1316 alter
895 1272 950 1333 per
981 1251 1228 1333 compositionem
1260 1250 1436 1333 latitudinis
1454 1269 1484 1311 ar

141 1339 269 1421 simplici
291 1349 323 1402 et
336 1350 489 1404 menstrua
510 1342 600 1421 plane
624 1342 806 1422 aequipollet
819 1341 992 1425 Tychonico
1015 1343 1113 1404 modo.
1151 1341 1237 1420 Ergo
1255 1341 1483 1402 omninoveruu

135 1437 203 1507 est,
235 1449 281 1491 me
313 1440 401 1492 extra
430 1431 563 1493 ordinem
595 1449 721 1509 magnas
745 1431 887 1495 adhibere
920 1432 1096 1495 latitudines
1127 1431 1156 1492 in
1183 1430 1307 1511 copulis
1339 1429 1483 1510 eclipticis

141 1517 204 1580 Eae
228 1530 328 1581 tamen
351 1520 505 1600 patiuntur
529 1519 676 1601 etiamque
701 1520 875 1583 desiderant
898 1540 1001 1583 omnes
1024 1520 1153 1601 eclipses
1172 1520 1317 1581 Lunares
1341 1519 1483 1598 partiales,

142 1624 218 1689 quae
242 1616 273 1669 et
294 1608 425 1687 majores
452 1610 564 1670 vellent
591 1609 776 1672 latitudines.
822 1609 885 1672 Sed
909 1610 1048 1673 subvenit
1070 1607 1253 1691 Tycbcnicis
1282 1608 1485 1670 laenocinium

142 1696 366 1759 semidiameter
397 1698 518 1761 umbrae
554 1717 650 1778 parva
681 1699 719 1761 ob
749 1719 857 1762 causas
895 1698 1011 1779 opticas
1043 1707 1075 1760 et
1106 1696 1343 1779 ampliationem
1379 1697 1486 1759 laminis

142 1784 233 1849 Solis.
289 1788 395 1868 Itaque
427 1786 484 1848 nisi
517 1786 608 1848 etiam
639 1786 765 1851 Solaree
798 1789 928 1869 eclipses
959 1789 1115 1869 postulent
1145 1805 1274 1867 maguae
1309 1786 1487 1857 latitudines,

142 1893 237 1949 causa
257 1876 332 1938 haec
354 1875 472 1956 patebit
494 1875 571 1938 satis
594 1876 685 1939 clare.

229 1963 420 2026 Examinatis
442 1965 557 2047 aliquot
572 1963 731 2028 Solaribus
754 1964 927 2045 eclipsibus,
950 1973 1038 2046 patet
1055 1964 1174 2027 omnino
1197 1964 1295 2027 etiam
1320 1965 1394 2028 illas
1416 1964 1488 2026 desi·

142 2054 412 2134 deraremagnum
435 2055 584 2133 angulum.
632 2053 749 2126 Quodsi
776 2055 914 2117 volumus
947 2055 1106 2117 defendere
1136 2052 1322 2118 latitudines
1347 2055 1491 2138 'l'pcbonir

141 2142 173 2205 in
196 2142 368 2206 octantibus
391 2152 422 2205 et
444 2144 585 2224 angulum
609 2143 800 2206 nihilominus
823 2162 962 2224 magnum
986 2144 1016 2206 iu
1039 2143 1214 2225 eclipsibus,
1237 2152 1368 2224 oportet
1389 2156 1491 2218 umen,

141 2232 167 2305 5
193 2232 223 2294 11
246 2238 279 2304 sl
301 2233 332 2294 in
356 2233 527 2295 octantibus
550 2240 706 2308 versante,
730 2232 774 2294 nti
796 2232 1083 2314 prostbaphaeresi;
1111 2252 1167 2313 pro
1190 2233 1407 2313 dispertiendo
1428 2253 1491 2295 vero

143 2321 196 2383 illo
220 2330 380 2400 augmento
403 2322 536 2402 copulari
554 2320 595 2387 18
615 2342 657 2384 sc.
683 2330 804 2402 oportet
825 2321 911 2384 initio
935 2323 1054 2401 quidem
1069 2321 1154 2384 illam
1168 2345 1360 2402 amaneum
1376 2323 1489 2396 orbium,

143 2429 218 2492 qnae
240 2410 451 2474 inclinationes
474 2412 584 2486 reddit,
609 2410 794 2473 fundamenti
818 2411 884 2473 loco
907 2430 1028 2490 ponere,
1052 2420 1086 2473 at
1099 2411 1206 2473 deinde
1230 2432 1326 2475 arcus
1350 2434 1370 2475 a
1384 2412 1490 2493 copulis

142 2500 279 2582 inceptos
312 2508 431 2582 oportet
462 2511 603 2581 respectu
634 2500 723 2580 hujus
761 2500 914 2580 augmenti
947 2502 1054 2579 longos
1084 2501 1219 2575 censeri;
1251 2512 1286 2564 ut
1310 2504 1394 2565 sicut
1415 2501 1490 2581 vigor

141 2606 321 2670 promovens
349 2592 376 2665 5
408 2609 462 2670 per
493 2590 617 2671 copulas
645 2589 674 2650 in
707 2590 829 2669 longum
862 2598 909 2651 est
940 2589 1078 2663 validus,
1101 2590 1145 2651 sic
1176 2591 1269 2652 etiam
1303 2591 1386 2654 idem
1416 2591 1488 2670 vigor

143 2679 275 2741 inferens
307 2679 516 2741 latitudinibus
540 2681 595 2741 hoc
622 2686 814 2759 augmentum
845 2686 910 2740 tam
936 2679 966 2740 in
998 2679 1136 2759 augenda
1168 2699 1259 2760 quam
1281 2681 1315 2743 iu
1339 2678 1487 2743 minusne

143 2767 185 2829 ait
214 2768 343 2831 validus.
389 2766 431 2829 Et
454 2767 573 2830 omnino
597 2768 676 2830 sicut
707 2776 756 2829 est
786 2766 914 2830 variatio
944 2768 1066 2847 (dupla)
1090 2765 1129 2831 81
1160 2769 1200 2829 ad
1222 2763 1263 2831 20
1287 2766 1323 2834 90
1351 2770 1403 2831 vel
1427 2763 1485 2840 129,

144 2866 240 2921 totum
263 2858 343 2938 quod
366 2876 403 2918 ex
426 2855 497 2920 Sole
522 2865 579 2931 est,
605 2856 649 2918 sic
672 2858 731 2917 erit
760 2856 917 2937 quodlibet
944 2865 1137 2936 angmentum
1161 2857 1199 2918 ad
1224 2865 1326 2920 totum
1353 2855 1404 2922 18.
1427 2857 1445 2920 i.
1464 2875 1483 2915 r.

144 2946 341 3010 distribuetur
364 2947 421 3009 boc
444 2954 635 3025 angmentum
662 2943 723 3020 180,
748 2946 797 3007 vel
819 2953 963 3027 qnantum
991 2946 1117 3028 requirit
1138 2945 1296 3010 inclinatio
1323 2947 1442 3024 limitis,
1462 2948 1484 3007 in

142 3037 336 3118 proportione
367 3037 483 3099 sinuum
513 3035 676 3115 duplicata.
728 3034 771 3097 Et
800 3035 919 3096 videtur
952 3036 1056 3099 eadem
1087 3055 1155 3097 esee
1191 3038 1352 3117 proportio
1382 3037 1482 3119 prostb

143 3126 299 3188 nodomm.
351 3123 413 3187 Sed
441 3125 484 3186 sic
514 3144 651 3204 agamus.
697 3122 790 3187 Primi
820 3125 931 3203 gradus
963 3124 1092 3187 variatio
1125 3133 1174 3187 est
1208 3123 1238 3186 10
1261 3122 1343 3203 2600,
1377 3127 1484 3209 duplun

144 3210 177 3276 20
192 3210 267 3289 5200,
292 3220 326 3275 11
348 3232 418 3293 ergo
443 3233 558 3276 summa
579 3210 641 3276 129
665 3214 703 3275 ad
720 3211 751 3275 20
766 3211 831 3276 5200
855 3213 899 3275 sic
918 3212 968 3283 180
985 3214 1024 3275 ad
1048 3222 1239 3294 augmentum
1262 3216 1356 3279 unius
1387 3215 1482 3297 gradus

144 3302 175 3364 in
203 3303 324 3385 copnla,
349 3323 391 3365 sc.
416 3299 490 3365 2400.
536 3305 602 3366 Hoc
633 3312 723 3383 pacto
756 3303 845 3365 lacile
877 3304 1067 3383 colligeretur
1099 3312 1295 3382 augmentum
1329 3303 1482 3367 latitudinis

143 3410 199 3472 per
234 3392 475 3474 rectangulornm
513 3392 688 3473 quadrantis
724 3391 957 3473 proportionem.
1012 3391 1073 3454 Sed
1107 3393 1175 3455 vide
1214 3411 1362 3472 quorsum
1390 3394 1420 3456 id
1448 3393 1481 3453 sir

144 3482 304 3544 collectum
327 3481 414 3545 nobis
436 3484 522 3545 lieret
545 3481 628 3543 utile.
667 3481 750 3543 Pone
769 3487 802 3553 si
826 3501 892 3543 oum
909 3479 948 3558 Θ
970 3483 1040 3553 115
1062 3478 1158 3558 d&
1195 3481 1255 3543 Hic
1279 3482 1370 3546 nobie
1393 3481 1481 3545 suflicit

145 3572 184 3632 ad
207 3571 376 3651 aagendam
400 3571 588 3633 latltndiuem
608 3571 723 3632 sinuum
739 3570 892 3652 proportio
912 3571 1050 3650 simplex,
1075 3570 1166 3652 dupla
1181 3570 1306 3633 vitiabit
1321 3572 1481 3635 latitudines

144 3661 244 3723 nimis.
291 3661 373 3740 Ergo
397 3661 444 3723 hic
469 3680 521 3741 spe
546 3661 734 3722 frustramur.
770 3661 821 3723 An
845 3659 1057 3723 distribuemns
1081 3660 1198 3740 quidem
1222 3658 1398 3725 latitudinis
1419 3678 1480 3739 ang·

144 3757 276 3811 mentum
298 3768 354 3830 pro
377 3749 497 3831 modulo
521 3749 724 3811 inclinationis
748 3749 852 3811 limitis
875 3767 1015 3829 magnum
1038 3748 1087 3809 vel
1110 3767 1251 3829 parvum,
1281 3750 1482 3813 distribuemns

144 3838 187 3913 id,
210 3837 341 3920 inquam,
365 3839 491 3917 primum
515 3857 580 3900 oum
604 3838 743 3917 digressu
765 3840 791 3910 5
809 3859 828 3900 a
846 3843 879 3909 ,st
901 3857 974 3900 vero
992 3847 1024 3900 et
1043 3844 1171 3918 aequato
1195 3856 1250 3917 per
1273 3838 1481 3921 proportionem

146 3928 263 3990 sinnnm
286 3927 467 3990 distantiae:
493 3939 525 3991 et
543 3927 649 3989 deiude
674 3927 817 3990 addemus
842 3927 909 3989 huio
927 3935 1088 4007 augmento
1112 3926 1225 4005 aliquid
1249 3926 1279 3988 in
1304 3929 1481 4010 proportione

145 4016 348 4095 variationis?
371 4019 454 4079 Tunc
476 4017 551 4079 nihil
575 4015 752 4079 adderemus
775 4017 805 4077 in
829 4018 869 4092 ό,
891 4013 986 4093 ΘΟΘ,
1010 4016 1084 4078 nihil
1107 4015 1135 4077 in
1159 4009 1202 4079 U.
1247 4016 1298 4077 lta
1321 4037 1381 4080 non
1405 4036 1482 4096 auge-

145 4102 225 4167 bitnr
249 4106 335 4167 nobis
358 4106 493 4168 vicissim
517 4107 569 4168 lat.
594 4106 624 4167 iu
648 4108 688 4183 (s,
711 4110 747 4180 00,
773 4125 862 4186 qnam
885 4104 1335 4185 diminuit,prosthaphaeresis
1359 4107 1438 4170 nodi.

234 4202 298 4265 Sed
321 4204 404 4265 dices
428 4205 515 4279 forte,
539 4212 681 4285 quantum
701 4210 733 4274 52
755 4204 851 4266 distat
873 4201 992 4280 affl
1017 4203 1066 4264 vel
1083 4199 1178 4281 (ξ’-Θ,
1202 4210 1310 4263 tantae
1336 4204 1483 4266 distantiae

146 4292 172 4363 5
195 4311 214 4352 a
234 4289 273 4367 Θ
298 4293 496 4356 variationem
514 4312 583 4354 esse
606 4293 806 4355 adhibendam
824 4293 863 4353 ad
886 4293 1047 4355 eruendam
1065 4291 1245 4354 variationis
1268 4291 1483 4356 latitudinariae

146 4379 313 4461 portionem
336 4382 365 4444 in
390 4383 513 4462 copulis.
549 4382 628 4454 uuio
652 4400 723 4461 ergo
745 4382 798 4443 fiet
821 4390 907 4443 extra
930 4381 1075 4461 copulas?
1097 4381 1205 4444 Nonne
1229 4378 1325 4443 etiam
1348 4382 1394 4444 sic
1415 4384 1485 4444 uera

148 4470 387 4533 extraordinaria
400 4471 607 4552 augmentatio
621 4470 652 4532 in
667 4470 806 4551 copulis?
830 4470 946 4542 Quodsi
970 4469 1177 4550 confugiamus
1192 4468 1232 4529 ad
1248 4472 1484 4551 compositionem

146 4557 318 4621 latitudinis
341 4561 525 4623 tabularem:
553 4560 679 4641 primum
700 4561 878 4635 notandum,
902 4559 982 4640 quod
1004 4560 1058 4621 illa
1084 4567 1297 4638 repraesentet
1321 4561 1484 4624 latitudines

147 4646 336 4731 Tychonicas
360 4650 452 4712 etiam
480 4649 544 4712 sine
567 4649 683 4730 prostb.
708 4650 793 4725 nodi,
822 4650 849 4711 si
873 4655 1031 4730 usurpetur
1053 4648 1216 4710 secundnm
1240 4658 1411 4731 praecepta
1431 4651 1485 4713 Ru·

130 4734 302 4819 delphina.
347 4737 389 4799 Et
410 4740 444 4801 fit
465 4739 620 4818 ingressus
643 4757 696 4818 per
718 4737 789 4803 dist.
815 4732 855 4815 Θ
879 4759 899 4799 a
918 4742 958 4820 ,11
981 4744 1014 4799 11
1043 4733 1069 4810 5
1099 4731 1183 4814 a&
1214 4735 1245 4798 in
1274 4737 1415 4802 tabulam
1441 4739 1486 4800 lrc

148 4828 332 4903 1111111111,
354 4826 414 4890 sad·
430 4846 484 4908 per
505 4827 578 4892 dist.
600 4829 628 4901 5
653 4831 727 4899 ast
748 4828 781 4897 'm
803 4827 939 4893 tabulam
961 4827 1014 4891 lat
1037 4826 1213 4911 simplicis.
1242 4822 1405 4903 Quomodo
1426 4844 1485 4906 erce
