3278 5550
546 277 608 329 rm
626 277 718 329 Tertia
756 276 837 344 caput
854 276 966 332 xxxta
1368 278 1433 351 305

104 454 181 518 :ulos
205 456 273 536 ejus
296 456 415 534 vident3
448 458 498 540 qui
522 478 593 531 ¹vero
615 464 687 540 post
709 458 794 521 illum
817 465 917 534 stant,
948 458 1101 522 oculorum
1123 457 1190 538 ejus
1213 465 1338 542 aspectu
1360 467 1432 525 tunc

105 552 188 608 urent.
244 546 292 609 At
323 567 391 610 sese
428 556 607 611 convertens
645 549 817 611 circumfert
858 549 961 611 oculos
994 548 1033 610 ad
1063 546 1222 611 universos
1253 548 1284 613 in
1317 551 1429 628 orbem,

105 654 179 697 unes
202 635 296 716 igitur
325 657 466 701 successu
493 638 664 700 brevissimi
687 639 834 720 temporis
851 639 917 718 ejus
941 638 1094 703 oculorum
1117 645 1243 719 aspectu
1264 638 1429 720 potiuntur.

105 732 124 787 ,ι
142 725 300 805 potiuntur
322 746 376 806 per
398 746 553 790 accessum
577 729 693 790 luculae
717 749 769 791 seu
800 727 912 809 speciei
936 727 1045 790 coloris
1068 727 1106 788 ab
1130 726 1224 790 oculis
1248 729 1378 795 oratoris
1400 730 1432 792 iu

105 812 182 876 culos
214 817 417 895 spectantium
447 817 599 898 delapsae.
646 818 728 898 Ergo
767 818 979 880 circumferens
1018 817 1122 879 oculos
1159 816 1191 878 iu
1219 825 1348 898 angusto
1376 819 1432 882 illu

105 901 188 984 patio,
213 905 242 967 in
262 924 322 986 quo
336 915 427 987 caput
449 906 514 986 ejus
529 906 709 971 collocatum
732 915 788 982 est,
812 927 872 969 una
888 907 1059 970 circumfert
1081 903 1199 968 luculae
1221 904 1305 969 illius
1327 907 1432 971 radios

105 991 324 1079 ramplissimo
356 995 409 1057 illo
440 997 529 1071 orbe,
562 996 591 1058 in
615 1014 701 1078 quem
730 1003 933 1079 spectatorum
963 996 1041 1058 oculi
1072 994 1265 1058 circumcirca
1288 995 1430 1078 dispositi
1505 1026 1512 1041 ·

105 1090 158 1143 unt
194 1083 265 1145 Nisi
288 1104 316 1145 n.
341 1104 400 1151 uua
416 1085 587 1147 circumiret
608 1086 708 1148 lucula
731 1086 794 1161 illa,
819 1092 1006 1166 spectatores
1030 1085 1095 1164 ejus
1112 1084 1266 1147 oculorum
1288 1094 1431 1166 aspectus

106 1192 139 1232 on
160 1172 267 1234 flerent
288 1174 462 1255 participes.
498 1175 556 1236 llic
576 1174 661 1238 vides
683 1176 854 1248 manifeste,
879 1175 1009 1256 speeiem
1025 1173 1258 1237 immateriatam
1280 1174 1358 1236 lucis
1380 1174 1430 1237 vel

105 1260 262 1324 ircnmferri
277 1262 326 1324 vel
346 1271 437 1339 stare,
461 1285 602 1327 unacum
621 1265 797 1327 circumlata
811 1264 859 1325 vel
879 1272 979 1327 stante
994 1282 1027 1326 re
1043 1285 1107 1339 sua,
1131 1263 1216 1344 cujus
1231 1268 1279 1326 est
1302 1264 1429 1344 species.

167 1350 243 1414 Cum
268 1350 369 1436 itaque
393 1353 508 1433 species
532 1354 639 1430 fontis,
674 1374 727 1416 seu
750 1355 846 1417 virtus
869 1355 1009 1435 planetas
1032 1372 1170 1427 movens,
1203 1360 1327 1435 gyratur
1350 1353 1432 1415 circa

106 1448 212 1501 rutrum
226 1442 339 1517 mundi,
354 1462 417 1504 rem
431 1444 527 1524 ipsam
543 1463 668 1526 quoque,
692 1445 777 1525 cujus
799 1452 847 1505 est
865 1442 993 1525 speeies,
1016 1443 1138 1507 Solem
1161 1461 1267 1525 nempe
1290 1443 1429 1525 gyrari,

106 1548 135 1591 oc
152 1528 217 1609 jam
240 1530 322 1593 dicto
346 1533 483 1613 exemplo
506 1552 565 1595 non
588 1532 716 1596 absurde
740 1532 895 1595 concludo.

166 1618 314 1690 Quamvis
330 1627 361 1682 et
381 1618 439 1683 hdo
463 1630 639 1702 argumento
663 1622 742 1685 idem
762 1621 918 1697 evincitur,
942 1622 1020 1704 quod
1044 1628 1144 1684 motus
1166 1619 1274 1683 localis
1296 1627 1328 1682 et
1349 1627 1430 1682 tem-

106 1706 142 1771 nri
168 1709 308 1772 subditus
337 1711 441 1792 nequit
468 1720 638 1792 competere
670 1712 856 1794 inspeciem
884 1710 1117 1774 immateriatam
1141 1710 1265 1784 nudam,
1297 1717 1331 1772 ut
1353 1730 1429 1793 quae

106 1806 175 1861 totus
199 1798 279 1861 illati
301 1801 475 1880 passionem
498 1801 630 1882 recipere
654 1803 769 1884 nequit,
805 1802 863 1863 nisi
888 1801 992 1875 simul,
1023 1808 1057 1862 ut
1079 1799 1176 1862 virtus
1203 1799 1278 1861 haec
1301 1799 1430 1863 materia

106 1906 145 1951 ιιι
164 1895 265 1963 ΘΘιΘι,
299 1888 343 1950 sic
373 1899 472 1952 mutus
497 1910 612 1973 quoque
641 1899 780 1972 receptus
810 1900 945 1972 ternpore
969 1896 1081 1952 careat.
1130 1888 1207 1953 Cum
1234 1907 1305 1969 ergo
1333 1887 1430 1950 virtus

106 1984 276 2040 tamovens
295 1978 450 2041 circumire
463 1979 592 2060 probata
611 1980 660 2055 sit,
684 2000 778 2062 neque
798 1989 898 2042 tamen
921 1979 1054 2042 infinitae
1068 1977 1167 2059 possit
1182 1978 1305 2040 concedi
1320 1977 1430 2039 celeri-

106 2064 149 2129 us
170 2066 335 2140 (infinitam
358 2069 436 2130 enim
466 2075 537 2132 tunc
561 2070 747 2132 celeritatem
771 2070 862 2132 etiam
886 2067 1060 2149 corporibus
1083 2067 1215 2131 inditura
1241 2067 1375 2140 videtur)
1399 2074 1430 2128 et

106 2154 142 2219 bo
157 2155 185 2216 in
203 2166 338 2237 tempore
353 2158 453 2239 aliquo
468 2159 647 2221 circumeat:
674 2180 706 2221 se
723 2160 789 2239 ipsa
812 2160 903 2239 igitur
925 2158 1003 2219 hunc
1018 2166 1130 2219 motum
1150 2155 1253 2237 nequit
1274 2157 1428 2237 perficere,

106 2244 222 2307 edideo
246 2246 345 2307 solum
367 2248 480 2310 moveri
505 2249 588 2310 illam
612 2269 736 2310 neeesse
761 2257 817 2324 cst,
842 2249 911 2330 quia
935 2266 1043 2328 corpus
1066 2246 1131 2325 ejus
1155 2267 1174 2306 a
1195 2264 1253 2327 quo
1279 2245 1430 2326 dependet

106 2342 219 2397 nour
266 2336 368 2417 Atque
392 2338 498 2399 eodem
521 2338 613 2399 etiam
636 2346 811 2439 argumento
836 2345 916 2399 recte
941 2335 1078 2400 concludi
1102 2335 1238 2409 videtur,
1271 2354 1331 2396 non
1360 2352 1428 2397 esse

107 2424 309 2487 nuteriaturn
333 2425 484 2529 quippiam
516 2427 595 2489 intra
620 2427 786 2508 corporis
780 2428 897 2490 Solaria
924 2424 1086 2498 terminos,
1119 2424 1203 2502 eujus
1232 2423 1428 2485 conversione

107 2510 162 2603 hl
178 2521 376 2575 convertatur
400 2515 516 2595 speeies
540 2517 600 2577 ista
614 2518 651 2579 ab
674 2517 728 2577 illo
753 2516 953 2578 immateriato
969 2513 1163 2576 descendens.
1202 2512 1334 2574 Rursum
1350 2512 1428 2574 enim

107 2578 279 2673 ,breriaco
303 2603 431 2684 cuipiam
454 2605 562 2667 localis
586 2614 685 2667 motus
701 2626 766 2667 cum
789 2614 923 2685 ternpore
947 2624 1004 2664 non
1028 2611 1109 2663 recte
1133 2602 1281 2663 tribuitur.
1318 2601 1429 2663 Relin-

107 2688 172 2773 ᾖ
196 2690 300 2770 igitur,
323 2699 358 2754 ut
380 2712 488 2774 corpus
512 2695 609 2774 ipsum
623 2695 706 2759 Solis
729 2697 818 2757 ruodo
838 2714 929 2775 supra
947 2693 1027 2754 dicto
996 2699 1184 2774 gyratur,
1208 2697 1239 2751 et
1260 2689 1428 2777 polissuae
1537 2743 1541 2751 ,

107 2780 282 2861 Ιηςιείοιιίε
307 2782 402 2854 (linea
425 2802 462 2844 ex
481 2804 535 2845 con
538 2792 584 2845 tro
608 2785 741 2865 corporis
764 2805 817 2865 per
840 2785 910 2846 iilos
933 2784 1011 2844 inter
1034 2783 1110 2844 fixas
1134 2781 1257 2852 educta)
1280 2786 1429 2841 monstret

107 2866 162 2933 ὺι
182 2869 312 2943 zodiaci,
337 2871 448 2934 circulo
467 2894 538 2934 vero
562 2875 697 2955 corporis
721 2875 767 2935 sui
790 2874 921 2935 maximo
937 2870 1119 2951 eclipticam,
1143 2870 1306 2952 harumque
1330 2887 1429 2931 rerum

107 2959 345 3023 canonicarum
368 2961 423 3021 boc
447 2971 536 3042 pacto
560 2983 652 3025 causa
675 2964 823 3025 naturalis
846 2965 908 3024 fiat.

160 3048 304 3128 Amplius
336 3070 402 3111 cum
435 3051 603 3128 videamuS,
637 3074 691 3115 nec
724 3053 859 3132 singulos
890 3052 1030 3133 planetas
1062 3047 1091 3108 in
1124 3047 1204 3109 omni
1236 3066 1290 3109 sua
1313 3067 1332 3107 a
1355 3044 1427 3110 Sole
1534 3086 1539 3094 -

108 3136 236 3211 hiantia,
271 3157 326 3199 nec
351 3159 454 3201 omnes
484 3141 514 3202 in
538 3141 667 3203 diversis
700 3142 763 3203 suis
787 3141 941 3204 distantiis
970 3136 1089 3220 aequali
1113 3137 1223 3218 corripi
1253 3134 1428 3212 celeritate3

107 3226 316 3290 rdSaturnum
340 3248 484 3293 annorum
508 3228 550 3293 30
573 3251 673 3293 moras
697 3240 831 3302 nectere,
855 3232 961 3293 Jovem
986 3245 1131 3289 annorum
1157 3222 1206 3301 12,
1230 3226 1361 3287 Martem
1385 3222 1428 3289 23

108 3317 230 3392 ensium,
255 3317 380 3378 Terram
406 3316 460 3393 12,
485 3321 634 3383 Venerem
667 3322 854 3402 sesquiocto,
887 3317 1068 3381 Mercurium
1092 3313 1129 3391 33
1154 3323 1307 3377 ettamen
1331 3314 1428 3378 omnis

108 3404 155 3467 rbis
188 3406 310 3467 virtutis
343 3410 511 3471 emanantis
544 3428 580 3471 ex
613 3410 685 3472 Sole
716 3413 793 3485 (tam
825 3429 882 3491 qno
921 3408 989 3470 loco
1022 3405 1204 3468 Mercurium
1236 3402 1428 3485 amplectitur

108 3494 285 3569 millimum,
318 3515 407 3576 quam
435 3518 492 3579 quo
525 3499 591 3561 loco
620 3499 782 3563 Saturnum
814 3498 1011 3571 altissimum)
1045 3515 1083 3557 ex
1114 3493 1277 3556 antedictis
1309 3492 1429 3575 aequali

168 3603 295 3665 corpore
319 3585 419 3648 Solari
450 3588 598 3666 vertigine
622 3598 653 3650 et
677 3589 780 3650 eodem
804 3597 937 3669 ternpore
959 3590 1134 3667 torqueatur
1158 3585 1230 3665 (quo
1257 3582 1325 3644 loco
1353 3582 1428 3644 nihil

108 3669 197 3736 brurdi
220 3681 284 3735 stat
271 3674 373 3749 t,uitur
398 3695 462 3738 eum
486 3677 582 3739 virtus
606 3698 748 3740 emanans
771 3676 972 3740 immateriata
996 3674 1037 3737 sit
1060 3692 1171 3755 suaque
1195 3678 1304 3735 natura
1326 3670 1427 3733 infini-

108 3778 130 3823 ιι
148 3762 315 3824 celeritatis
338 3784 405 3826 esse
429 3773 551 3844 posset,
584 3767 609 3829 si
632 3767 778 3848 possibile
803 3773 903 3842 esset,
927 3772 1040 3828 motum
1062 3762 1121 3844 ipsi
1145 3761 1281 3824 alicunde
1305 3759 1428 3834 inferri;

108 3866 146 3913 uc
167 3853 248 3914 enim
278 3872 332 3913 nec
364 3855 514 3935 pondere,
549 3876 605 3937 quo
630 3864 730 3933 caret,
762 3876 816 3918 uec
848 3855 984 3936 corporei
1016 3851 1107 3914 medii
1131 3870 1255 3914 occursu
1288 3807 1429 3930 impediri

108 3944 207 4015 esset):
233 3960 272 4002 ex
296 3960 330 4003 eo
360 3942 462 4025 itaque
485 3952 580 4026 patet,
603 3947 742 4027 planetas
765 3946 914 4008 inhabiles
938 3964 1016 4019 esse,
1040 3948 1074 4003 ut
1095 3947 1297 4022 assequantur
1319 3936 1429 4001 celeri-

108 4036 168 4093 vem
198 4031 334 4093 metricis
363 4033 458 4094 virtut
458 4033 494 4096 is
541 4035 691 4100 Saturnus
723 4034 802 4097 enim
830 4033 991 4097 inhabilior
1019 4038 1068 4093 est
1090 4049 1178 4112 quam
1200 4028 1335 4110 Jupiter,
1359 4026 1429 4110 quia

108 4120 190 4183 udus
206 4121 395 4197 restituitur,
419 4142 485 4185 cum
502 4124 583 4187 orbis
606 4124 728 4188 virtutis
750 4124 829 4206 apud
844 4123 967 4189 Saturni
991 4123 1049 4184 iter
1063 4138 1157 4203 aeque
1173 4116 1311 4181 celeriter
1334 4115 1429 4181 resti-

109 4216 176 4271 uun
204 4229 241 4271 ac
274 4211 354 4273 orbis
381 4212 507 4275 virtutis
539 4216 619 4294 apud
651 4214 709 4276 iter
740 4214 845 4288 Jovis,
878 4222 909 4276 et
941 4212 985 4274 sic
1018 4215 1235 4291 consequenter
1267 4225 1360 4289 usque
1389 4206 1430 4269 od

109 4296 270 4374 lurconum,
304 4300 354 4380 qui
385 4303 490 4403 procul
514 4303 603 4366 dubio
637 4304 676 4365 ad
700 4304 867 4384 exemplum
896 4301 1080 4383 superiorum
1104 4299 1195 4360 etiam
1224 4295 1290 4378 ipse
1313 4294 1429 4359 tardior

109 4384 270 4464 ritvirtute,
295 4409 370 4469 quae
390 4390 488 4470 ipsum
504 4392 596 4455 vehit.
629 4393 762 4455 Necesse
782 4400 830 4455 est
851 4391 952 4473 igitur,
976 4398 1010 4452 ut
1022 4387 1259 4471 planetariorum
1271 4383 1428 4467 globorum

109 4484 183 4539 eura
198 4477 241 4541 sit
263 4478 435 4555 materiata,
460 4500 497 4542 ex
520 4482 703 4544 adhaerente
717 4482 903 4563 proprietate
926 4477 994 4541 inde
1014 4496 1146 4540 aterum
1166 4474 1313 4578 principio
1331 4493 1426 4556 prona
1481 4490 1487 4508 ·

109 4564 268 4649 lquietem
297 4586 350 4630 seu
383 4568 423 4630 ad
453 4568 652 4651 privationem
680 4579 788 4634 motus.
836 4569 970 4643 Quarum
1000 4587 1100 4631 rerum
1136 4562 1327 4628 contentione
1359 4583 1428 4626 cum

109 4664 216 4720 utatur
243 4674 361 4738 pugna,
387 4667 511 4740 superat
532 4659 623 4740 igitur
644 4661 713 4741 plus
736 4659 788 4721 ille
809 4661 949 4741 planeta,
973 4657 1023 4741 qui
1045 4656 1076 4720 in
1098 4655 1209 4717 virtute
1231 4651 1425 4719 imbecilliore

109 4745 217 4811 ueistit
240 4765 335 4827 eaque
358 4748 475 4812 tardius
498 4756 651 4826 movetur;
682 4749 780 4812 minus
802 4748 866 4825 ille,
889 4748 939 4831 qui
962 4745 1027 4811 Soli
1049 4743 1181 4829 propior

160 4838 262 4900 Docet
282 4834 355 4929 hino
376 4838 518 4921 analogia
540 4845 693 4919 statuere,
726 4838 862 4904 omuibus
892 4836 1042 4923 planetis,
1073 4831 1133 4919 ipsi
1161 4831 1254 4898 etiam
1275 4827 1426 4895 Mercurio

149 4942 382 4996 medopam
1181 4937 1215 4994 20
