3278 5550
139 283 205 359 226
621 284 661 341 De
680 285 789 339 Motibus
809 284 904 340 Stellas
921 284 1009 339 uam·

223 469 279 538 Ptr-
300 464 342 520 ⁰³·
431 465 538 549 Igitur
559 463 596 529 in
622 461 709 528 ΟΕΑ
730 462 911 546 roetoopulo
937 461 1002 547 (ool
1027 463 1286 531 cassaneto:
1318 467 1467 551 detonet

429 557 512 620 enim
535 552 659 621 nuttios
690 562 736 616 eat
763 555 912 619 momenti
938 558 974 619 in
1004 558 1063 620 hoe
1090 549 1233 639 negotio)
1258 577 1300 621 ero
1322 556 1467 628 latendi

427 654 457 709 et
481 643 601 727 mnprelo
618 643 704 707 EAG
728 644 893 724 inquisivit
914 644 1143 727 longitudinem
1156 644 1224 721 EA,
1249 646 1467 713 donnana

428 734 566 818 ecliptiei
581 754 603 796 o
615 733 708 797 nodo.
747 733 832 793 Haec
852 736 989 814 operatio
1009 721 1083 796 nihil
1106 742 1223 814 peccat,
1249 736 1322 815 quia
1335 735 1389 799 EO
1402 756 1467 817 parri

430 831 479 886 est
502 832 536 885 et
557 822 726 903 propinqua
742 822 832 884 nodo.
870 823 1144 887 Demonstrationis
1163 842 1235 886 vero
1255 825 1390 904 ἀκριβιια
1411 845 1467 890 corr

429 913 556 976 mandat
579 912 682 974 aliam.
719 912 856 974 Dictum
879 915 963 975 onim
985 920 1030 975 eat
1052 934 1122 996 cop.
1143 914 1212 987 IX,
1235 914 1391 997 onpalura
1410 914 1467 979 ΕΑ(

430 1022 492 1066 non
515 1022 582 1065 esee
599 1007 807 1064 constantem:
831 1002 916 1064 aede
933 1003 1153 1085 perdicerent
1175 1003 1377 1068 dioecesam
1398 1025 1467 1088 oppa

322 1126 324 1130 >
430 1093 584 1156 sitientem
605 1090 794 1154 intestines
816 1089 942 1154 dinosa
965 1093 1061 1155 etiam
1077 1090 1149 1156 locu
1169 1113 1230 1174 pro
1248 1096 1334 1158 nodo
1358 1095 1467 1159 aestu

304 1206 320 1275 'r
432 1181 544 1263 Nepae
567 1181 650 1243 enirn
671 1176 756 1240 EAG
780 1188 846 1243 tom
869 1189 914 1244 eat
937 1201 1079 1263 megarae,
1103 1202 1198 1264 qaum
1219 1203 1339 1265 magras
1361 1182 1467 1247 latet

281 1281 287 1290 '
433 1272 578 1334 monimo
599 1271 677 1343 υἰεα,
711 1271 788 1351 quta
815 1267 872 1333 AC
905 1271 1044 1351 injiceres
1066 1281 1111 1335 eet
1133 1291 1247 1336 orcam
1276 1270 1375 1354 nopae
1400 1273 1467 1353 oter

157 1404 179 1417 ..
234 1422 247 1453 n
369 1355 376 1364 ’
432 1358 502 1432 Ac,
523 1360 580 1422 aed
594 1359 729 1422 interior
751 1356 862 1439 aliquo
882 1357 976 1442 (pato
990 1353 1064 1436 AF)
1078 1362 1132 1424 oia
1145 1367 1191 1422 eet
1208 1360 1368 1443 planetae,
1390 1359 1467 1445 quat

434 1469 475 1512 eor
490 1456 596 1512 centro
611 1447 699 1510 Solio
720 1447 896 1511 vinomo:
920 1470 1019 1531 msere
1033 1470 1131 1532 neque
1152 1453 1333 1515 neceaaorio
1348 1451 1377 1513 A
1393 1451 1467 1515 nor·

435 1540 505 1615 etit,
529 1539 565 1602 irc
586 1539 647 1601 hac
669 1537 797 1620 quidem
818 1541 1009 1621 operatione.
1096 1586 1099 1591 -

439 1666 441 1670 .
523 1626 624 1689 Aliter
655 1626 747 1706 igitur
779 1646 846 1706 ego
880 1629 975 1689 nodos
1007 1628 1208 1709 investigavi,
1240 1629 1332 1710 idque
1355 1647 1392 1689 ex
1416 1624 1467 1708 ἱρή

436 1715 695 1778 observationibus
719 1717 757 1776 ad
782 1716 860 1777 diem
884 1736 940 1798 quo
964 1717 1089 1780 innodo
1114 1726 1227 1780 esseut.
1265 1717 1354 1789 Quae
1376 1716 1467 1785 metha

436 1807 502 1880 dus,
526 1805 584 1868 atsi
603 1806 667 1885 jam
690 1805 868 1884 quibusdam
890 1807 1117 1888 praeconceptis
1145 1807 1262 1887 indiget
1287 1814 1319 1869 et
1340 1806 1412 1868 infra
1430 1826 1467 1875 a..

437 1895 569 1958 curatius
592 1894 773 1957 tractabitur
796 1904 882 1974 parte
907 1897 1026 1975 quinta,
1056 1905 1156 1959 tamen
1182 1897 1292 1960 veleb
1316 1914 1467 1963 censam

437 1984 533 2046 solum
556 1983 754 2064 praelibanda
777 1993 833 2048 est
881 1986 1166 2068 Praesupponebam
1195 1994 1403 2061 autemeam
1432 1990 1467 2069 η’

438 2081 511 2135 ueta
529 2093 599 2134 vere
623 2080 763 2154 motuque
788 2075 955 2136 ecccntrico
975 2077 1066 2137 estin
1081 2076 1168 2150 uodo,
1193 2076 1278 2137 nulla
1299 2074 1467 2155 dispositi

438 2164 549 2225 Terrae
579 2162 628 2224 vel
658 2160 739 2225 Solis
770 2164 833 2225 fieri
865 2183 974 2244 posse,
1005 2173 1039 2227 ut
1075 2174 1222 2246 appareat
1252 2172 1343 2227 extra
1377 2183 1467 2229 no*

144 2257 224 2322 Nam
247 2255 276 2318 in
301 2254 460 2337 hypothesi
484 2251 740 2333 Ceperuicana
771 2254 828 2313 hoo
855 2272 965 2333 perse
998 2264 1124 2316 naturae
1158 2274 1256 2316 rerum
1287 2262 1337 2317 est
1368 2272 1467 2316 cor

146 2355 278 2420 uncum,
301 2352 336 2406 ut
358 2344 467 2406 matrix
492 2343 621 2404 facultas
644 2342 752 2403 stellae
777 2342 904 2420 alicujus
927 2345 1044 2405 nonsit
1067 2345 1194 2422 alligata
1217 2344 1257 2405 ad
1277 2343 1467 2406 absona

145 2436 268 2499 stellam
290 2433 420 2498 alienam
445 2432 490 2506 (in
514 2451 638 2513 quarum
661 2450 784 2493 numero
809 2432 912 2492 Tellus
941 2437 1002 2506 est)
1027 2434 1081 2495 sed
1113 2433 1255 2495 circuitus
1280 2433 1327 2495 sui
1358 2451 1467 2513 pr<

143 2516 257 2588 habeat
279 2523 375 2604 leges.
422 2522 456 2584 la
479 2520 640 2603 hypothesi
663 2520 895 2582 Ptolemaiou
917 2521 974 2584 hec
998 2531 1082 2585 esset
1108 2521 1233 2604 perinde
1257 2521 1344 2585 acsi
1369 2521 1467 2584 ai«

144 2613 310 2698 epieyclum
341 2632 400 2675 non
431 2613 581 2692 respicere
605 2610 644 2672 ad
674 2610 784 2672 lineam
811 2630 849 2672 ex
871 2608 941 2672 Sole
965 2631 1018 2693 per
1042 2621 1177 2674 centrum
1205 2632 1290 2674 suum
1313 2611 1467 2673 venies

144 2706 199 2768 sed
222 2704 261 2766 ad
285 2711 370 2767 certa
393 2703 459 2764 loca
482 2702 536 2762 suh
560 2699 642 2771 fixis,
667 2701 721 2761 sub
746 2699 852 2779 quibus
882 2701 1036 2779 planetam
1060 2703 1089 2763 iu
1111 2703 1203 2781 plano
1237 2701 1441 2781 ecliptieae

144 2794 262 2857 stituat.
309 2795 344 2855 Iu
368 2790 580 2874 Tychonica
603 2789 708 2852 eadem
733 2791 769 2851 de
793 2790 960 2852 ecccntrico
984 2793 1129 2854 dicentur.

233 2880 322 2953 Quod
345 2880 437 2962 igitur
458 2879 686 2962 praesupposui‚
709 2879 741 2940 id
763 2897 865 2942 verum
888 2879 988 2942 inveni
1010 2900 1065 2960 per
1086 2882 1143 2942 has
1167 2879 1428 2942 observationes.

233 2972 257 3033 1.
298 2972 386 3032 Auno
406 2966 491 3033 1590
515 2970 543 3030 d.
568 2964 598 3030 4.
615 2967 720 3028 Martii
742 2969 817 3030 hora
839 2988 925 3048 vesp.
951 2968 981 3032 7.
1009 2968 1060 3034 10‘
1084 2971 1140 3032 luit
1163 2969 1327 3032 declinatio
1351 2975 1375 3041 ο·
1396 2954 1457 3037 θ’

145 3068 244 3140 sept,
279 3059 416 3121 ascensio
446 3066 532 3119 recta
558 3055 620 3119 22⁰
642 3053 695 3119 35’
723 3054 795 3120 10”.
841 3059 920 3119 Hinc
951 3059 1053 3138 prodit
1084 3061 1167 3122 locus
1196 3055 1257 3120 24⁰
1285 3047 1440 3120 22156¹¹

146 3150 275 3212 latitudo
300 3148 466 3210 meridiana
490 3144 521 3209 3‘
549 3144 628 3209 12⁰:
653 3145 804 3226 parallasi
827 3154 859 3208 et
881 3149 1061 3211 refractione
1086 3148 1240 3211 contraria
1265 3155 1296 3208 et
1319 3143 1467 3228 pariapfl

145 3239 225 3302 xime
250 3236 430 3300 iacientibus
453 3237 579 3317 ideoque
603 3236 758 3315 neglectis.
1445 3296 1467 3325 a

39 3381 43 3389 .
235 3328 276 3390 Π.
314 3326 403 3389 Auno
422 3322 506 3390 1592
527 3327 556 3388 d.
577 3323 629 3388 23.
644 3324 713 3387 Jan.
730 3326 847 3405 vesperi
862 3326 937 3389 hora
955 3325 1003 3391 10.
1018 3325 1069 3390 15‘
1089 3325 1145 3387 fuit
1160 3334 1185 3396 (ς
1199 3325 1228 3387 iu
1247 3314 1467 3407 11⁰3i‘30⁴“‘}

146 3418 275 3480 latitudo
298 3411 338 3480 0⁰
359 3414 392 3478 2‘
424 3417 539 3489 merid.‚
575 3414 703 3477 altitudo
728 3422 753 3485 d
777 3411 851 3490 25⁰,
886 3436 957 3497 erge
992 3415 1133 3478 retractio
1167 3416 1220 3487 (ex
1243 3415 1368 3477 fixarum
1387 3410 1467 3477 at!

145 3506 310 3590 Tychouis)
335 3506 436 3567 nulla:
461 3505 627 3587 parallaxis
652 3513 766 3584 quauta
788 3505 922 3585 proxime
943 3504 1033 3581 Solis,
1059 3505 1128 3586 quia
1152 3504 1268 3566 distant
1290 3503 1389 3566 sextili
1407 3502 1467 3575 6!

142 3594 187 3675 ,Θ
214 3604 245 3658 et
267 3596 360 3676 igitur
383 3616 401 3655 a
425 3597 519 3657 Terra
551 3593 718 3674 aequaliter
742 3595 803 3656 iere
834 3592 959 3669 absunt,
994 3594 1075 3656 cedit
1107 3603 1208 3655 autem
1237 3613 1314 3674 pene
1345 3568 1467 3655 amnui

145 3687 250 3748 latum.
297 3686 378 3763 Ergo
403 3685 523 3747 circiter
545 3681 577 3745 2¹
601 3683 785 3745 attollendus
810 3691 858 3744 est
881 3691 906 3754 d
929 3683 959 3744 in
984 3683 1227 3765 septentrionem,
1253 3692 1287 3744 ut
1310 3682 1467 3745 liberetur-¹

146 3774 305 3856 parallaxi‚
340 3775 442 3853 sicque
471 3773 584 3836 incidet
606 3772 637 3834 in
667 3772 849 3853 eclipticam.
896 3774 975 3835 Nam
999 3770 1030 3837 6.
1054 3773 1141 3835 Febr.
1171 3774 1235 3853 jam
1267 3771 1387 3834 circiter
1407 3756 1467 3837 'i'l

145 3865 260 3929 boreali
283 3863 442 3928 latitudine
467 3865 558 3926 fuere.
1416 3910 1420 3917 .

234 3954 290 4017 III.
330 3953 419 4016 Anno
442 3950 526 4017 1593
550 3953 578 4016 d.
597 3948 646 4015 10.
663 3952 737 4014 Dec.
762 3950 880 4029 vesperi
900 3958 925 4020 d
949 3950 1005 4011 tuit
1028 3950 1058 4012 in
1081 3949 1159 4011 nodo
1181 3949 1368 4012 ascendente
1389 3854 1467 4105 αἱ

146 4050 246 4107 vatus.
293 4043 373 4107 Nam
406 4051 478 4122 post
510 4041 724 4104 correctionem
763 4040 961 4102 variatiouum
993 4038 1221 4102 horizontalium
1258 4039 1412 4103 retinebat
1463 4110 1467 4115 ,

144 4135 214 4216 plus
239 4128 277 4195 0⁰
300 4130 331 4196 0⁴
356 4128 422 4196 45”
444 4131 576 4194 borealis
599 4130 777 4192 latitudiuis.

235 4222 291 4285 IV.
329 4221 419 4284 Anao
442 4218 525 4285 1595
550 4222 580 4283 (1.
601 4217 654 4282 27.
671 4217 741 4281 Oct.
765 4216 935 4282 u.12.20⁴
959 4218 1089 4280 latitudo
1112 4224 1138 4288 d
1160 4218 1234 4279 vera
1255 4224 1329 4298 post
1351 4220 1467 4299 κως

147 4312 316 4391 parallaxin
349 4311 407 4372 ruit
438 4307 476 4374 0⁰
499 4308 531 4372 2¹
555 4308 620 4374 20“
648 4309 753 4371 merid.
800 4309 857 4371 Die
890 4305 941 4370 28.
975 4308 1079 4371 itidem
1111 4315 1228 4369 remota
1257 4304 1467 4388 parallaxifl

148 4400 276 4462 latitudo
300 4395 339 4462 0⁰
354 4399 386 4463 0¹
406 4397 470 4463 251‘
494 4407 571 4480 sept.
607 4398 787 4460 Intermedio
812 4416 882 4477 ergo
905 4391 1081 4476 tempore&
1105 4398 1134 4458 iu
1157 4396 1233 4457 uodo
1257 4395 1407 4458 evehente
1427 4384 1467 4475 fl

235 4488 368 4552 Numera
393 4490 458 4569 jam
486 4489 550 4551 dies
579 4484 642 4551 687
671 4487 867 4549 revolutionis
893 4494 919 4557 d
942 4487 1127 4549 eccentricae
1154 4507 1173 4548 a
1199 4485 1326 4549 meridie
1348 4482 1467 4565 28„OE

147 4585 237 4653 retro,
263 4578 376 4640 incidet
398 4580 542 4642 terminus
570 4579 688 4640 illorum
711 4577 741 4639 in
767 4576 817 4642 10.
833 4578 907 4640 Dee.
933 4595 1010 4638 anuo
1034 4573 1087 4647 93,
1111 4595 1178 4639 cum
1200 4583 1287 4638 nocte
1301 4578 1467 4656 praeced:

206 4840 211 4845 .
235 4772 264 4849 ⁴¹)
284 4777 391 4834 Sufficit
411 4777 468 4834 ista
495 4794 591 4833 crassa
617 4775 821 4850 argumentatio
846 4776 987 4848 praesenti
1013 4774 1149 4857 instituto.
1189 4777 1266 4834 Infra
1288 4792 1353 4851 ap,
1373 4762 1467 4855 mii

146 4858 257 4920 LXVII.
278 4858 440 4934 diligentius
461 4859 585 4916 amnibus
603 4858 744 4931 expensis,
765 4857 905 4915 invenitur
923 4858 952 4915 iu
971 4858 1044 4915 noda
1064 4857 1151 4914 mure
1170 4857 1215 4915 die
1232 4858 1283 4918 99.
1303 4858 1380 4919 hara
1398 4860 1460 4923 ιι·
