3278 5550
145 289 212 361 alo
483 304 489 319 ι
630 290 671 345 n·
689 290 798 345 usuum
816 292 911 347 sous·
928 290 1020 345 unu.

236 470 323 543 Quae
354 470 447 551 igitur
473 490 512 533 err
533 470 623 551 hujus
656 473 765 553 capitis
796 473 1055 535 obseruationibus
1087 491 1183 554 exque
1208 466 1342 537 'inventis
1366 494 1410 555 per
1428 496 1464 539 ear

146 561 302 625 distantiis
325 560 356 623 in
379 562 645 624 conformationem
668 562 785 624 itineris
806 562 966 641 planetarii
985 562 1164 637 redundant,
1183 581 1406 644 quorumcsusa
1416 565 1466 627 illu

144 650 339 731 produximus
367 651 423 713 hoc
446 651 565 732 capite,
590 671 626 712 ea
649 652 820 713 differemus
843 651 872 711 in
897 664 988 731 caput
1009 652 1076 713 LV.
1101 670 1262 731 exponere.
1308 654 1393 716 Prius
1411 655 1468 717 enin

144 740 281 821 sequenti
312 759 377 822 cap.
416 741 486 803 LII.
525 759 562 801 ex
598 740 646 803 his
677 741 760 802 aliud
792 740 903 820 aliquid
936 742 1220 816 demonstrandum,
1256 750 1289 803 et
1320 762 1383 823 cap.
1407 742 1467 807 llll

142 830 245 911 plures
274 830 372 894 adhuc
395 830 623 893 observationes
647 829 677 892 in
701 830 905 893 testimonium
928 830 1123 892 adducendae
1146 839 1227 893 sunt.

705 1238 824 1339 Caput
859 1238 938 1315 LII.

142 1398 384 1464 Demouatrotr'o
405 1420 464 1481 per
479 1401 706 1463 oosmuttones
729 1398 845 1483 cupitis
860 1400 921 1473 LI,
945 1402 1149 1463 occentu-icum
1165 1400 1318 1485 planetae
1330 1420 1394 1465 noa
1409 1400 1471 1465 cim

143 1497 283 1554 centrum
305 1490 438 1574 epicycli
454 1488 551 1559 Solis,
574 1510 629 1552 seu
644 1496 799 1571 peractum
816 1490 915 1551 medii
927 1488 990 1552 loci
1005 1488 1102 1564 Solis,
1125 1490 1183 1552 secl
1198 1490 1287 1553 circa
1303 1490 1471 1571 ipsissima

143 1598 260 1661 corpas
283 1576 373 1643 Solia
395 1580 562 1643 ordinari:
591 1586 620 1639 et
643 1578 760 1641 lineum
789 1579 938 1661 apsidum
968 1600 1030 1642 uon
1056 1600 1118 1663 per
1144 1578 1245 1652 illud,
1276 1580 1336 1642 aed
1359 1598 1416 1663 per
1434 1578 1470 1641 lc

748 1670 898 1731 trorzoire.

230 1810 406 1892 Opportune
441 1810 569 1883 accidit,
603 1818 635 1871 ut
668 1807 831 1869 distantiae
864 1829 930 1888 cap.
954 1809 1005 1871 Ll.
1038 1808 1177 1871 inventae
1205 1828 1261 1870 nos
1286 1809 1380 1869 etiam
1401 1808 1471 1869 doct

143 1901 299 1976 edoceant,
323 1902 402 1981 quod
425 1919 490 1981 cap.
516 1900 571 1962 Vl.
596 1898 714 1961 XXVI.
739 1907 771 1959 et
792 1898 942 1961 XXXlll.
968 1899 1146 1977 promissum
1170 1896 1299 1960 consilio
1324 1898 1382 1960 huc
1403 1912 1471 1977 usq!

142 1990 257 2054 distuli.
303 1991 383 2053 llam
416 1991 442 2052 si
471 1999 551 2052 recte
584 2008 640 2068 ego
670 1987 868 2049 ecceutricurn
892 1989 1002 2049 Martis
1036 2006 1125 2067 super
1156 1987 1255 2067 ipsum
1288 2006 1397 2067 corpus
1413 1984 1473 2049 Solis

143 2078 292 2154 exstruxi,
327 2098 452 2142 necesse
480 2088 542 2153 est,
575 2096 644 2139 vere
679 2076 768 2137 etiam
799 2078 954 2156 planetam
986 2077 1190 2156 inpartibus,
1225 2096 1303 2157 quae
1326 2072 1481 2145 suntote·

141 2165 203 2233 29⁰
226 2174 270 2245 ll,
302 2168 477 2248 longissime
501 2190 520 2229 a
543 2168 615 2231 Sole
639 2166 761 2227 abesse:
791 2184 963 2246 quaerero
988 2166 1017 2227 in
1045 2176 1170 2247 utroque
1200 2166 1389 2227 semicirculo
1417 2164 1472 2225 lun

142 2254 203 2321 29⁰
226 2262 250 2335 52
274 2258 452 2339 aequalibus
469 2264 633 2339 sequuntur
649 2255 828 2329 intervallis,
853 2255 1019 2335 aequaliter
1035 2256 1143 2317 abesse
1160 2276 1178 2315 a
1193 2255 1277 2328 Sole,
1302 2252 1472 2337 inaequalitfl

143 2366 162 2409 a
193 2355 303 2428 puncto
327 2346 410 2410 Solis
443 2348 575 2422 vicario,
609 2344 687 2425 quod
711 2344 831 2405 Bralreo
870 2351 918 2405 est
950 2356 1083 2406 centrum
1115 2344 1242 2426 eplcycli
1265 2344 1369 2420 Solis;
1479 2372 1481 2379 ·

143 2435 275 2512 scilicet,
300 2456 376 2518 quae
405 2437 434 2498 in
469 2434 657 2499 semicirculo
690 2432 901 2495 descendente.
966 2434 1033 2505 Quo
1066 2435 1190 2496 obtento
1230 2356 1481 2691 sequetur3

141 2534 246 2607 partes
274 2526 355 2587 circa
379 2522 439 2589 24⁰
463 2531 487 2603 il
511 2547 569 2588 non
593 2524 702 2585 abesse
726 2522 901 2601 longissime
934 2541 1028 2604 neque
1057 2543 1076 2582 a
1104 2541 1229 2603 corpore
1254 2522 1340 2585 Solis
1362 2536 1454 2603 nequo:

141 2625 244 2677 centro
267 2614 369 2678 mundi
394 2615 612 2695 Copernicano,
637 2613 716 2693 quod
740 2622 787 2673 est
810 2612 930 2673 Braheo
954 2623 1088 2674 centrum
1112 2612 1240 2693 epicycli
1254 2610 1339 2675 Solis
1362 2610 1393 2673 id
1478 2636 1481 2645 ·

141 2712 277 2767 centrum
299 2705 451 2767 allisionis
475 2702 651 2787 systematis
674 2700 846 2782 planetarii,
871 2710 902 2762 et
923 2712 1026 2780 partes
1050 2722 1069 2762 a
1091 2697 1193 2777 wo
1217 2690 1481 2784 inutroquosttssf

142 2794 254 2857 circulo
287 2794 406 2876 aequali
439 2814 510 2857 arcu
538 2791 731 2857 discedentes
763 2790 878 2851 distare
909 2801 940 2851 et
971 2789 1084 2851 aSole
1109 2797 1140 2851 et
1162 2791 1200 2852 ab
1223 2790 1290 2870 ejus
1312 2796 1419 2873 puncto
1435 2780 1474 2851 lib

144 2883 259 2946 vicario
282 2883 492 2965 inaequaliter.
531 2883 712 2965 Exponatur
731 2880 808 2940 enim
828 2889 962 2941 centrum
980 2880 1062 2941 Solis
1075 2882 1116 2952 A,
1140 2878 1221 2942 linea
1235 2880 1377 2961 apsidum
1389 2868 1476 2957 Μή

628 2968 696 3042 AC,
721 2970 928 3029 eccentricitas
951 2966 1019 3041 AC,
1045 2977 1075 3031 et
1098 2969 1154 3031 ΕΙ)
1179 2970 1377 3041 eccentricus,
1396 2970 1477 3029 mum

312 3043 366 3111 ¹¹⁴⁵ss-
391 3040 451 3092 tot.
632 3058 677 3132 03
713 3058 810 3136 sitque
839 3060 863 3119 l*
894 3071 1035 3137 puuctum
1075 3077 1167 3139 supra
1195 3056 1254 3121 AC
1295 3054 1476 3139 aequatori!

631 3158 783 3225 punctum,
809 3146 835 3207 G
861 3148 1028 3225 aplrelium,
1053 3144 1150 3217 GFE,
1175 3145 1261 3209 Gon
1284 3145 1477 3229 aequalem

633 3246 848 3297 connectantur·
870 3235 936 3309 EA,
960 3238 1030 3305 DA.
1054 3253 1131 3319 quae
1161 3244 1250 3299 erunt
1278 3236 1431 3317 aequales,
1452 3234 1478 3293 Ι

628 3325 693 3404 jam
717 3336 765 3387 est
794 3326 1040 3388 demonstratum.
1085 3326 1233 3409 Ejiciatur
1265 3334 1368 3389 sutem
1392 3318 1477 3407 pul

632 3414 712 3475 linea
735 3414 791 3475 AB
815 3414 846 3474 in
869 3419 920 3491 AB
953 3423 985 3476 et
1006 3416 1045 3477 ab
1067 3416 1098 3479 A
1126 3434 1234 3477 versus
1255 3420 1291 3493 ,ὅ
1320 3410 1478 3477 extentat·

585 3488 605 3531 Β
631 3504 703 3577 AB,
736 3505 904 3582 quantitate
931 3500 1031 3579 1800,
1064 3501 1194 3585 qualium
1217 3504 1277 3568 Ac
1307 3500 1413 3569 lello
1435 3496 1477 3563 trit

472 3613 481 3624 „
504 3589 505 3592 ’
630 3610 697 3670 cap.
720 3592 827 3667 XLll,
851 3599 883 3655 et
905 3592 978 3667 AB,
1000 3594 1060 3657 AD
1087 3588 1234 3669 sellom
1262 3599 1294 3655 et
1316 3586 1476 3655 centmnl

630 3680 674 3743 sit
690 3682 772 3743 orbis
788 3682 908 3745 Terrae.
941 3678 1022 3753 Quia
1040 3700 1111 3763 ergo
1127 3682 1183 3745 AB
1197 3682 1297 3763 uergit
1311 3681 1344 3743 in
1358 3674 1476 3765 5¹12'0.

596 3834 599 3839 ,
630 3768 688 3831 AB
712 3770 742 3830 in
767 3766 871 3848 15¹1st
891 3781 942 3849 11ῑ,
972 3772 1100 3851 angulus
1131 3770 1222 3851 igitur
1242 3770 1329 3834 ΕΔΒ
1360 3778 1408 3833 est
1431 3770 1476 3833 cir·

631 3858 706 3920 citer
719 3854 781 3923 50ο
802 3868 835 3921 et
854 3868 969 3936 acutus,
991 3862 1079 3923 EBA
1100 3860 1244 3935 obtusus;
1268 3876 1361 3941 quare
1382 3860 1477 3941 longia

628 3948 687 4011 EA
707 3968 793 4027 quam
809 3950 873 4011 ΕΒ.
897 3950 1016 4012 Pariter·
1029 3968 1096 4013 curu
1109 3951 1167 4011 BA
1184 3958 1293 4031 vergat
1310 3950 1341 4011 iu
1359 3944 1476 4029 5¹1,ss

627 4038 682 4101 sed
711 4038 768 4100 AD
801 4038 831 4099 iu
865 4032 1030 4121 12¹l2011,
1061 4058 1132 4119 ergo
1155 4038 1242 4102 BAD
1273 4049 1323 4101 est
1356 4036 1477 4113 lette

146 4124 234 4193 ABD
257 4130 364 4187 acutus
388 4123 567 4202 admodum
591 4144 682 4209 quare
706 4126 824 4190 brevior
846 4128 921 4203 AD,
947 4132 994 4191 rel
1018 4130 1045 4191 ei
1068 4128 1203 4207 aequalis
1226 4128 1295 4204 ΑΕ,
1320 4149 1407 4210 quam
1425 4126 1475 4191 llll.

148 4215 244 4279 Multo
267 4214 359 4294 igitur
380 4213 500 4277 brevior·
516 4216 569 4277 ul}
593 4236 682 4299 quam
698 4218 752 4277 BD
763 4234 772 4289 ;
796 4216 884 4297 idque
907 4217 996 4296 plane
1020 4216 1213 4281 sensibiliter.
1251 4218 1333 4282 Nam
1351 4220 1400 4301 qui
1419 4234 1475 4299 pos·

149 4322 251 4365 sumus
284 4312 473 4364 contemnere
495 4304 554 4367 AB
579 4302 664 4369 1800
696 4316 728 4365 et
751 4325 786 4366 eo
811 4306 956 4385 amplius,
984 4326 1050 4369 curn
1083 4326 1119 4369 ne
1142 4304 1208 4369 200
1239 4308 1360 4389 quidem
1387 4301 1480 4370 error'o

150 4391 377 4455 observationes
400 4393 530 4455 tolerare
552 4392 694 4474 possint?
718 4392 819 4465 Quare
842 4406 945 4473 partes
969 4397 1100 4459 ecceutri
1123 4396 1378 4461 semicirculorum
1399 4412 1480 4477 oppo-

149 4480 275 4543 sitorum
307 4480 472 4563 aequaliter
499 4502 518 4544 a
545 4480 576 4545 G
603 4482 768 4558 distantes,
802 4496 877 4563 puta
905 4484 946 4558 E,
970 4486 1015 4563 D,
1047 4486 1174 4548 anullo
1202 4494 1379 4565 punctorum
1407 4492 1481 4547 extr·

149 4576 285 4632 centrum
308 4570 472 4650 aequaliter
499 4570 626 4649 absunt,
654 4580 866 4654 praeterquam
889 4593 908 4633 a
930 4574 1049 4655 punctis
1072 4575 1103 4637 in
1126 4575 1207 4637 linea
1230 4574 1286 4639 CA
1307 4593 1364 4657 per
1388 4584 1480 4653 corpu

150 4657 234 4723 Solis
257 4666 442 4721 transeunte.

157 4764 160 4769 ·
239 4746 300 4811 Sed
323 4748 451 4830 inquies,
474 4748 618 4813 connexis
639 4750 676 4827 B,
701 4746 742 4824 C,
766 4758 798 4812 et
819 4749 900 4813 linea
923 4752 1116 4829 continuata,
1146 4754 1181 4817 lit
1206 4772 1287 4816 nova
1309 4754 1406 4837 apsis,
1428 4762 1474 4831 ql*

150 4833 232 4899 linea
255 4845 341 4901 secat
361 4837 518 4903 circulum:
543 4846 633 4922 atque
654 4839 701 4903 illi
722 4840 822 4923 apsidi
849 4852 991 4923 punctum
1013 4844 1042 4907 D
1063 4843 1187 4925 propius
1210 4852 1260 4908 est
1281 4842 1421 4927 quma:
1436 4828 1479 4921 nil¹
