3278 5550
379 305 411 358 de
427 304 617 358 &menaeus
634 305 666 355 de
683 308 752 355 motu
770 303 860 355 ειεΙΙεε
877 302 975 355 mares.
1221 319 1227 325 ·
1287 298 1350 369 129

119 502 154 546 ne
175 484 238 547 duo
254 485 383 560 efficere,
410 483 587 546 abbreviare
612 482 774 546 distantias
790 489 822 544 et
839 490 957 562 partem
980 478 1170 562 aequatiouis
1193 479 1350 563 physicam

119 594 130 635 ι
154 583 188 636 ει
212 577 275 647 (ιιιε
298 575 391 638 Atlas
401 574 426 649 l)
449 574 538 634 valde
563 572 652 634 miror
667 572 916 646 convenientiam,
941 570 1000 632 etsi
1023 588 1081 632 nou
1104 580 1189 652 puto,
1214 569 1353 651 aequalia

141 663 260 738 futura,
295 683 371 745 quae
396 683 433 724 ex
457 668 510 723 tua
532 662 691 744 hypothesi
723 669 833 722 exeunt
856 670 888 723 et
911 679 986 741 quae
1010 678 1049 721 ex
1071 679 1147 723 mee.
1195 656 1258 723 Cur
1279 676 1351 721 vero

119 751 199 815 lculo
222 753 336 834 aliquid
360 753 489 815 tribuam
514 751 675 831 hypothesi
699 758 784 825 tuac,
815 749 922 812 dicam.
971 746 1103 812 Constat
1125 748 1198 815 mihi
1222 766 1261 809 ex
1283 766 1352 810 mea

119 841 172 915 lsi,
198 840 251 905 CB
274 840 464 904 latitudinem
495 841 613 901 lunulae
637 840 799 902 maximam
823 839 867 900 sic
899 858 967 900 esse
991 838 1029 899 ad

121 930 183 993 Bu
203 939 252 992 εει
266 933 304 993 ad
320 931 377 992 BD
387 930 482 1003 (ΒΕ).
508 929 700 1010 Rectangula
720 934 868 1002 (amangus)
886 928 1029 1008 igiturex
1125 911 1179 976 ¹⁸³⁸·
1199 905 1242 957 ⁴⁴·

119 1118 220 1182 antus,
243 1115 373 1189 quantus
396 1108 491 1170 ΒΕΑ.
538 1109 583 1170 Αι
606 1106 690 1191 ΒΕΑ
713 1112 762 1168 εει
785 1126 871 1186 quam
895 1105 1028 1187 proxime
1120 1129 1121 1136 ι

119 1198 281 1279 aquationis
311 1197 453 1279 physica,
488 1215 559 1278 ergo
589 1204 622 1257 et
643 1194 739 1258 Bac.
786 1197 894 1258 Utrum
926 1201 1027 1256 autem
1111 1201 1112 1212 ³

119 1286 279 1362 ninddant,
299 1287 388 1349 facile
408 1295 457 1348 est
479 1286 649 1348 aestimare.
688 1285 820 1346 Primum
835 1285 860 1346 si
880 1293 912 1346 tu
930 1283 1026 1345 utaris

123 1374 219 1451 BFO,
233 1374 327 1451 Bac,
352 1383 423 1437 tuuc
441 1376 515 1436 haec
538 1393 610 1455 pars
633 1373 830 1456 aequatiqnis,
856 1392 946 1454 quam
969 1389 1027 1450 ego
1057 1436 1073 1480 Β

119 1488 132 1526 ι
148 1464 279 1546 appello,
304 1465 496 1526 exactissime
526 1464 667 1525 convenit
690 1482 757 1525 cum
780 1482 864 1538 mea,
889 1462 914 1524 si
938 1461 1024 1524 modo

135 1554 193 1619 Bc
217 1553 393 1616 restituatur
416 1573 482 1615 cum
511 1554 662 1615 anomalia
684 1552 756 1626 DE,
782 1572 840 1614 uon
864 1570 931 1614 cum
955 1550 1039 1613 GH..

119 1663 146 1706 a
167 1644 237 1723 ipsa
259 1643 388 1722 genuina
410 1651 435 1712 d
458 1661 521 1722 per
534 1642 572 1718 D,
587 1645 622 1717 F,
642 1643 672 1703 H
694 1642 783 1721 sigua
804 1643 894 1720 plane
918 1640 1024 1714 uvalis,
1060 1675 1077 1720 q
1127 1654 1131 1659 ’

119 1762 135 1807 ι,
162 1731 274 1807 evadit,
299 1752 356 1793 uon
371 1732 468 1794 minus
483 1751 571 1813 quam
591 1731 616 1795 si
638 1739 738 1794 uterer
756 1730 877 1792 circatio
897 1728 1024 1809 duplicis

119 1821 213 1897 iouis,
235 1829 270 1883 ut
291 1821 399 1901 scripsi
429 1821 520 1902 priori
549 1840 636 1882 auno.
682 1820 773 1882 Nosti
804 1819 884 1889 ¹enim
916 1818 1022 1899 aequi·

119 1928 171 1973 am
206 1911 424 1994 hypothesium.
472 1911 579 1990 ltaque
607 1910 658 1971 via
681 1917 707 1980 d
731 1908 827 1970 ovalis
856 1915 904 1969 est
931 1907 1031 1987 potius

119 2018 226 2062 nenon
241 1999 310 2072 (sed
325 1999 632 2061 demonstrationibus
656 1998 859 2071 enucleatum)
875 2015 964 2078 quam
978 1997 1166 2083 hypothesis.
1199 2001 1251 2064 ud
1266 2002 1352 2066 illam

119 2106 173 2151 am
198 2097 231 2149 ιιι
260 2088 308 2150 hic
339 2089 430 2149 affers
461 2088 651 2150 librationem
684 2088 861 2161 eccentrici‚
895 2104 951 2165 ego
981 2105 1090 2153 causes
1122 2090 1285 2172 physicas,
1321 2101 1353 2155 et

120 2177 273 2240 ircellum.
316 2177 467 2239 Laborem
500 2185 624 2258 uterque
658 2177 784 2238 eundem
817 2176 848 2237 iu
872 2181 1073 2254 computando
1106 2178 1198 2241 subit.
1243 2181 1353 2243 Ptole.

131 2284 211 2328 vero
243 2265 398 2345 discipulis
431 2277 464 2327 tu
501 2265 610 2328 minuis
651 2266 783 2329 laborem
822 2263 1006 2345 percipiendi
1043 2277 1073 2330 te
1106 2286 1162 2348 per
1199 2270 1353 2337 circellum

119 2363 158 2418 et
172 2374 231 2434 ego
246 2374 300 2436 per
315 2356 493 2426 circellum).
521 2357 566 2416 At
587 2354 635 2429 iis,
652 2354 701 2437 qui
722 2354 760 2414 ad
776 2353 919 2436 physicas
934 2372 1044 2419 causas
1060 2376 1157 2419 rerum
1177 2360 1352 2422 coelestium

119 2446 224 2518 tenti,
258 2463 314 2523 ego
342 2444 518 2518 satisfacio,
552 2463 661 2506 causas
684 2462 737 2505 seu
769 2442 938 2505 librationis
969 2450 1040 2507 tuae
1070 2465 1124 2508 seu
1153 2446 1266 2509 circelli
1293 2449 1353 2511 mei

119 2552 167 2597 ua.
212 2540 331 2602 (Schema
347 2543 373 2590 in
392 2542 559 2604 manuscripto
579 2541 656 2591 deest.
691 2536 775 2592 Secuti
794 2541 896 2605 Kepleri
914 2542 990 2592 verba
1008 2548 1034 2592 ει
1046 2543 1154 2600 Fabricii
1174 2542 1355 2594 delineationes

119 2656 134 2681 ..
150 2631 275 2688 quantum
293 2623 425 2685 potuimus,
444 2618 617 2682 restituimus.)

119 2721 233 2794 pereat
259 2711 352 2791 igitur
380 2731 452 2790 pars
485 2709 672 2791 aequationis
703 2710 831 2792 physica
860 2732 879 2772 a
906 2731 952 2773 me
984 2712 1081 2787 dicta,
1114 2731 1203 2792 quam
1236 2718 1268 2773 tu
1300 2731 1355 2791 per

119 2820 136 2864 u
164 2799 254 2865 BAC
287 2800 416 2870 metiris,
449 2818 506 2878 ego
537 2818 593 2879 per
616 2818 718 2861 aream
741 2799 893 2878 trianguli,
924 2819 1039 2862 rursum
1069 2800 1212 2882 physicas
1244 2819 1354 2863 causas

119 2909 150 2952 ε.
199 2890 374 2964 Videamus,
399 2909 436 2949 an
461 2888 553 2950 etiam
576 2889 625 2951 hic
648 2887 860 2951 coincidamus.
908 2888 980 2951 Mea
1002 2890 1094 2969 igitur'
1116 2890 1255 2972 aequatio
1278 2907 1352 2968 pro-

119 2987 182 3041 ιιιιι
211 2977 325 3040 sinibus
353 2978 520 3040 anomaliae
549 2977 679 3039 eccentri
710 2986 815 3058 estque
844 2977 925 3039 infra
954 2986 986 3039 et
1012 2998 1104 3059 supra
1127 2978 1153 3039 E
1176 2978 1353 3059 aequalibus

119 3068 166 3131 llis
191 3077 223 3128 ει
247 3068 312 3147 ipsa
335 3067 481 3147 aequalis.
517 3067 786 3148 Propertiouautur
808 3085 881 3128 vero
905 3067 997 3129 etiam
1019 3068 1077 3130 tibi
1101 3067 1276 3130 libratioues
1298 3068 1352 3130 BC

122 3154 260 3236 ejusdem
276 3157 443 3218 anomaliae
459 3158 604 3229 eccentri;
629 3157 673 3217 sic
688 3156 766 3217 enim
789 3163 870 3217 tuam
886 3157 1002 3236 corrigo
1017 3157 1208 3239 hypothesin.
1246 3157 1353 3236 ltaque

119 3264 160 3308 »er
186 3246 409 3327 proportionem
432 3245 489 3308 AB
522 3245 561 3306 ad
592 3243 647 3307 Bc
672 3252 844 3306 exstrueres
873 3245 1042 3307 anomaliae
1075 3246 1207 3308 eccentri
1237 3265 1352 3326 aequa-

119 3382 124 3409 ,
158 3353 248 3414 quam
273 3353 329 3414 ego
353 3334 419 3395 dico
441 3333 612 3417 physicam,
645 3342 718 3395 tuuc
745 3332 784 3395 ad
807 3351 936 3412 unguem
963 3333 1050 3413 paria
1078 3353 1194 3396 mecum
1226 3336 1352 3397 faceres.

145 3423 277 3485 exstruis
300 3423 453 3503 perhanc
476 3423 574 3504 ipsam
596 3421 826 3503 proportionem,
852 3423 905 3483 sed
928 3423 1011 3502 prius
1034 3442 1088 3502 per
1110 3424 1194 3486 illam
1218 3422 1355 3503 excerpis

139 3513 252 3577 Differs
276 3531 347 3593 ergo
371 3534 389 3573 a
412 3531 468 3573 me.
511 3513 591 3575 Nam
614 3532 701 3573 arcus
725 3512 858 3590 excerpti
881 3530 939 3573 nou
963 3521 1086 3574 manent
1109 3514 1138 3573 in
1162 3513 1354 3592 proportione

119 3621 156 3676 n,
191 3600 248 3662 nisi
271 3601 301 3662 in
323 3601 454 3680 planetis
478 3602 601 3676 ceteris,
635 3619 757 3680 quorum
781 3609 829 3662 est
850 3620 946 3682 parva
968 3602 1189 3663 eccentricitas.
1237 3600 1354 3672 Quodsi

119 3691 149 3752 io
164 3699 301 3752 maneret
320 3709 450 3765 arcuum,
466 3710 542 3771 quae
558 3699 606 3753 est
623 3690 821 3769 tangentium,
840 3690 998 3751 tuncnihil
1017 3691 1071 3752 tibi
1096 3697 1227 3764 noceret,
1254 3692 1353 3752 maxi-

119 3781 252 3860 rngulum
274 3780 359 3843 Bac
383 3780 501 3841 differre
533 3802 552 3841 a
582 3800 651 3841 mea
683 3779 862 3859 aequatione
884 3779 1027 3860 physica,
1060 3798 1168 3858 posses
1196 3779 1275 3840 enim
1298 3779 1353 3843 BG

119 3870 129 3932 Ι
157 3876 290 4020 muqqrg,
325 3870 402 3948 quud
436 3867 555 3948 quidem
586 3877 618 3930 et
645 3869 710 3948 jam
733 3868 831 3950 iacis,
864 3887 1013 3949 usurpans
1045 3887 1100 3950 pro
1123 3887 1190 3929 mea
1214 3864 1279 3931 420
1301 3869 1351 3929 vel

119 3976 182 4022 ram
274 4003 281 4017 .

119 4048 260 4110 ideamus
278 4065 360 4119 vero,
385 4053 498 4125 quanta
521 4045 562 4108 sit
585 4045 755 4107 differentia
778 4045 857 4106 inter
880 4065 1001 4108 arcuum
1021 4053 1053 4107 et
1070 4045 1257 4125 tangentium
1281 4064 1353 4126 pro-

119 4157 162 4201 es.
210 4137 287 4198 Esto
315 4135 447 4198 maxima
477 4134 616 4218 aequatio
638 4135 766 4216 physica
789 4129 827 4196 5⁰
849 4130 914 4208 43¹,
948 4144 981 4197 ut
1003 4143 1132 4215 tangens
1163 4133 1205 4196 sit
1234 4130 1352 4198 10000.

119 4245 192 4308 pars
215 4225 331 4286 decima
363 4226 516 4302 tangentis
542 4221 626 4287 1000
651 4224 705 4284 dat
727 4243 828 4285 arcum
853 4219 961 4304 34¹12‘,
985 4224 1101 4285 decima
1125 4242 1198 4285 vero
1220 4243 1293 4304 pars
1316 4226 1353 4286 de

140 4322 191 4377 est
214 4308 339 4396 34¹1„st
386 4315 473 4375 Bona
495 4312 730 4395 aequipollentia
762 4313 792 4374 iu
814 4313 872 4373 hac
895 4321 990 4393 parte.
1038 4314 1201 4375 Sumantur
1224 4332 1296 4375 vero
1324 4322 1355 4375 et

119 4440 133 4481 ι,
157 4422 229 4465 nam
252 4403 292 4464 ibi
308 4401 478 4464 differentia
501 4404 618 4464 videtur
641 4402 781 4464 maxima·
795 4403 903 4464 futura.
947 4403 1044 4482 Igitur
1067 4399 1154 4466 5000
1177 4402 1231 4463 dat
1253 4422 1354 4464 arcum
1385 4410 1388 4415 “

119 4495 133 4555 '.
181 4492 344 4555 Dimidium
377 4510 447 4552 vero
481 4494 518 4553 de
549 4490 588 4556 5⁰
619 4488 672 4554 43⁴
704 4500 752 4553 cst
781 4487 819 4553 2⁰
848 4484 956 4574 51¹s,‘.
1002 4492 1113 4553 Vicisti
1144 4492 1265 4554 Fabrici
1297 4493 1353 4555 hoc

119 4590 185 4648 ret
198 4581 324 4661 gloriari
346 4587 443 4660 potes,
467 4590 497 4643 te
519 4591 573 4644 tua
594 4581 754 4662 hypothesi
778 4581 936 4643 libratoria
952 4581 991 4642 ad
1010 4600 1131 4642 sensum
1153 4581 1239 4660 paria
1254 4581 1353 4642 facere

119 4692 159 4735 ea
180 4670 315 4752 physica.
355 4672 459 4751 Itaque
478 4671 542 4749 jam
566 4669 671 4731 desino
695 4669 793 4732 ridere
816 4679 900 4732 tuum
921 4690 1047 4750 paeana,
1071 4670 1176 4732 desino
1192 4670 1353 4752 desperare

119 4760 283 4834 nthesibus,
297 4759 403 4841 quibus
418 4778 527 4823 causae
541 4759 685 4841 physicae
701 4761 920 4841 exprimentum
936 4760 1040 4822 desino
1055 4779 1166 4840 negare
1181 4759 1354 4822 mechanico

119 4853 150 4915 is
171 4848 297 4933 Byrgio,
321 4848 506 4929 impossibile
530 4868 599 4913 esee
622 4856 656 4910 ut
676 4857 791 4913 motum
809 4857 846 4925 ό,
869 4849 920 4932 qni
943 4849 1044 4912 causis
1065 4848 1201 4931 physicis
1224 4848 1354 4913 admini-

119 4956 260 5010 tldm
274 4956 311 4999 111.
1126 4951 1142 5004 0
1351 4949 1358 4966 “
