3278 5550
240 265 306 337 car
535 246 540 251 '
678 271 1104 347 ,mannaan

241 448 383 528 trianguli
398 449 557 528 sphaerici,
577 450 660 530 cujus
676 451 804 513 alterum
820 452 901 515 latus
916 464 964 516 est
977 450 1038 518 39⁰
1052 450 1115 528 551,
1131 455 1261 516 alterum
1277 448 1345 517 36ο
1359 448 1419 515 221
1432 459 1464 512 et
1478 451 1584 531 angclm

240 538 472 621 comprehensus
487 533 525 602 6⁰
537 535 597 612 10',
617 541 695 602 latus
711 541 832 602 tertium
848 551 895 603 est
911 538 958 618 6⁰,
973 543 1074 624 itaque
1089 542 1228 609 milliaria
1243 541 1300 608 90.
1329 544 1442 622 Itaque
1457 541 1585 620 rogandus

240 646 274 689 es
298 626 499 689 astronomiae
523 648 625 699 causa,
647 649 735 710 quam
760 649 849 710 agere
873 639 903 693 te
927 633 1006 694 serio
1031 631 1129 706 video,
1152 640 1186 693 ut
1208 633 1284 694 milui
1307 640 1402 693 tuam
1427 629 1586 692 sententian

171 734 177 749 “
240 716 419 796 patefacias,
443 735 482 777 an
506 717 671 793 existimes,
696 719 773 780 hunc
795 738 926 782 errorem
944 721 1048 799 Belgis
1073 728 1104 782 ct
1126 722 1227 783 nautis
1248 721 1349 783 tribui
1371 739 1466 800 posse
1488 719 1524 781 ob
1543 720 1588 779 irn-

240 806 344 886 pedita
368 806 436 867 loca
459 807 554 886 aquis,
579 826 617 868 an
641 827 712 871 vero
735 807 847 871 existat
871 798 980 892 aliquis
998 819 1176 890 prospectus
1194 830 1232 873 ex
1248 809 1440 890 Antrrerpia
1462 809 1492 870 in
1509 808 1588 870 alcer-

239 904 337 957 utram
360 894 506 973 Frisiam,
531 915 568 961 ex
591 915 648 977 qno
672 897 709 959 de
733 898 824 979 plaga
846 898 963 962 Frisiae
982 900 1128 980 judicium
1152 900 1223 963 ferri
1246 899 1382 984 Possit?
1406 904 1455 966 (mr
1476 903 1589 970 escunt

824 1146 1009 1160 *—

330 1326 496 1391 Proponentes
514 1326 644 1379 lectoribus
663 1328 805 1393 opusculum
822 1328 887 1394 quod
904 1331 1040 1393 praemissa
1052 1331 1195 1395 respiciunt,
1211 1328 1261 1379 lucc
1278 1334 1387 1379 tantum
1406 1333 1533 1381 notam
1549 1340 1589 1390 ptr

241 1412 315 1464 quam
333 1412 388 1447 raro
406 1397 467 1447 illud
485 1413 611 1449 occurrere
629 1400 654 1448 in
672 1400 832 1450 bibliothecis.
870 1399 975 1451 Unicum
994 1402 1059 1468 quod
1077 1401 1146 1452 uobis
1167 1402 1193 1450 in
1215 1415 1306 1451 manus
1328 1401 1401 1450 venit
1420 1396 1546 1462 exemplar
1559 1410 1589 1445 ar·

241 1470 350 1534 cepimus
368 1468 486 1521 benevole
505 1471 657 1520 concedente
675 1472 724 1520 viro
744 1471 883 1521 doctissimo
903 1471 990 1522 Otto
1015 1473 1055 1523 de
1074 1472 1206 1523 Struvs
1230 1486 1262 1522 ex
1278 1470 1444 1521 bibliotheca
1462 1468 1590 1518 Polkovnn‘

240 1540 314 1604 paulo
332 1548 460 1607 postquam
481 1542 594 1591 volumen
612 1542 645 1591 11.
668 1549 767 1593 nostrae
791 1544 905 1594 editioni·
929 1545 993 1608 typis
1018 1545 1169 1608 exsculptum
1197 1550 1270 1600 crat.
1299 1542 1418 1608 lllndqne
1449 1539 1484 1590 ad
1511 1540 1591 1589 ratu

240 1613 319 1663 acad
338 1614 494 1678 sequentibus
512 1613 576 1662 loliis
594 1614 759 1664 recudendam
777 1617 923 1665 eunrirnur.

499 1773 580 1845 nn
623 1773 857 1848 annun
898 1773 1341 1850 counssurunr

622 1914 894 1991 sermones
922 1915 1214 1999 umvsnscs
1315 1894 1328 1921 ⁰

242 2032 405 2133 ilispaniae
429 2056 617 2135 potissimum
641 2056 789 2118 citerioris
811 2067 844 2210 {t
863 2058 983 2122 Galliae
1007 2059 1173 2131 ulterioris,
1198 2059 1438 2140 Insularumque
1464 2057 1594 2120 Corsicae

758 2155 789 2209 et
837 2148 933 2210 iciliac
957 2149 1077 2210 Incolae

386 2263 1459 2380 cenomanensem,

444 2431 544 2492 Quon
565 2431 638 2485 noc
660 2432 761 2487 anuo
785 2431 859 2489 1605
881 2433 1005 2488 unnsn
1027 2434 1182 2490 occasui
1202 2432 1396 2495 rounam.

797 2544 1035 2623 EPISTOLA

633 2688 894 2765 Joannls
930 2689 1201 2763 xersem

730 2815 757 2871 a.
779 2816 809 2871 e.
830 2811 887 2870 ue·
907 2815 1107 2869 noeumane.

844 2945 988 2996 Pitanen.

705 3038 726 3087 E
744 3034 917 3102 Typograpbio
935 3032 1126 3084 Schamaniano.

243 3214 264 3229 ⁹
333 3222 434 3286 (lausa
457 3225 529 3288 mihi
552 3245 624 3297 vos,
655 3245 671 3286 o
695 3226 763 3287 Viri
791 3245 888 3288 rerum
912 3222 1080 3303 cognitione
1109 3219 1242 3292 nobiles,
1271 3217 1490 3280 florentissimi
1513 3216 1595 3280 seculi

244 3314 361 3375 foetura
383 3314 547 3389 uberrima,
577 3315 748 3395 alloquendi
772 3333 844 3375 voce
873 3313 1009 3394 publica,
1040 3328 1135 3391 neque
1160 3306 1269 3370 frivola
1291 3314 1343 3367 est
1365 3327 1471 3389 neque
1494 3308 1594 3387 imper·

242 3402 361 3464 tinens:
387 3402 548 3484 deliquium
563 3403 653 3478 Solis,
679 3404 757 3484 quod
776 3404 862 3483 hujus
882 3401 962 3471 anni,
986 3419 1072 3483 quem
1092 3399 1226 3480 quintum
1249 3412 1452 3457 numeramus
1475 3396 1506 3458 in
1529 3411 1593 3456 noro

243 3491 364 3566 seculo,
395 3511 497 3554 mense
520 3492 647 3556 Octobri
671 3493 808 3571 contigit.
856 3492 925 3564 Qua
948 3491 985 3551 de
1009 3488 1136 3550 materia
1160 3487 1186 3549 si
1213 3503 1301 3567 quem
1331 3492 1497 3559 vestrum,
1528 3480 1594 3564 quod

243 3580 417 3658 abominor,
448 3583 566 3664 pigeret
594 3590 712 3644 mutuas
739 3583 858 3644 haurire
883 3591 914 3643 et
937 3580 1061 3641 reddere
1084 3596 1194 3651 voces,
1225 3580 1259 3635 at
1284 3592 1334 3634 me
1363 3593 1430 3636 non
1462 3589 1592 3656 quaerere

242 3672 374 3755 pudeat,
408 3672 458 3751 qui
490 3694 508 3733 a
541 3691 654 3734 summo
685 3670 849 3735 Christiani
883 3670 964 3731 orbis
994 3667 1132 3747 Principe
1165 3666 1195 3726 iu
1227 3668 1347 3743 partem
1381 3661 1592 3724 restaurandae

243 3761 447 3823 astronomiae
467 3780 532 3823 sum
548 3762 702 3835 adscitua;
727 3780 785 3823 non
805 3760 959 3842 quaesisse
978 3757 1133 3838 poeniteat
1151 3751 1308 3835 perpetim,
1333 3752 1462 3832 quando
1485 3765 1591 3813 aurern

243 3850 320 3912 banc
345 3850 551 3926 occasionem,
583 3851 650 3932 ipsa
678 3850 838 3912 solitudine
868 3849 1016 3921 nobilem,
1050 3864 1154 3907 amens
1182 3841 1355 3922 neglexero.
1406 3837 1592 3921 Legistisde

243 3939 426 4019 Hipparcho,
451 3940 500 4019 qui
523 3939 579 4001 sub
593 3939 777 4002 Ptolemaeis
792 3936 926 4020 Aegypti
949 3937 1062 4016 primus
1086 3934 1148 3997 fere
1168 3929 1327 3995 scientiam
1344 3927 1434 3992 Solia
1456 3940 1490 3993 et
1502 3931 1591 4028 Lunae

243 4037 375 4093 motuum
400 4028 568 4103 constituit,
600 4030 779 4090 referentem
807 4030 868 4089 ista
895 4028 1091 4096 Thecuem,
1121 4023 1171 4103 qui
1193 4020 1248 4081 sub
1271 4017 1475 4080 Diocletiano
1497 4020 1591 4087 floruit,

244 4115 467 4183 Commentario
501 4137 590 4198 super
623 4118 757 4197 quintum
792 4118 897 4196 Magni
927 4115 1037 4195 Operis
1067 4110 1253 4174 Ptolemaei:
1299 4109 1339 4171 lo
1376 4104 1592 4190 (Hipparchus)

243 4204 324 4269 libro
340 4207 369 4269 Ι.
394 4208 434 4269 de
452 4207 731 4288 Magnitadiae‘lme
753 4216 783 4270 et
804 4204 987 4271 Intervallis
1010 4203 1144 4265 commit
1163 4196 1378 4283 apeddculoma
1402 4193 1592 4284 hujumodi:

245 4293 420 4375 deliquium
445 4295 547 4369 Solia,
577 4318 637 4378 qno
660 4296 801 4377 deliquio
824 4298 858 4357 in
879 4294 960 4358 tocie
983 4295 1070 4356 eirca
1091 4287 1335 4372 Hellespontum
1354 4293 1449 4350 meaa
1473 4285 1530 4350 Sol
1548 4303 1593 4383 cr:

245 4393 352 4447 corace
375 4393 473 4448 metae
493 4387 601 4462 firmi,
625 4394 659 4448 ut
680 4385 763 4448 nibil
785 4386 825 4446 de
847 4405 882 4446 eo
904 4384 1072 4455 adderetur,
1096 4381 1131 4442 in
1148 4374 1356 4440 Aieaondria
1376 4397 1458 4438 uero
1472 4377 1592 4458 nem

244 4473 285 4535 de
313 4475 449 4555 quinque
472 4477 621 4557 partibus
649 4475 801 4537 diametri
829 4482 965 4557 quotuor
993 4488 1148 4533 summam
1175 4466 1358 4546 deseram
1408 4467 1526 4549 Itaque
1545 4478 1592 4564 ptr

245 4563 322 4625 baec
344 4566 511 4645 supposita
533 4565 728 4627 demonstrat
748 4568 784 4626 ia
801 4567 908 4646 primo
927 4561 1019 4634 libro,
1043 4557 1127 4640 qaod
1145 4556 1325 4639 caicamodr'
1340 4556 1497 4637 particen
1513 4570 1590 4617 rere·

244 4652 399 4719 diameter
423 4651 565 4716 Telluris
585 4655 726 4733 possidet
747 4675 858 4725 naam,
885 4659 1047 4714 tantarum
1072 4646 1109 4709 71
1131 4647 1196 4708 rint
1223 4645 1258 4707 r'a
1280 4645 1471 4708 maimo
1494 4645 1591 4707 hace

242 4749 276 4825 ¹et
306 4738 448 4803 Telluris
462 4750 465 4755 '
478 4741 663 4815 intervallo,
696 4744 731 4805 in
757 4740 938 4826 idagiaeimo
967 4759 1039 4803 vero
1072 4732 1129 4799 83.
1181 4736 1339 4796 Hactenus
1370 4733 1501 4809 Theou,
1530 4743 1589 4810 (μιν

245 4828 309 4895 tere
332 4829 437 4895 eadem
461 4839 493 4891 et
516 4827 705 4895 Cleomedes.
1577 4852 1580 4859 ·
