3278 5550
134 265 199 337 m
268 276 274 289 ‚
516 262 1097 339 Mourmateanos.

135 466 193 531 que
215 446 400 529 interjectas,
423 466 479 530 per
492 448 634 513 Rhodum
657 457 688 512 et
711 448 761 530 qui
783 448 862 512 hanc
885 446 1019 531 sequitur
1042 446 1140 509 sinum
1162 446 1307 521 Issicum,
1330 444 1484 529 perCypri

134 536 228 601 litora
249 544 282 600 et
302 554 356 618 per
377 538 571 604 Antiochiam
597 538 627 600 iu
650 539 899 621 Mesopotamiam
928 556 961 600 ss
989 534 1105 617 recepit
1131 544 1165 598 et
1187 553 1287 617 prope
1307 534 1484 617 Euphratem

135 626 247 691 Terras
269 626 377 689 iterum
400 627 542 691 desernit.

225 712 374 799 Quicquid
402 716 494 797 igitur
520 718 681 780 Terrarum
709 717 748 779 ab
775 717 833 778 hoc
862 714 956 779 limite
988 714 1017 777 in
1051 714 1281 796 septentriones
1310 716 1429 795 vergit,
1458 722 1486 777 ut

136 804 228 869 ltalia
250 813 282 867 et
304 812 372 868 tota
394 806 457 869 iere
479 805 612 888 Europa,
634 805 673 869 iis
692 806 795 888 aliqua
811 804 850 867 de
863 803 936 869 Sole
954 803 1105 886 particula
1127 824 1147 865 a
1170 804 1382 884 septentrione
1406 822 1487 885 snpra

136 891 257 959 residua
279 895 347 957 visa
370 901 432 967 est,
455 913 568 958 cornua
589 895 644 958 snb
667 895 796 957 medium
819 894 969 975 eclipseos
990 892 1129 955 deorsum
1151 893 1333 974 porrigens,
1357 893 1486 974 quicquid

136 1001 209 1046 sero
232 984 262 1045 iu
286 992 431 1059 anstrum,
455 992 489 1046 ut
511 983 660 1065 Hispania
681 984 797 1058 ultimu,
820 984 877 1047 hoc
899 980 981 1047 Solis
1005 982 1137 1064 aliquam
1158 982 1350 1063 particulam
1372 982 1487 1045 inierins

136 1091 242 1136 versus
265 1081 399 1135 austrum
423 1073 501 1135 vidit
523 1081 710 1149 exstantem,
740 1082 772 1135 et
793 1090 905 1137 cornua
935 1090 1052 1134 sorsum
1074 1090 1181 1146 versa,
1213 1071 1307 1153 idque
1339 1080 1488 1135 constante

82 1228 88 1239 ,
136 1179 206 1225 mea
228 1161 397 1227 latitudine.
444 1162 614 1225 Secundum
637 1163 840 1244 'l'ychonicam
861 1180 933 1224 vero
961 1159 1153 1223 latitudinem
1175 1160 1302 1225 omuino
1326 1162 1444 1226 Romae
1464 1169 1490 1222 et

136 1252 166 1313 in
189 1250 360 1332 praecipuis
382 1250 460 1314 locis
483 1251 591 1315 Italiae
614 1260 695 1314 totus
719 1251 773 1314 Sol
798 1251 890 1313 tuerit
911 1256 1019 1313 tectus.
1065 1248 1151 1313 Haec
1173 1270 1249 1313 vero
1275 1251 1381 1314 omnia
1402 1270 1491 1333 popo·

138 1340 194 1405 lari
218 1341 311 1405 etiam
334 1340 592 1404 animadversione
616 1341 705 1405 facile
728 1341 953 1405 discernuntur:
