3278 5550
146 272 214 346 353
626 272 793 327 cemma
813 270 1013 326 suntuna·

148 457 280 519 stantiae
304 455 447 535 graduum
471 473 530 515 non
553 453 736 532 integrorum
760 451 928 512 anomaliae
952 448 1077 522 mediae,
1101 447 1151 510 vel
1175 443 1240 510 GE.
1289 446 1371 509 Posts

146 545 356 626 portionaliter
378 545 548 606 reseruntur
570 542 609 603 ad
634 542 744 620 gradus
769 540 902 619 integros
925 539 1021 619 ipsius
1038 536 1100 600 ct.
1132 534 1230 616 Cujus
1255 537 1371 617 ambigi

146 637 232 716 piget
254 644 285 699 et
307 633 333 695 si
357 634 490 699 delectat
513 631 598 694 labor
621 630 737 709 longior
760 648 813 710 per
837 630 981 690 directam
1005 628 1101 697 viam,
1135 625 1263 707 donique
1296 625 1322 687 si
1345 644 1371 687 οι

147 746 204 788 uno
228 725 381 787 schemate
405 723 490 806 cupis
514 739 635 783 cernere
659 720 697 781 ob
722 720 834 793 oculos,
860 719 903 780 sic
928 737 1013 798 agos.

236 815 375 899 Tempus
395 832 451 876 sou
465 832 577 875 nomen
600 806 768 891 artificiale
781 809 939 891 temporis,
963 806 1049 888 quod
1062 813 1108 868 est
1120 805 1312 867 astronomis
1333 824 1371 867 an

143 903 259 980 nsedia,
283 924 417 969 numera
438 905 473 966 in
487 897 625 986 epiopclo
642 894 696 961 ct
712 900 752 962 at
773 899 839 980 ejus
861 895 1026 981 aphelioG
1051 902 1163 963 contra
1183 894 1301 957 seriem
1322 895 1371 975 sip

1138 982 1371 1137 mro

496 1164 501 1199 ‘
544 1168 660 1231 Datur
681 1174 711 1229 ct
732 1165 792 1229 AD
814 1165 930 1228 radius
955 1160 1083 1227 100000
1106 1170 1135 1226 et
1149 1161 1207 1223 DE
1229 1161 1371 1226 radim«

488 1267 509 1329 (t
546 1251 642 1321 9264.
692 1254 801 1334 Quare
828 1253 957 1317 dabitur
979 1261 1008 1316 et
1030 1252 1117 1313 ΒΑΕ
1142 1272 1223 1333 pars
1250 1259 1371 1331 aequat

545 1346 602 1409 ΑΕ
626 1345 798 1408 distantia:
821 1364 954 1424 quorum
971 1351 1138 1422 utrumque
1160 1343 1247 1420 rcser
1264 1342 1302 1403 in
1315 1348 1371 1403 cat

545 1435 711 1519 adscripta
732 1453 792 1496 sua
808 1432 971 1495 anomalia
993 1433 1101 1494 media
1117 1430 1180 1505 ΟΕ,
1204 1433 1239 1494 in
1253 1433 1371 1513 futuro

544 1526 618 1588 Hoc
634 1531 730 1607 pacto
755 1520 945 1607 collipantur
974 1542 1079 1584 ornnes
1106 1519 1284 1583 distantiae
1306 1517 1364 1581 AB

545 1615 685 1689 dantum·
721 1613 953 1694 inuenieturquc
988 1631 1111 1673 summa
1148 1611 1276 1672 circiter
1315 1604 1371 1672 36<

543 1702 638 1766 Haec
660 1705 744 1765 enim
765 1723 890 1765 mamma
911 1704 1036 1764 incocta
1059 1707 1104 1761 est
1119 1721 1159 1762 cn
1181 1696 1296 1778 atiquo
1317 1717 1371 1760 ccc

489 1776 506 1828 0
543 1799 607 1855 tate
624 1812 746 1875 parum
774 1791 946 1855 admodum
973 1790 1133 1870 differeris
1154 1809 1176 1850 a
1197 1797 1311 1851 nostra
1329 1807 1371 1869 pr

543 1902 624 1962 quae
647 1890 691 1944 cst
706 1875 801 1944 9264.
841 1880 951 1966 Hujus
962 1899 1042 1960 pars
1065 1880 1283 1941 trecentesima
1304 1897 1371 1938 seca

543 1966 626 2034 calet
650 1966 792 2043 100210,
817 1976 846 2031 ct
864 1991 946 2052 pars
972 1967 1094 2049 totupla
1117 1968 1157 2029 de
1179 1975 1318 2050 quatuor
1339 1986 1371 2029 rc

540 2061 664 2140 pradus
685 2079 775 2123 unus.
819 2058 860 2121 Ut
876 2059 977 2142 ipitur
999 2058 1172 2121 distantiae
1190 2077 1299 2120 omnes
1321 2056 1371 2118 ora'

542 2148 730 2219 distantiam
761 2145 910 2221 100210,
947 2149 994 2210 sic
1030 2148 1125 2231 hujus
1162 2146 1336 2209 distantiae
1368 2156 1371 2207 i

542 2257 638 2302 armis
660 2234 745 2311 (60‘)
769 2236 813 2300 ad
836 2258 932 2300 arcus
955 2237 1066 2299 ceteris
1089 2236 1256 2299 distantiis
1279 2254 1371 2316 compi

542 2329 619 2408 quia
627 2328 794 2409 proportio
810 2346 959 2390 conuersa
973 2332 1025 2399 est,
1043 2332 1079 2388 ut
1094 2346 1162 2408 cap.
1178 2323 1326 2387 XXIX.
1343 2321 1371 2385 J

464 2450 468 2459 ·
542 2415 718 2480 XLVIII.
757 2417 884 2498 saepius
920 2417 1082 2479 monitum.
1138 2412 1363 2496 Muttiptirasn

148 2495 203 2566 60¹
224 2500 272 2566 ocl
295 2496 404 2566 36000
426 2504 461 2565 in
488 2499 636 2580 100210,
660 2514 689 2568 et
712 2506 804 2588 jacto
837 2507 950 2567 centies
982 2504 1139 2586 octuapies
1168 2504 1272 2566 diviso
1304 2522 1361 2584 per

145 2589 338 2656 cernicircuii
360 2592 548 2669 distantias,
581 2595 644 2656 imo
664 2616 725 2676 per
747 2595 919 2659 dimidium
945 2614 1085 2657 summas
1108 2593 1258 2656 binarum
1281 2592 1371 2672 coritis

146 2681 375 2745 distantiarum
398 2682 472 2764 (per
495 2684 670 2747 cautionem
686 2705 753 2764 cap.
767 2684 839 2747 XL
847 2677 973 2763 VIII),
990 2683 1149 2765 prodeunt
1163 2679 1278 2763 anpsdi
1293 2677 1371 2742 DAG

145 2769 288 2855 cpicycli.
327 2771 441 2854 Incipe
455 2774 555 2852 ipitur
570 2794 591 2834 a
605 2770 625 2836 2
640 2774 782 2836 minimis
805 2772 931 2856 aspidis
946 2771 1047 2846 DAG,
1070 2793 1122 2834 eos
1138 2771 1296 2843 addendo,
1320 2777 1371 2832 ets

144 2861 250 2944 adjice
282 2863 429 2934 tertium·
457 2863 572 2925 iterum
599 2863 685 2926 adde
713 2884 853 2925 summac
881 2866 979 2926 trium
1001 2861 1261 2944 praecedentium
1284 2867 1313 2922 et
1335 2880 1371 2940 qu

143 2951 191 3012 ita
221 2970 360 3031 semper,
392 2950 498 3031 quood
530 2973 634 3014 omncs
662 2949 723 3015 180
753 2951 1019 3016 accomodaveris:
1051 2958 1143 3031 atque
1173 2953 1204 3013 si
1232 2946 1347 3011 ultima

139 3039 287 3122 praecise
310 3040 398 3123 efficit
417 3036 505 3115 180⁰,
530 3040 567 3102 id
581 3049 761 3122 arpumento
785 3042 843 3105 tihi
865 3044 933 3115 erit,
958 3042 1115 3120 tentique
1132 3047 1214 3103 recte
1237 3047 1371 3119 operam

144 3128 295 3209 nuspiam
323 3147 344 3188 a
369 3131 570 3210 praescripto
600 3132 774 3193 aberrasse.
820 3132 922 3212 Atque
953 3131 1014 3193 liae
1045 3131 1103 3193 tibi
1132 3149 1275 3192 summae
1304 3149 1359 3191 scu

144 3215 237 3278 DAG
274 3238 403 3280 rursum
431 3221 610 3282 scribantur
647 3221 683 3282 in
711 3217 869 3302 catadupa,
905 3241 976 3284 cum
1007 3218 1168 3304 adjunctis
1194 3219 1230 3281 in
1258 3217 1371 3299 marpii

145 3303 317 3369 anomaiiis
338 3307 461 3382 mediis,
484 3316 521 3372 ut
535 3309 570 3372 in
589 3317 716 3390 promtu
730 3312 803 3372 sint.
845 3311 924 3372 Oum
939 3311 1037 3392 ipitur
1061 3307 1274 3389 computanda
1293 3314 1371 3369 esta

145 3393 256 3475 aliqua
278 3397 412 3477 intepra,
437 3419 493 3460 seu
509 3397 671 3462 anomalia
686 3406 860 3478 coaequata
875 3398 920 3462 ad
934 3405 1111 3478 susceptam
1134 3395 1333 3459 anomaliam
1352 3417 1371 3457 n

30 3561 34 3568 ¹
139 3487 283 3569 primum
314 3506 400 3563 cum·
416 3485 581 3550 anomalia
609 3488 716 3550 medic
740 3485 822 3550 CDE
850 3490 886 3551 in
914 3486 1053 3570 epicycto
1084 3494 1253 3550 numerata
1285 3504 1327 3547 ec
1357 3505 1371 3547 c

141 3574 316 3655 posteriorc
346 3596 485 3639 summas
517 3575 704 3659 anpuiorum
736 3596 882 3659 ccocrpes
911 3576 1062 3660 cupidum
1090 3573 1182 3639 DAG
1203 3573 1253 3638 uel
1276 3573 1371 3636 CAB.

143 3663 254 3727 eadem
285 3684 357 3727 vero
387 3662 551 3730 anomalia
581 3668 690 3730 rudia
719 3685 758 3729 cn
789 3668 896 3748 priori
931 3664 1073 3747 catalopo
1105 3685 1255 3747 cncerpcs
1284 3666 1371 3726 edan

138 3760 267 3837 partem
297 3757 506 3837 aequationis.
552 3757 657 3837 Atque
685 3756 746 3818 isac
772 3757 933 3819 subtracta
957 3755 995 3817 ab
1027 3753 1143 3835 anpsdo
1166 3753 1274 3826 DAB,
1308 3749 1371 3815 reti

144 3850 322 3993 coaequatat
348 3844 523 3955 anomalip
538 3844 633 3908 ΕΑΒ.
677 3843 720 3907 In
751 3842 851 3908 attero
882 3842 1081 3909 semicirculo
1113 3842 1192 3928 quid
1223 3840 1371 3905 variandi

142 3940 251 3997 notum
276 3952 329 3996 es.

81 4071 85 4078 .
143 4020 197 4084 Sit
210 4019 373 4085 anomalia
387 4022 494 4084 media
508 4018 577 4097 450,
595 4024 684 4111 cujus
698 4021 924 4086 distantiarum
940 4039 1065 4085 summa
1082 4021 1140 4084 dat
1153 4016 1246 4082 DAG
1268 4015 1332 4081 410
1354 4015 1371 4080 2

143 4110 269 4175 Eadem
291 4109 456 4175 anomalia
478 4112 576 4176 datur
599 4110 684 4176 ΟΑΕ
701 4132 785 4196 pars
806 4112 1006 4195 aequationis
1047 4155 1054 4169 .
1103 4154 1109 4169 .
1157 4154 1164 4168 .
1212 4155 1219 4169 .
1290 4104 1322 4171 3.
1354 4103 1371 4170 3

144 4217 232 4299 Erpa
256 4224 431 4300 coaequata
452 4216 537 4282 ΕΑΒ
607 4260 1167 4280 ...........
1200 4193 1371 4278 Ἦ

144 4306 289 4372 Dinerat
311 4313 422 4371 nostra
442 4308 567 4370 maaria
609 4349 1219 4368 ............
1268 4301 1321 4368 38.

999 4388 1371 4492 Diffusum*

231 4499 299 4561 Hoc
323 4507 413 4580 pacto
437 4498 476 4560 cd

164 4599 315 4657 anomaliss
336 4600 439 4655 modios
461 4587 640 4715 'collegimus
662 4604 830 4669 coaequatos
863 4604 903 4656 At
916 4600 945 4654 in
959 4597 1059 4655 veriori
1076 4599 1181 4660 mostis
1269 4600 1371 4656 Dicere

271 4676 324 4735 450
463 4724 466 4735 ,
571 4677 623 4734 370
644 4675 693 4734 56‘
715 4676 773 4733 43”
958 4676 1009 4735 380
1052 4674 1080 4735 5‘
1293 4677 1371 4737 8·-

272 4755 310 4813 00
463 4748 466 4825 1
570 4756 617 4815 70.
643 4753 688 4816 26.
712 4755 748 4813 35
956 4756 1003 4817 79.
1033 4755 1071 4814 27
1293 4757 1314 4818 0

254 4831 310 4894 120
553 4834 617 4895 110.
645 4834 692 4895 is.
733 4832 752 4894 s
937 4834 1003 4897 110.
1033 4835 1103 4913 ssu,
1295 4835 1347 4915 su.

252 4911 310 4975 150
463 4874 467 4993 1
552 4911 617 4974 111.
648 4913 694 4975 to.
716 4911 754 4974 co
936 4912 1002 4978 m.
1049 4912 1070 4975 s
1149 4996 1150 4999 Ν
1294 4914 1315 4978 o
