3278 5550
145 282 191 353 tl
566 282 1080 348 flumem-m·

143 465 175 526 in
199 465 328 526 arcubus
351 464 419 523 riae
441 482 513 523 suae
536 463 725 544 aequalibus.
763 459 866 530 Quare
885 460 939 522 Sol
962 461 1081 539 longius
1104 478 1191 521 rere
1209 460 1283 531 (non
1296 462 1496 537 apparenter)

144 556 176 615 in
198 573 333 634 apogaeo
358 568 488 614 moratur
511 573 599 633 quam
624 554 652 612 in
671 552 834 630 perigaeo:
858 551 897 609 ad
912 550 1136 629 elongationem
1160 549 1251 627 igitur
1273 549 1396 609 virtutis
1420 568 1495 610 con-

144 644 238 705 currit
259 644 386 725 pbysica
408 660 438 702 et
461 644 564 721 optica
587 662 680 702 causa
704 640 862 701 tarditatis
885 656 995 700 motus.
1019 670 1062 681 -

232 750 305 800 llaec
322 758 456 814 raqmtur
473 750 644 812 responsiorm
663 747 765 810 Κυμώ
783 746 817 794 ad
839 748 998 810 quaestiones
1016 746 1123 795 fabricii
1143 745 1334 799 dirum,
1352 757 1417 807 quas
1435 742 1494 793 lotia

143 823 492 885 mmm-urm
517 813 1492 883 nmeqmuuenonseptwartmmrnueoturpnu

144 891 808 958 minem-mpmecndexpncm
835 885 1392 953 mumurantem
1422 884 1492 936 cour·

699 961 770 1022 Jam
802 979 928 1040 ponam,
961 981 1038 1042 qnae
1068 961 1126 1022 dno
1159 960 1251 1021 toties
1280 981 1299 1019 a
1325 977 1372 1020 me
1401 957 1492 1038 petie.

621 1050 672 1114 Sit
695 1054 725 1112 A
748 1049 812 1122 Sol,
835 1050 863 1111 B
886 1063 1022 1112 centrum
1045 1049 1206 1110 eccentrici
1226 1048 1344 1123 Martis,
1370 1047 1401 1110 C
1420 1065 1491 1109 cen·

622 1152 700 1201 tmm
724 1139 892 1220 aequantis,
916 1136 990 1212 AG,
1013 1141 1078 1212 Ar,
1103 1139 1170 1212 AB,
1196 1137 1253 1198 AD
1276 1146 1404 1218 quatuor
1427 1136 1494 1197 locu

412 1280 443 1299 .,
618 1229 730 1290 Alartis
753 1229 783 1289 in
807 1242 936 1308 quatuor
958 1228 1196 1310 oppositionibus
1218 1245 1285 1289 cnm
1306 1224 1378 1289 Sole
1400 1223 1487 1288 reris.

456 1310 462 1317 ’
496 1358 499 1363 -
617 1316 666 1378 Ex
690 1318 798 1398 quibus
822 1318 932 1380 dantur
955 1318 1057 1398 anguli
1081 1318 1121 1378 ad
1144 1319 1182 1378 A
1224 1315 1336 1395 Angnli
1359 1332 1431 1376 vero
1453 1315 1487 1376 ad

617 1405 642 1469 C
668 1408 780 1468 dantur
802 1426 840 1467 ex
863 1418 968 1469 mutua
995 1407 1178 1468 tractatione
1210 1418 1339 1484 quatuor
1367 1421 1485 1465 auom»

616 1497 724 1557 liarum
748 1515 888 1559 verarum
920 1496 1119 1576 simplicium,
1152 1494 1336 1574 temporibus
1364 1511 1483 1574 respon·

485 1664 489 1673 ¹
570 1656 574 1667 Ι
619 1586 763 1661 dentium,
787 1587 846 1647 etsi
870 1587 967 1649 salsus
990 1586 1032 1647 sit
1054 1585 1138 1646 hisce
1161 1584 1272 1646 seculis
1295 1592 1394 1645 motus
1418 1601 1484 1644 ano·

568 1714 573 1727 ·
619 1675 747 1750 maliae,
779 1677 867 1737 modo
895 1694 966 1738 rere
989 1686 1126 1748 constet,
1155 1682 1188 1736 nt
1211 1682 1333 1735 constat
1364 1672 1486 1753 quidem,

204 1856 213 1881 l
329 1924 348 1951 N
368 1830 554 2070 ss
621 1873 699 1915 mum
722 1872 800 1934 pone
831 1854 963 1934 aliquam
993 1853 1173 1915 anomaliam
1201 1871 1254 1932 pro
1278 1870 1368 1928 vera,
1399 1859 1431 1911 et
1452 1848 1486 1910 sit

623 1944 675 2004 illa
699 1962 780 2016 vera,
805 1962 894 2022 qnam
918 1942 994 2004 dant
1017 1944 1147 2005 usitatae
1176 1941 1317 2015 tabulae3
1346 1947 1485 2020 ponuntur

624 2050 694 2112 ergo
719 2032 820 2110 anguli
844 2031 942 2106 HCF,
967 2031 1069 2107 HCG,
1094 2030 1190 2104 1101),
1215 2029 1309 2091 ΗΕΒ.
1356 2026 1486 2091 &cundo

369 2078 395 2217 ι,
419 2069 439 2110 ¹
621 2140 697 2204 pone
734 2122 856 2201 aliquod
894 2141 1061 2202 apogaeum
1095 2141 1149 2182 seu
1185 2121 1285 2200 potius
1326 2117 1486 2199 apletium

144 2214 275 2285 ponatur
297 2204 328 2265 id
349 2222 459 2285 pnmo,
493 2203 571 2284 quod
601 2212 677 2273 dant
706 2229 811 2271 omnes
843 2200 977 2273 [abulae.
1024 2211 1059 2272 In
1089 2210 1250 2290 triangulis
1280 2207 1371 2285 igitur
1394 2207 1431 2280 F,
1454 2204 1487 2280 G,

144 2292 183 2367 D,
207 2292 234 2355 Ε
257 2311 348 2372 super
369 2292 516 2354 communi
541 2291 596 2355 AC
625 2300 779 2362 stantibus
812 2301 922 2362 dantur
949 2320 1053 2361 omnes
1081 2299 1204 2379 anguli3
1237 2316 1358 2359 assume
1380 2294 1489 2359 Acin

145 2402 318 2464 quacunque
341 2401 490 2457 mensura,
514 2392 588 2461 pota
615 2386 753 2463 100000,
778 2400 810 2450 et
833 2400 975 2470 computa
998 2391 1097 2451 latera
1119 2389 1184 2462 AF,
1209 2386 1276 2461 ΑΕ,
1293 2386 1364 2459 AD,
1381 2382 1489 2447 AGin

144 2471 337 2552 proportione
370 2469 436 2534 AC·
484 2472 587 2535 Habes
619 2478 770 2557 triangula
793 2478 895 2552 DAE,
919 2478 1025 2552 ΒΑΘ,
1052 2476 1148 2546 GAF,
1171 2476 1272 2552 ΓΑΕ,
1306 2475 1336 2537 in
1367 2472 1489 2555 singulis

144 2562 202 2623 duo
226 2562 324 2624 latera
346 2581 412 2623 cum
434 2565 670 2642 comprehenso3
704 2588 814 2648 quaere
838 2587 910 2648 ergo
938 2578 977 2628 et*
993 2568 1120 2647 angulos
1149 2566 1187 2626 ad
1215 2566 1317 2629 bases.
1366 2562 1489 2634 Quando

143 2668 215 2731 ergo
238 2650 439 2730 composueris
463 2650 559 2728 AFG,
584 2658 677 2732 AFE,
701 2657 774 2718 item
799 2656 895 2731 ΑΒΕ,
919 2655 1020 2730 ADG,
1045 2657 1158 2718 debent
1182 2656 1210 2717 bi
1235 2655 1293 2716 duo
1317 2650 1488 2734 oppositill

143 2750 175 2801 et
194 2739 263 2802 Fin
288 2740 491 2820 quadrilatero
511 2741 539 2803 in
554 2745 666 2808 circulo
686 2747 808 2827 aequari
832 2743 968 2808 droctis.
1008 2744 1041 2808 Si
1062 2764 1120 2807 non
1145 2755 1321 2825 aequantur,
1347 2740 1486 2804 mutanda

135 2838 192 2903 ¹est
222 2828 334 2909 positio
363 2831 514 2908 posterior
546 2836 690 2914 apogaei,
724 2846 844 2896 retenta
876 2835 1027 2913 positione
1054 2833 1146 2915 priori
1179 2833 1368 2908 anomaliae,
1408 2831 1483 2913 idque

144 2916 312 2979 laciendum
331 2918 430 2991 toties,
457 2919 551 2983 donec
566 2923 626 2984 bini
642 2924 773 3003 oppositi
789 2925 817 2984 io
834 2922 1037 3003 quadrilatero
1062 2933 1230 3003 aequantur
1248 2921 1365 2983 duobus
1385 2919 1485 2990 rectio

145 3017 177 3091 et
200 3013 269 3067 tunc
293 3006 371 3079 scio,
403 3008 481 3084 qood
510 3012 620 3088 positio
645 3014 771 3091 apogaei
804 3013 920 3091 (posita
943 3008 999 3074 lrac
1024 3013 1175 3074 anomalia
1207 3012 1321 3084 media)
1346 3029 1422 3072 vera
1444 3009 1489 3070 sit

145 3093 238 3156 Nulla
261 3104 326 3156 arte
351 3094 462 3170 scitur,
494 3098 572 3159 sitne
604 3101 852 3180 progrediendum
877 3122 914 3162 an
940 3102 1166 3182 regrediendum
1199 3119 1349 3181 apogaeo,
1375 3105 1491 3181 oportet

145 3184 308 3264 periculum
332 3185 442 3245 lacere.
489 3185 590 3249 Semel
614 3202 714 3251 antem
744 3191 951 3253 animadverso
981 3192 1051 3272 quid
1079 3192 1251 3273 proficiatur
1275 3190 1303 3250 in
1328 3186 1489 3269 aequandis

146 3272 261 3334 duobus
285 3273 431 3353 oppositis
455 3277 650 3354 quadrilateri
673 3299 738 3340 cum
753 3277 773 3340 2
788 3281 897 3353 rectis,
928 3281 952 3343 si
967 3281 1194 3360 progrediamur
1217 3279 1265 3340 vel
1279 3278 1489 3357 regrediamur,

145 3373 178 3423 et
201 3370 344 3442 quantum
368 3362 473 3438 etiam,
500 3365 565 3444 jam
591 3369 677 3431 nobis
701 3370 870 3430 suntoculi
899 3371 996 3449 aperti
1021 3370 1058 3431 ad
1082 3369 1346 3451 proportionaliter
1377 3382 1490 3446 semper

145 3451 268 3530 propius
293 3451 505 3514 accedendum.
554 3453 681 3525 Quando
706 3476 778 3537 ergo
801 3459 836 3532 F,
856 3458 884 3519 D
909 3460 966 3520 duo
991 3459 1066 3519 recti
1090 3469 1169 3533 sunt,
1195 3459 1224 3519 h.
1249 3477 1274 3519 e.
1300 3456 1491 3536 quandoper

145 3540 306 3601 motionem
330 3550 361 3601 et
387 3541 582 3606 variationem
607 3548 733 3627 apogaei
757 3547 796 3620 D,
814 3546 852 3621 E,
866 3545 948 3619 F,G
972 3548 1109 3609 acumina
1133 3548 1307 3626 angulomm
1331 3545 1360 3607 in
1385 3543 1490 3606 circulo

147 3608 258 3690 luerint
281 3639 372 3704 recte,
393 3630 458 3707 jam
482 3636 682 3698 accedendum
708 3636 765 3696 erit
789 3636 827 3696 ad
851 3637 1036 3714 probandam
1060 3637 1189 3716 priorem
1213 3636 1394 3716 positionem
1419 3651 1489 3694 ano-

146 3718 256 3779 maliae
281 3719 569 3798 simplicis,.verane
594 3726 684 3786 fuerit
707 3746 745 3786 an
762 3727 849 3798 falsa,
875 3725 904 3786 in
919 3725 996 3787 hunc
1020 3728 1158 3788 modum:
1183 3726 1212 3787 in
1228 3729 1263 3793 Δ
1280 3722 1362 3785 GFE
1387 3724 1491 3795 dantur

146 3807 243 3870 latera
266 3827 333 3869 cnm
356 3811 570 3889 comprehenso
595 3814 629 3888 F,
654 3834 765 3894 quaere
789 3814 873 3875 basin
899 3811 956 3875 GE
980 3835 1046 3876 oum
1069 3815 1187 3895 angulis
1211 3813 1440 3894 adjacentibus;
1463 3820 1492 3871 et

147 3916 212 3959 cum
236 3898 314 3966 scis,
338 3898 417 3978 qnod
442 3897 527 3961 GBE
550 3901 590 3962 sit
614 3902 721 3982 duplus
745 3905 782 3963 ad
808 3901 909 3977 GFE,
936 3905 1006 3983 quin
1028 3904 1058 3966 in
1082 3915 1204 3972 centro,
1236 3922 1306 3981 ergo
1331 3903 1443 3963 dantur
1463 3899 1492 3961 in

147 3984 246 4061 GBE,
271 3987 428 4047 exlatere
457 3998 489 4049 et
518 3991 636 4069 angulis
665 4011 734 4052 crus
765 3989 821 4052 (ΞΒ
845 3992 894 4052 vel
917 3991 970 4053 BE
995 3994 1133 4073 aequalia
1156 3994 1184 4054 in
1208 3992 1402 4073 proportione
1426 3986 1490 4061 AO,

148 4074 225 4153 qnod
248 4093 345 4137 serva.
392 4075 521 4138 Rursum
546 4079 574 4138 in
600 4085 635 4147 Δ
661 4077 749 4140 GAE
773 4100 809 4141 er
835 4078 919 4140 GAF
943 4090 974 4142 et
997 4083 1079 4144 FAE
1112 4082 1222 4162 junctis
1255 4082 1345 4142 datur
1367 4079 1493 4159 angulus

147 4160 246 4231 GAE,
270 4171 301 4224 et
325 4165 422 4226 latera
437 4165 501 4238 ΑΕ,
520 4164 581 4226 AG
606 4167 774 4243 dabantur3
799 4170 887 4230 ruodo
912 4178 942 4230 et
960 4168 1016 4231 GE
1041 4173 1178 4246 dabatur,
1203 4170 1374 4250 poterisque
1399 4186 1493 4249 qnae-

147 4271 213 4315 rere
237 4261 359 4333 propter
382 4274 559 4315 eonsensum
584 4276 620 4316 er
646 4255 716 4332 GA,
732 4257 798 4320 ΛΕ.
836 4259 954 4320 Dantur
977 4262 1044 4322 hinc
1069 4272 1100 4322 et
1122 4260 1220 4331 AGE,
1247 4270 1279 4320 et
1301 4259 1383 4338 prius
1398 4254 1493 4330 BGE,

145 4341 272 4420 junctim
296 4361 367 4419 ergo
390 4342 477 4404 BGA
502 4346 621 4423 (potest
654 4367 720 4406 esse
752 4367 860 4420 casus,
892 4358 926 4408 ut
958 4351 1154 4412 subtrahendi
1185 4344 1310 4422 sint¹¹).
1356 4347 1439 4426 Ergo
1463 4338 1494 4407 in'

147 4428 279 4499 ABGA
299 4429 407 4491 dantur
420 4429 488 4505 BG,
506 4433 575 4506 GA,
596 4426 743 4508 ABGA,
765 4437 917 4515 quaeritur
930 4438 997 4514 BA,
1018 4449 1049 4501 et
1064 4439 1161 4501 GAB.
1200 4438 1372 4500 Ponebatur
1392 4445 1495 4498 autem

147 4528 178 4581 et
197 4518 406 4580 verificabatur
419 4521 501 4598 prius
521 4520 618 4598 Grac,
635 4522 726 4585 GAIl
741 4543 778 4584 ex
792 4544 935 4605 apogaeo,
952 4537 1000 4591 eet
1014 4548 1042 4590 n.
1058 4529 1207 4590 anomalia
1222 4535 1388 4606 coaequato
1408 4526 1495 4606 hujus

147 4608 216 4673 loci,
255 4608 289 4671 Si
312 4626 384 4686 ergo
407 4609 494 4669 EAII
517 4622 548 4672 et
570 4611 654 4675 ΕΑΒ
681 4615 832 4695 aequales,
858 4616 1013 4679 verificato
1035 4628 1083 4679 est
1106 4618 1215 4697 positio
1240 4615 1335 4697 prima
1358 4632 1494 4697 quoque;

148 4699 246 4760 etsie
269 4715 367 4777 porro.
414 4695 467 4758 Sin
491 4699 596 4774 minus,
622 4721 639 4762 o
663 4703 829 4783 improbum
852 4704 999 4780 laborem,
1024 4717 1094 4769 tunc
1119 4716 1239 4787 oportet
1261 4721 1369 4767 novam
1394 4707 1495 4767 fucere

147 4786 328 4875 positionem
344 4784 398 4848 loc.
416 4815 456 4828 -
481 4787 538 4851 Ubi
552 4807 609 4871 per
626 4793 789 4855 secundam
810 4794 991 4876 positionem
1014 4796 1121 4860 iterum
1137 4798 1177 4859 od
1190 4797 1279 4858 finem
1293 4786 1495 4874 est'rcntom,
