3278 5550
248 279 314 348 724
816 278 848 332 ¹²
864 272 1032 345 ffllifflm

409 457 632 523 Observatio
655 372 963 538 Eclipsffi'tinae
987 451 1039 520 27.
1065 432 1143 536 Aug.
1167 453 1244 517 anni
1267 450 1461 518 hincm

338 586 369 640 ln
390 593 480 639 monte
500 583 617 654 Pesting
638 578 811 655 (Poestling)
832 582 939 637 dimidio
960 581 1070 636 milliari
1092 599 1110 635 a
1128 581 1197 636 Lins
1220 596 1329 634 versus
1352 578 1584 649 septentrionis

162 679 166 693 ·
251 669 355 730 altum,
383 666 453 718 unde
481 664 577 734 pulsus
598 663 803 734 horologiorum
830 672 861 718 et
882 680 963 717 voces
983 661 1099 733 vigilum
1125 662 1300 715 urbanorum
1332 659 1532 722 exaudiuntur,
1552 677 1586 713 nec

142 812 145 817 Ι
250 750 337 803 minus
360 745 510 800 Otensheni
532 751 561 797 et
581 744 753 815 Wilderigae
775 737 959 814 (Wilhering)
979 741 1134 814 horologia.

339 829 416 879 Hora
424 841 480 878 una
494 832 558 893 post
572 825 687 877 mediam
704 829 812 877 noctem
825 823 916 878 subito
931 830 996 877 sunt
1005 829 1083 876 ortae
1094 824 1190 876 nubes.
1214 821 1329 876 Umbra
1338 821 1369 875 in
1379 837 1484 874 summo
1492 819 1584 891 margin

251 925 346 979 parum
363 907 505 959 admodum
519 906 553 957 ad
568 903 707 957 sinistram
721 904 876 958 declinavit.
905 903 1070 972 Principium
1084 909 1146 957 erat
1167 903 1193 957 in
1216 902 1353 957 asimuth
1374 891 1403 962 )
1427 901 1583 955 fortuitooos

251 978 418 1044 82111022ο
439 993 468 1039 et
488 985 634 1038 altitudine
657 978 727 1045 28²1,
753 985 797 1037 vel
817 984 966 1039 correctius
988 976 1049 1038 29⁰,
1072 985 1119 1038 sed
1140 983 1201 1037 vide
1223 1001 1260 1036 ne
1281 982 1326 1036 sit
1350 982 1406 1036 hoc
1434 982 1461 1034 in
1483 981 1583 1050 superior

252 1071 340 1122 latere
356 1065 472 1136 regulae
486 1065 594 1127 vitioso,
615 1081 666 1134 pro
687 1082 720 1118 eo
742 1065 812 1118 enim
834 1066 999 1134 sequendum
1021 1072 1095 1117 esset
1114 1063 1243 1118 indicium
1262 1061 1413 1117 interimis
1435 1062 1529 1115 lateris
1546 1054 1585 1113 26¹:

251 1147 413 1218 principium
427 1146 479 1198 hoc
490 1152 665 1214 conspectum
679 1151 721 1199 est
736 1161 786 1214 per
800 1145 886 1198 nubes
901 1160 1012 1213 sparsas
1028 1151 1057 1197 et
1070 1144 1244 1197 dehiscentes
1258 1143 1429 1206 identidem,
1439 1142 1500 1194 ride
1514 1141 1585 1210 itsqn,

250 1247 285 1282 ne
307 1227 391 1296 paulo
413 1224 487 1294 prius
509 1225 593 1278 fuerit
612 1242 714 1279 merum
736 1224 904 1294 principium.

339 1308 381 1359 Ad
404 1306 572 1374 probandum
593 1305 643 1357 hoo
665 1304 787 1358 azimuth
807 1307 942 1375 quodnam
964 1303 1061 1367 fuerit,
1091 1309 1177 1373 capta
1196 1308 1242 1356 est
1262 1301 1293 1355 in
1317 1319 1354 1356 eo
1377 1302 1501 1356 altitudo
1519 1301 1587 1371 capiti

251 1387 440 1442 Andromedae
463 1378 523 1440 70⁰.
548 1386 595 1437 sed
616 1401 722 1438 rursum
743 1389 811 1454 puto
832 1384 916 1438 luisse
937 1382 1085 1454 superioris
1106 1383 1203 1438 lateris
1228 1381 1380 1447 indicium,
1413 1383 1522 1453 quando
1540 1383 1588 1435 lata

251 1468 368 1538 regulae
393 1465 528 1519 inferioris
552 1465 716 1518 monstravit
740 1458 822 1523 662.
863 1466 938 1518 Tunc
958 1465 1039 1518 Luna
1067 1465 1184 1516 nondum
1214 1461 1333 1516 dimidia
1362 1462 1391 1516 in
1420 1464 1521 1516 umbra
1542 1469 1589 1515 emt

252 1553 408 1616 Antequam
430 1545 478 1598 ala
491 1544 593 1615 Pegasi
614 1545 722 1597 reniret
742 1545 768 1597 in
790 1545 816 1597 id
837 1544 967 1608 azimuth,
989 1544 1086 1597 umbra
1106 1543 1161 1610 jam
1183 1546 1217 1596 ad
1240 1543 1380 1596 dextram
1402 1543 1590 1597 inclinabat-
1631 1582 1633 1589 ·

252 1629 307 1682 Ala
327 1626 431 1696 Pegasi
452 1625 479 1678 in
500 1625 548 1676 illo
571 1618 693 1678 azimuth
714 1624 812 1677 habuit
835 1624 1008 1678 altitudinem
1030 1616 1117 1683 552ιο
1145 1620 1226 1691 (cave
1250 1629 1284 1676 ut
1314 1639 1426 1693 supra,
1461 1639 1523 1676 narn
1546 1623 1592 1676 tre
1627 1672 1633 1687 ,

252 1714 314 1762 erat
336 1701 440 1769 51¹t‘),
463 1704 617 1757 Fomahant
637 1705 663 1757 in
684 1703 732 1758 illo
754 1704 876 1758 asimuth
897 1713 959 1758 erat
980 1706 1041 1758 alta
1055 1696 1095 1758 7⁰.
1111 1733 1146 1742 -
1165 1704 1232 1757 Cum
1247 1703 1353 1756 umbra
1367 1701 1592 1773 declinaretqosr'

252 1790 287 1842 ad
309 1781 326 1839 2
347 1785 502 1855 superiores
526 1785 554 1836 in
578 1801 663 1847 urna,
686 1792 747 1838 erat
770 1775 796 1844 2
819 1786 847 1838 iu
868 1785 1006 1839 azimutho
1028 1778 1132 1847 46¹l‚⁰,
1154 1783 1273 1838 altitudo
1295 1782 1347 1836 imi
1368 1782 1513 1855 marginis
1533 1773 1593 1841 tlt·

252 1866 352 1921 vitiose
373 1872 403 1919 et
423 1863 558 1934 superiori
579 1864 685 1927 latere,
712 1882 776 1918 vere
799 1864 877 1918 etin
900 1864 1020 1918 inferiori
1047 1857 1140 1924 17¹l‚⁰.
1182 1862 1255 1918 Hinc
1269 1860 1338 1931 jem
1360 1863 1524 1918 discernere
1543 1865 1595 1932 cosp

253 1946 325 2000 inter
346 1944 472 2014 superius
493 1953 522 1996 et
543 1943 655 1997 inferius
677 1945 752 1999 latus
773 1946 897 2017 regulae.
931 1945 998 1999 (lum
1014 1945 1106 1999 lucida
1122 1960 1189 2014 pars
1211 1951 1351 2014 vergeret
1371 1944 1403 1997 in
1426 1944 1531 1998 lineam
1548 1944 1596 1996 use
1629 1950 1633 1965 ¹

254 2029 322 2079 duas
350 2024 464 2078 fusionis
492 2032 521 2077 et
549 2040 608 2078 cum
638 2025 861 2095 perpendiculum
889 2042 926 2079 ex
946 2024 1037 2095 polari
1057 2025 1201 2079 demissum
1222 2025 1342 2078 caderet
1365 2024 1502 2094 proxime
1521 2022 1598 2094 spir!

253 2105 411 2175 Serpentis,
434 2119 504 2174 quae
526 2111 570 2157 est
590 2121 685 2157 versus
707 2106 922 2175 quadrilaterum
943 2104 1052 2159 minoris
1074 2105 1178 2168 Ursae,
1206 2110 1269 2157 erat
1293 2098 1431 2158 azimuth
1453 2105 1547 2159 Lunae
1562 2094 1597 2157 hb*

253 2186 342 2240 minus
367 2179 407 2245 2..
448 2184 578 2238 Azimuth
599 2185 695 2238 Lunae
717 2179 823 2248 tltl,
846 2184 964 2239 altitudo
989 2180 1047 2240 16⁰.
1087 2187 1163 2238 Tunc
1182 2185 1302 2249 nondum
1333 2185 1493 2241 occidebat
1514 2182 1599 2255 aquis

254 2266 329 2320 'lunc
350 2265 425 2318 linea
444 2281 495 2333 per
516 2254 542 2325 )
564 2272 594 2318 et
620 2267 743 2320 umbram
773 2266 957 2319 contendebat
983 2266 1068 2336 paulo
1096 2282 1180 2336 super
1206 2258 1388 2319 remotiorem
1416 2266 1525 2320 claram
1542 2279 1598 2336 qun

255 2344 389 2420 quanguli
410 2345 437 2398 in
459 2350 514 2407 m,
536 2350 607 2414 puta
627 2345 777 2399 humerum.
807 2346 876 2401 Nam
897 2347 949 2399 hoc
966 2346 1200 2417 quinquangulum
1220 2344 1311 2398 habet
1328 2346 1403 2399 duos
1419 2346 1547 2401 humeros
1560 2346 1598 2403 2,

254 2427 362 2482 oculum
382 2431 413 2478 et
433 2440 463 2478 os
484 2425 587 2495 Pegasi
608 2431 638 2478 et
665 2427 773 2480 oculum
799 2425 917 2496 equulei.
961 2426 1013 2480 Hic
1042 2434 1072 2480 et
1101 2442 1186 2496 supra
1206 2425 1288 2478 Luna
1319 2432 1386 2480 erat
1417 2423 1598 2483 obscurissina

182 2532 186 2547 ι
254 2500 391 2577 superfuit
410 2512 502 2559 tamen
522 2505 633 2575 aliquid.

343 2587 423 2640 Luna
436 2592 498 2639 tota
511 2586 662 2639 rubicunda
674 2586 735 2649 luit,
757 2588 805 2640 sed
819 2585 908 2657 magis
923 2602 1006 2639 cornu
1020 2587 1145 2656 superius
1160 2584 1248 2656 partis
1262 2585 1448 2640 constitutae
1469 2587 1498 2640 in
1516 2585 1598 2643 nnhm

255 2668 327 2737 quod
349 2672 411 2720 erat
432 2668 465 2720 ad
487 2665 626 2719 sinistram
648 2682 733 2736 supra
752 2667 870 2720 lucidam
890 2665 1055 2736 particulam
1076 2667 1220 2720 residuam.

342 2747 424 2803 Luna
444 2747 560 2800 nondum
582 2747 665 2814 plane
685 2746 818 2800 restituta
831 2746 930 2801 occidit
943 2745 971 2800 in
985 2745 1105 2801 azimuth
1119 2740 1185 2802 74⁰5
1206 2740 1238 2805 Θ
1253 2744 1281 2798 in
1295 2744 1432 2800 asimuth
1447 2739 1504 2800 75ο
1522 2744 1600 2800 habnt

256 2825 429 2881 altitudinem
452 2818 530 2889 l⁸l,⁰,
564 2833 638 2879 certe
659 2834 804 2897 utrumque
832 2828 965 2880 luminare
993 2826 1019 2879 in
1045 2826 1212 2880 semicirculo
1233 2825 1415 2880 meridionali
1438 2833 1511 2882 erat
1547 2826 1599 2880 Em

244 2906 362 2977 'quidem
383 2905 502 2976 suspicio
524 2906 641 2975 alicujus
663 2908 786 2961 defectus
807 2907 925 2970 residui,
957 2909 1004 2959 sed
1033 2908 1144 2978 cogita,
1175 2923 1212 2962 an
1240 2905 1326 2960 fuerit
1352 2912 1472 2963 tanturn
1492 2905 1599 2960 debilitas

255 2987 363 3042 luminis
385 3004 422 3040 ex
442 2987 493 3040 illa
513 2994 603 3055 parte.
842 2996 846 3014 ¹
1204 3028 1207 3032 .

345 3067 438 3121 Causa
458 3066 580 3119 incertae
601 3067 801 3120 observationis
821 3066 874 3121 fuit
894 3066 957 3120 ista.
996 3066 1062 3119 Cum
1081 3066 1208 3136 oppidum
1221 3065 1349 3120 Liuninm
1362 3067 1512 3122 montibus
1524 3064 1600 3120 vidus

256 3146 293 3200 sit
313 3145 565 3209 circumvallatum,
595 3164 691 3199 versus
721 3154 810 3200 ortum
838 3149 887 3201 dos
915 3147 1075 3210 hocheclrh,
1106 3164 1201 3201 versus
1230 3162 1359 3201 occasum
1380 3148 1545 3219 Wienbnrg
1559 3146 1599 3200 ml

256 3226 284 3281 S.
300 3226 497 3297 Martinsberg,
519 3227 547 3277 in
562 3227 639 3294 cujus
654 3225 725 3280 collo
746 3243 798 3280 arx
819 3227 956 3280 altissima
975 3244 1081 3280 omnem
1101 3233 1275 3298 prospectum
1295 3226 1426 3296 eripiens
1448 3225 1600 3282 ostiatim

256 3322 350 3360 meae:
379 3323 433 3375 ego
454 3311 486 3357 ut
507 3312 650 3375 utrumque
671 3306 806 3359 luminare
827 3307 855 3360 in
875 3307 1017 3360 horizonte
1037 3307 1173 3371 viderem,
1201 3323 1321 3376 vespera
1344 3311 1555 3377 praecedente,
1578 3314 1599 3359 st

256 3386 371 3457 primum
392 3384 550 3439 serenitatis
572 3387 721 3440 duraturae
742 3387 808 3439 fides
825 3387 890 3440 milri
910 3394 954 3440 est
975 3388 1065 3450 fama,
1088 3395 1169 3457 porta
1185 3386 1246 3456 jam
1261 3385 1324 3455 jam
1345 3388 1510 3443 claudenda
1529 3386 1600 3457 eropi

256 3472 287 3521 et
307 3465 450 3519 comitibus
472 3466 577 3519 duobus
600 3466 711 3520 adscitis
732 3467 760 3520 in
787 3469 900 3520 arduum
927 3474 1044 3521 montem
1072 3484 1123 3537 per
1152 3468 1231 3522 nnius
1256 3466 1345 3520 horae
1373 3469 1506 3538 spatium
1525 3467 1599 3522 ento

256 3563 333 3609 sum,
362 3546 542 3600 instrumento
568 3545 717 3600 instructus
739 3565 793 3600 non
815 3547 956 3601 admodum
981 3550 1135 3612 commodo,
1166 3547 1337 3618 triangulum
1362 3554 1433 3602 erat
1455 3546 1599 3603 azimnthali

159 3664 187 3698 χ
256 3627 357 3680 circulo
378 3627 457 3679 unius
479 3626 555 3695 pedis
577 3627 710 3680 diametro
730 3627 902 3697 impositum,
928 3627 1063 3682 lateribus
1084 3628 1322 3699 complicatilibus.
1365 3628 1466 3683 Locus
1486 3631 1599 3683 observo

257 3707 338 3761 tionis
359 3707 410 3760 sub
431 3706 474 3759 dio
495 3708 523 3759 in
544 3708 636 3760 novali
658 3723 766 3777 aspero.
795 3712 819 3759 Δ
834 3708 935 3761 mstioo
957 3707 1044 3762 vicino
1062 3725 1113 3778 per
1131 3710 1244 3763 duarum
1264 3709 1399 3762 horarum
1422 3711 1543 3779 spatium
1561 3709 1597 3760 in

254 3793 372 3856 portune
393 3792 423 3838 et
442 3786 627 3841 indesinenter
648 3788 782 3857 pulsando
804 3789 876 3841 fores
897 3796 927 3842 et
954 3788 1094 3843 clamando
1115 3790 1151 3842 ad
1175 3788 1260 3844 ravim
1286 3805 1390 3858 nsque.
1425 3789 1478 3844 vix
1504 3791 1598 3842 tandem

255 3884 306 3921 nec
326 3866 378 3920 nisi
400 3867 474 3936 prius
497 3867 653 3921 convocatis
674 3867 770 3921 ricinis
790 3869 826 3922 ab
847 3868 926 3923 nnius
948 3875 1032 3939 atque
1047 3869 1162 3923 alterius
1176 3868 1258 3923 stadii
1279 3869 1437 3923 intervallo
1461 3869 1531 3937 (cnm
1544 3885 1597 3923 nun·

255 3947 325 4000 cium
346 3948 416 4001 clam
437 3964 487 4015 per
501 3948 634 4016 posticum
649 3943 797 4014 emisisset)
819 3948 928 4002 admissi
946 3965 1052 4012 sumus;
1075 3968 1125 4003 nec
1140 3949 1256 4019 amplius
1271 3947 1376 4020 aliquid
1392 3950 1595 4020 impetravimus

255 4043 335 4098 quam
356 4026 489 4096 tripedem
509 4034 634 4081 truncum
655 4029 768 4082 duorum
788 4030 888 4098 pedum
905 4029 1060 4094 altitudine,
1082 4029 1177 4100 inquo
1195 4029 1364 4100 erigeremus
1387 4029 1595 4086 instrumentum

344 4107 493 4161 Candelam
513 4114 563 4161 aut
583 4107 704 4162 faculam
724 4109 807 4162 nullis
834 4108 941 4162 omnino
967 4109 1095 4179 precibus
1124 4109 1303 4172 extorsimus,
1334 4125 1388 4163 nec
1418 4111 1496 4183 ignis
1516 4125 1593 4165 stow

255 4186 342 4250 dendi,
364 4187 431 4239 licet
451 4187 554 4241 eminus
576 4188 603 4240 in
625 4204 701 4258 agro,
724 4189 805 4258 copia
818 4189 895 4243 nobis
917 4189 1001 4252 facta,
1023 4196 1098 4244 metu
1112 4190 1353 4252 incendiariorum
1374 4189 1480 4262 itaque
1493 4192 1594 4246 carbone

255 4267 370 4319 ardente
391 4271 470 4320 notas
492 4267 520 4319 in
540 4267 721 4323 instrumento
741 4269 935 4339 inquisivimus,
958 4270 1087 4341 virgultis
1102 4277 1131 4325 et
1144 4270 1244 4324 assulis
1260 4286 1310 4339 pro
1330 4270 1442 4340 forcipe
1456 4287 1546 4326 snmus
1561 4265 1593 4320 nsi

255 4342 283 4397 in
309 4347 538 4413 apprehendendo
568 4349 699 4412 carbone,
724 4349 840 4420 denique
861 4349 974 4419 supinus
995 4351 1022 4402 in
1043 4366 1114 4421 agro
1134 4356 1290 4420 prostratus
1312 4351 1427 4405 oculum
1448 4347 1592 4422 pinnacidiit

255 4424 387 4492 supposui
412 4427 560 4497 notavique
580 4445 703 4482 cerussa
730 4429 937 4483 observationes
960 4430 987 4483 in
1007 4446 1116 4501 papyro
1136 4430 1248 4485 humida
1268 4431 1303 4484 nb
1323 4446 1435 4495 rorem,
1462 4434 1500 4486 ad
1518 4432 1591 4484 lum

253 4502 299 4558 vel
319 4504 416 4557 Lunae
436 4507 481 4560 vel
503 4508 636 4562 carbonis.

343 4583 408 4636 Cum
431 4585 468 4639 sit
488 4588 627 4643 anomalia
648 4579 674 4650 h
698 4584 727 4642 6·
745 4580 778 4642 6⁰
796 4583 853 4653 42‘,
875 4595 920 4643 est
940 4581 1188 4653 semidiameter)
1213 4584 1259 4644 17¹
1274 4582 1313 4644 l“
1335 4590 1381 4644 vel
1403 4591 1493 4661 paulo
1513 4588 1590 4656 major.

254 4663 325 4718 Nam
346 4663 369 4715 si
390 4664 550 4721 diametrum
573 4668 601 4722 in
628 4684 756 4740 apogsen
786 4674 937 4724 statuerem
961 4668 1008 4726 30‘
1030 4667 1097 4735 30⁴2
1124 4679 1158 4727 ut
1184 4676 1249 4725 ante
1272 4685 1360 4724 annos
1383 4665 1445 4736 12,
1476 4671 1591 4743 perigm

253 4742 377 4812 prodiret
397 4743 484 4811 major
498 4762 579 4816 quam
602 4746 649 4806 34‘
663 4745 719 4813 8”;
740 4751 853 4803 umbrae
869 4750 1070 4806 semidiameter
1084 4748 1132 4806 49‘
1142 4747 1191 4808 δ”.
1220 4751 1274 4805 Est
1287 4756 1382 4805 antem
1397 4759 1432 4805 et
1446 4749 1590 4807 dutum·

254 4824 324 4878 nodo
345 4816 378 4878 5⁰
397 4820 445 4879 45‘
466 4830 612 4884 secundum
631 4846 683 4898 me,
705 4836 735 4884 et
754 4830 873 4886 latitudo
895 4832 999 4905 angulo
1017 4848 1119 4904 magno
1139 4824 1174 4888 5⁰
1193 4824 1242 4887 18‘
1262 4824 1379 4887 astii‘
1394 4825 1470 4888 50¹¹.
1499 4831 1590 4887 Sum
