3278 5550
152 264 221 341 504
574 268 604 328 ln
623 275 808 330 commuta
822 272 857 331 ds
873 277 979 331 noetus
996 277 1086 332 Martis

154 463 278 530 aequata
305 473 370 511 vero
397 456 480 510 MNA
509 457 638 527 angulus.
682 458 761 511 Data
786 458 877 512 media
900 459 982 514 ΑΚΝ
1010 478 1065 514 non
1094 461 1191 515 habeo
1217 463 1328 519 modum
1351 465 1464 523 urenbsd

153 538 273 593 eocentei
293 537 460 592 anomaliam
481 537 536 591 ΔΚ
561 536 646 592 aliter
674 554 756 609 quam
786 556 836 608 per
863 539 936 595 salsi.
983 540 1060 595 Pono
1086 542 1163 597 enirn
1191 558 1288 599 noum
1310 546 1360 601 ΔΚ
1381 557 1407 601 et
1425 549 1464 619 ψ

153 620 241 673 sinum
263 619 328 682 KL,
361 618 513 688 multiplico
543 617 571 671 in
591 617 715 671 valorem
737 635 821 672 areae
841 621 980 674 maximae
1000 621 1094 683 ΕΗΝ,
1121 621 1173 693 qui
1200 630 1249 679 est
1271 619 1362 682 19110
1378 632 1464 683 seona

153 696 257 768 [prodit
277 699 321 752 hic
341 700 421 752 valor
442 717 479 752 ex
499 698 728 767 multiplicatione
748 700 800 752 ΕΗ
827 699 855 753 in
875 698 1012 757 dimidiam
1032 702 1085 755 ΗΝ
1106 704 1356 771 ecoentricitatem,
1380 718 1406 762 et
1420 726 1464 764 oce

151 779 298 849 paratione
319 780 397 834 lacta
417 781 451 832 ad
473 796 567 833 aream
594 778 704 837 circuli.
733 795 814 851 quam
843 797 915 849 pono
940 780 1035 837 valere
1056 782 1186 837 technice
1207 780 1305 854 360·].
1343 789 1396 842 Hoc
1410 800 1464 859 psat

151 859 217 915 mihi
237 859 329 930 prodit
350 876 418 914 area
438 860 519 913 KHN
540 860 568 915 in
589 859 724 929 scrupulis
746 861 889 923 secundis,
920 878 992 931 quae
1021 864 1091 916 addo
1119 867 1155 918 ad
1184 864 1308 935 positum
1328 883 1411 923 arcun
1425 870 1464 931 al,

151 956 201 993 seu
222 956 314 994 aream
333 928 417 995 ΑΗΚ
437 935 515 1010 [quia
536 941 632 994 eadem
648 939 707 1008 jam
728 948 773 993 est
793 937 934 1008 mensura]
962 950 995 996 ut
1014 945 1116 1012 prodat
1133 944 1219 1000 ARN
1229 967 1238 1000 ε
1260 962 1333 1018 quae
1352 949 1379 1003 si·
1395 956 1464 1022 seqre

149 1022 243 1074 datam
264 1021 432 1074 anomaliam
453 1020 583 1083 mediam.
612 1027 678 1073 tuno
698 1020 769 1073 bene
790 1021 870 1090 posui
891 1022 953 1077 ΑΚ.
994 1024 1108 1077 Tabulis
1128 1026 1312 1092 constructis,
1341 1034 1372 1083 ut
1392 1028 1464 1100 quita

148 1117 203 1171 ego
221 1101 280 1169 jam
302 1101 454 1164 construxi,
472 1101 531 1169 jam
552 1101 631 1155 nulla
650 1108 695 1153 est
716 1100 833 1169 amplius
855 1100 882 1154 in
897 1102 951 1155 hac
963 1104 1101 1172 positione
1114 1104 1278 1164 diffieultas.
1309 1108 1406 1165 Statim
1421 1111 1462 1165 eil·

148 1181 320 1251 excerpitur.
361 1181 415 1235 Sed
437 1197 490 1251 ego
508 1181 569 1250 jam
589 1180 732 1233 versoria
753 1181 901 1235 traditione
931 1182 1005 1237 modi
1030 1186 1206 1255 computandi
1230 1189 1460 1261 aequationentri·

148 1277 208 1315 cam
230 1261 361 1333 aliquam.
403 1262 479 1314 Dato
504 1278 570 1316 arcu
591 1260 645 1315 ΔΚ
670 1267 700 1313 et
719 1261 785 1324 LE,
816 1261 859 1315 oui
880 1263 950 1315 addo
971 1260 1025 1317 ΗΝ
1054 1266 1305 1332 eoceutricitatem,
1333 1269 1416 1339 prodit
1427 1270 1459 1325 ul

146 1341 241 1397 Ducta
261 1342 316 1396 ΚΗ
336 1341 452 1413 ejusque
473 1341 693 1412 perpendiculari
715 1341 772 1404 NT,
794 1341 848 1395 erit
868 1342 919 1396 ΚΤ
940 1340 1069 1401 mensura
1088 1345 1249 1402 distantiae
1263 1349 1293 1403 Μ
1312 1351 1458 1420 planetacrl

146 1421 267 1478 NSole.
310 1423 381 1477 Nam
401 1422 452 1476 ΚΤ
473 1429 502 1475 et
522 1422 577 1477 MN
597 1427 663 1475 sunt
684 1421 826 1493 aequales.
866 1422 927 1476 Hoc
947 1423 975 1477 in
997 1424 1205 1482 Commentariis
1228 1426 1288 1483 dixi
1309 1430 1414 1501 quidem,
1429 1432 1456 1484 sd

146 1502 175 1556 in
194 1502 248 1557 boc
268 1503 409 1556 schemate
430 1518 491 1573 cap.
511 1502 584 1557 LIX.
607 1508 636 1555 et
657 1501 709 1555 LX
728 1518 783 1554 non
803 1501 951 1571 explicari.

226 1584 287 1637 Jam
308 1583 396 1654 ign'tur
415 1582 535 1638 babetur
548 1581 611 1645 ΜΝ,
633 1582 682 1635 NL
702 1589 733 1635 et
750 1581 773 1635 L
793 1591 893 1646 rectus,
915 1585 998 1638 datur
1016 1583 1104 1657 igitur
1123 1584 1204 1642 um.
1225 1604 1316 1645 auom
1335 1596 1455 1661 coaequa

226 1664 304 1717 Haec
328 1664 391 1716 ideo
417 1663 489 1732 pam,
519 1662 584 1734 quia
614 1660 747 1733 recolligo
775 1662 921 1727 memoria,
952 1663 1037 1719 fuisse
1063 1666 1129 1720 mihi
1156 1670 1372 1724 controversiam
1394 1676 1454 1731 ten.

146 1743 233 1812 primo
255 1745 325 1814 quod
344 1745 480 1814 putabas,
501 1744 652 1813 incongrue
674 1759 691 1795 a
712 1759 754 1794 me
775 1743 888 1805 dictum.
911 1759 1004 1798 aream
1024 1746 1104 1799 ΑΚΝ
1124 1748 1216 1801 metiri
1238 1750 1395 1813 distantias¹
1412 1765 1455 1821 quc

147 1832 212 1876 sunt
238 1824 343 1888 lineae,
372 1825 482 1887 deiude,
514 1824 579 1894 quia
604 1822 693 1893 magis
719 1822 769 1875 tibi
795 1824 889 1877 arrisit
915 1824 987 1877 ratio
1008 1824 1133 1881 Fabricii.
1175 1828 1231 1882 Sed
1251 1832 1286 1883 de
1306 1831 1387 1901 primo
1402 1829 1454 1900 pin

146 1903 370 1959 Demonstratum
401 1905 507 1968 habeo,
539 1903 686 1957 distantias
716 1904 785 1956 duas
813 1910 975 1972 punctorum
1003 1907 1191 1976 oppositorum
1212 1909 1284 1974 ΜΝ,
1313 1910 1362 1965 ΝΤ
1381 1910 1455 1981 jum

147 2000 268 2054 aequare
289 1984 451 2039 diametrum
471 1985 521 2040 Kl.
562 1984 643 2038 Secto
665 1982 751 2054 ign'tur
778 1984 878 2037 circulo
899 1984 953 2038 ΑΚ
978 1985 1006 2038 in
1031 1995 1128 2056 partes
1156 1990 1289 2059 aequales
1315 2007 1365 2063 quo

134 2065 350 2119 constituentur
370 2066 483 2119 totidem
509 2072 646 2126 sectores,
676 2064 721 2134 qui
746 2063 863 2133 impleut
887 2064 1025 2122 circulum.
1065 2067 1124 2121 Nec
1147 2068 1240 2139 maior
1264 2088 1315 2125 nec
1342 2071 1414 2125 minor

147 2160 216 2198 area
229 2145 322 2199 circuli
343 2146 467 2200 omnibus
489 2145 546 2199 suis
560 2143 722 2199 sectoribus.
751 2143 837 2215 Atqui
852 2144 915 2207 ΜΝ,
937 2145 988 2199 ΝΥ
1007 2152 1037 2199 et
1056 2149 1183 2219 reliquae
1203 2149 1353 2205 distantiae

145 2224 205 2288 ΚΤ,
228 2225 271 2287 TI.
292 2225 319 2278 id
334 2234 378 2278 est
391 2227 455 2289 ΚΗ,
477 2227 525 2289 HL
546 2228 613 2279 duos
628 2233 759 2287 sectores,
781 2232 811 2276 et
831 2224 870 2277 sic
890 2234 955 2280 sunt
975 2225 1127 2282 distantias
1147 2229 1360 2303 totidem-quot

147 2305 278 2376 aequales
299 2323 359 2359 cum
380 2306 434 2360 illis
456 2302 497 2373 [in
517 2301 634 2371 summa]
654 2304 843 2374 longitudine,
865 2321 945 2375 quam
967 2307 1167 2379 longn'tudinem
1187 2311 1354 2366 verbotenus
1371 2308 1464 2393 palis'ssj

145 2386 251 2438 habere
271 2386 445 2441 latitudinem
466 2394 615 2449 sectorum,
644 2402 674 2438 re
695 2386 757 2454 ipsa
777 2385 897 2438 nullam:
927 2386 1027 2456 quippe
1056 2388 1140 2443 etiam
1160 2389 1189 2443 iu
1210 2390 1319 2445 infinita
1337 2388 1456 2445 ‹lirissc's¹

146 2466 208 2519 culo
227 2483 296 2520 vera
316 2468 465 2522 etiamnum
486 2473 530 2520 est
554 2465 718 2520 affirmatio:
746 2481 822 2541 ergo
842 2480 909 2519 area
928 2466 1023 2521 circuli
1042 2469 1155 2523 metitur
1182 2470 1314 2541 ellipseos
1334 2478 1457 2542 punctu!

145 2545 183 2609 Μ,
200 2546 225 2600 Y
244 2554 296 2602 eto
319 2547 464 2602 distantias
485 2563 547 2601 eam
568 2545 740 2601 latitudinem
760 2545 910 2610 habentes,
933 2562 1015 2617 quam
1035 2558 1165 2604 sectores.
1205 2551 1288 2605 Hunc
1308 2554 1403 2606 modum
1416 2549 1464 2625 idat.

145 2625 260 2690 retineo,
284 2628 348 2698 quia
369 2629 396 2682 in
418 2630 516 2682 effectu
538 2640 582 2681 est·
603 2626 729 2695 optimus.
760 2625 830 2679 Nam
851 2625 874 2679 si
895 2626 982 2681 diviso
1003 2628 1105 2682 circulo
1125 2630 1153 2683 in
1175 2625 1234 2685 360
1254 2640 1400 2704 computem
1413 2628 1464 2701 tot]

146 2709 206 2761 dem
226 2708 325 2772 lineas,-
346 2725 391 2762 res
412 2711 507 2762 eodem
520 2707 626 2770 recidit,
648 2706 714 2776 quia
727 2705 816 2759 ducilis
831 2714 999 2776 computatu,
1022 2716 1052 2762 et
1071 2709 1144 2781 quia,
1167 2713 1238 2782 quod
1251 2724 1338 2783 caput
1349 2720 1395 2776 est
1409 2708 1464 2781 pls-T

146 2786 217 2841 sicas
240 2804 339 2842 causas
360 2789 500 2858 exprimit.
540 2789 606 2842 Cum
627 2785 746 2839 enimin
767 2786 930 2856 aequalibus
952 2789 1071 2843 acubus
1092 2805 1187 2845 morae
1206 2792 1264 2845 sint
1283 2800 1317 2847 ut
1334 2790 1457 2853 distantiat

146 2884 214 2922 area
234 2869 348 2922 metiens
370 2870 422 2922 hoc
441 2877 525 2940 pacto
546 2867 693 2922 distantias
713 2867 826 2920 metitur
846 2875 876 2919 et
889 2868 1117 2937 mores·jnnotcs.
1152 2870 1313 2927 Distantias
1333 2882 1413 2927 autin
1426 2882 1460 2940 p!

146 2964 176 3000 se
197 2947 323 3019 singulas
345 2948 520 3020 computandi
541 2958 571 3002 et
591 2947 741 3018 colligendi
761 2947 789 3000 in
810 2962 929 3002 summas
949 2948 1029 3004 labor
1048 2958 1094 3005 est
1112 2950 1269 3007 immensus.

224 3029 287 3082 lam
302 3031 336 3082 ad
348 3031 537 3084 Fabriciauam
546 3029 626 3082 viam
648 3029 675 3082 ls
690 3029 790 3080 educta
800 3029 852 3080 HD
867 3035 1079 3095 <schemedeestt
1095 3049 1165 3102 quae
1180 3032 1217 3086 sit
1231 3033 1284 3102 ipsi
1295 3034 1352 3088 ΚΜ
1360 3031 1459 3104 sequela

144 3107 246 3162 retinet
260 3109 313 3163 ΔΚ
332 3109 469 3174 circulum,
492 3111 592 3163 librato
611 3114 705 3161 centro
720 3125 756 3161 ex
770 3108 796 3160 H
818 3108 844 3160 in
858 3108 892 3163 D.
923 3109 998 3162 Tunc
1014 3120 1109 3165 erecta
1121 3112 1174 3166 ΝΗ
1190 3129 1263 3166 nova
1279 3115 1354 3168 linea
1369 3115 1460 3183 apsidas

143 3188 259 3242 libratili
280 3190 346 3242 dicit
366 3192 443 3244 MDF
464 3208 525 3243 esse
553 3189 668 3243 mediam
690 3187 864 3241 anomaliam.
907 3189 978 3251 Quia
1002 3192 1073 3246 enim
1098 3192 1227 3262 paralleli
1255 3203 1321 3248 sunt
1339 3195 1400 3257 ΚΗ,
1416 3192 1460 3252 ΜΠ,

144 3268 183 3321 sic
211 3276 240 3321 et
261 3270 330 3333 HA,
353 3271 421 3334 DG,
454 3270 587 3340 angulum
609 3270 696 3331 GDF,
727 3269 744 3323 i.
766 3287 790 3321 e.
813 3268 891 3321 HND
917 3269 984 3323 iacit
1011 3273 1156 3343 aequalem
1180 3273 1271 3327 valeri
1299 3292 1380 3329 areae
1398 3271 1461 3327 ΚΗΝ

143 3349 172 3403 Id
193 3366 279 3418 prope
301 3366 394 3404 verum
416 3360 516 3404 estex
537 3351 589 3403 hac
609 3365 710 3402 causa:
733 3364 841 3416 semper
862 3350 914 3402 ΗΝ
935 3356 979 3403 est
999 3368 1099 3420 parra,
1121 3352 1293 3423 triangulum
1314 3355 1395 3427 igitur
1405 3349 1462 3409 lull

143 3446 197 3482 non
218 3430 304 3484 multo
326 3440 441 3500 superat
461 3440 603 3492 sectorem,
627 3433 704 3498 euJus
720 3428 839 3500 angulus
855 3429 944 3494 ΗΚΝ,
965 3432 1057 3486 radius
1079 3434 1143 3496 ΗΚ,
1164 3432 1278 3487 inferius
1300 3436 1385 3489 minus
1402 3432 1463 3506 psal·

143 3516 196 3562 est.
238 3511 276 3564 Et
297 3527 380 3565 areae
401 3520 538 3566 sectorum
558 3519 622 3564 sunt
642 3521 675 3564 ut
695 3509 791 3579 anguli
817 3526 919 3564 eorum.
959 3511 1036 3581 Ergo
1059 3515 1178 3585 angulus
1199 3513 1282 3568 ΗΚΝ
1303 3516 1361 3570 fere
1379 3515 1464 3570 metita

144 3604 236 3645 aream
257 3592 346 3650 ΗΚΝ.
389 3593 451 3647 Jam
471 3592 550 3646 HND
572 3590 692 3662 angulus
714 3598 758 3642 est
780 3589 837 3642 fere
857 3590 983 3660 aequalis
1004 3594 1110 3663 angulo
1130 3592 1221 3649 ΗΚΝ.
1254 3594 1364 3666 Quippe
1382 3599 1464 3649 dense

143 3678 260 3727 stratum
282 3673 381 3735 habeo,
404 3680 435 3727 ut
454 3674 506 3729 ΕΗ
527 3675 561 3726 ad
583 3673 642 3734 HN,
665 3671 703 3723 sic
725 3670 776 3723 ΗΝ
798 3686 858 3721 esse
880 3672 914 3722 ad
935 3671 992 3726 ΕΒ.
1034 3672 1072 3727 Ut
1090 3689 1156 3727 vero
1176 3674 1231 3727 ΗΝ
1251 3676 1285 3728 ad
1307 3675 1365 3737 ΝΤ,
1384 3675 1418 3730 sit
1432 3670 1464 3728 Ed

143 3752 178 3804 ad
199 3750 263 3815 ΚΜ,
287 3754 303 3805 ἰ.
321 3771 345 3807 e.
367 3754 428 3810 HD.
471 3754 578 3822 Quippe
599 3760 630 3804 ut
650 3751 702 3804 ΗΝ
724 3751 758 3802 ad
780 3748 836 3812 ΝΤ,
858 3749 896 3802 sio
917 3750 972 3804 ΗΚ
993 3752 1027 3804 ad
1048 3753 1108 3816 KL,
1129 3760 1162 3807 ut
1181 3769 1247 3808 vero
1267 3752 1334 3820 ΗΚ,
1355 3756 1372 3813 i.
1390 3775 1414 3810 e.
1430 3752 1464 3809 ul

143 3832 177 3885 ad
198 3831 257 3890 Ka.
280 3833 319 3886 sic
338 3835 386 3888 ER
408 3836 441 3887 ad
464 3835 529 3888 ΚΜ.
566 3832 601 3886 Ut
621 3832 706 3902 igitur
728 3830 778 3882 ΗΝ
800 3831 834 3882 ad
856 3830 912 3891 ΝΤ,
935 3831 973 3885 eic
992 3830 1041 3886 ΕΒ
1062 3835 1097 3886 ad
1117 3833 1182 3896 ΚΜ,
1204 3833 1223 3888 ἰ.
1245 3852 1269 3889 e.
1292 3837 1355 3892 HD.
1389 3830 1464 3899 Quodsi

105 3950 109 3957 .
143 3927 211 3985 ergo
231 3911 283 3967 ΚΤ
303 3921 378 3968 esset
399 3914 523 3984 aequalis
544 3913 595 3983 ipsi
616 3913 684 3970 ΚΗ,
713 3918 779 3964 tuno
800 3909 875 3964 ΤΚΝ
901 3920 930 3964 et
950 3911 1030 3966 HND
1050 3924 1144 3969 essent
1163 3915 1330 3984 simpliciter
1349 3912 1464 3989 aequalia

142 3992 231 4046 Paulo
255 3993 343 4066 igitur
372 3995 462 4065 major
491 4002 535 4048 est
566 3993 643 4047 ΗΝΙ)
674 4007 754 4063 quam
782 3989 866 4044 TKN.
878 4050 886 4069 ,1
910 3992 993 4063 Atqui
1019 3993 1103 4051 etiam
1132 3994 1216 4065 paulo
1243 3996 1336 4066 major
1360 4004 1464 4053 estuat

141 4072 222 4128 ΗΚΝ
244 4074 271 4129 in
293 4075 386 4129 valore
408 4093 465 4138 suo,
488 4090 569 4145 quam
590 4072 710 4144 angulus
724 4070 813 4126 ΗΚΝ.
846 4070 923 4145 Ergo
945 4072 1074 4147 credibile
1095 4085 1147 4139 est,
1168 4074 1253 4145 plane
1273 4079 1407 4151 aequales
1424 4092 1464 4132 sau

141 4154 276 4224 angulum
288 4154 368 4210 HND
390 4156 435 4210 vel
449 4155 523 4211 GDF
542 4163 572 4208 et
592 4150 714 4209 valorem
734 4150 867 4223 trianguli
887 4151 977 4209 ΗΚΝ.
1009 4153 1110 4217 Quodsi
1130 4157 1272 4227 aequales,
1295 4166 1364 4215 tunc
1382 4158 1464 4230 utriq!

142 4239 173 4285 et
191 4235 258 4289 mibi
278 4242 308 4288 et
320 4235 447 4290 Fabricio
468 4252 517 4306 por
538 4235 652 4288 eandem
671 4231 835 4287 anomaliam
856 4233 972 4287 mediam
991 4234 1085 4304 prodit
1097 4237 1192 4290 mem
1205 4240 1351 4295 mensus
1362 4234 1464 4299 maid

141 4313 208 4367 mibi
227 4314 335 4385 quidem
348 4314 403 4370 ΑΚ
424 4315 580 4386 impropria,
602 4314 653 4384 ipsi
674 4330 739 4367 vero
754 4311 824 4366 GM:
845 4311 946 4385 quippe
963 4315 1096 4385 aequales
1111 4324 1251 4385 ponuntur
1262 4317 1348 4376 HD?
1364 4330 1395 4377 οι
1410 4318 1464 4375 val!

141 4408 226 4447 areae
240 4394 329 4458 ΑΚΝ,
351 4397 480 4466 aequalia
495 4412 560 4449 vero
574 4402 604 4447 et
618 4394 691 4449 GDF
704 4402 734 4446 et
754 4392 832 4444 valor
853 4408 936 4446 areae
954 4394 1044 4459 ΚΗΝ,
1065 4396 1259 4468 relinquuntur
1277 4398 1369 4472 igitur
1386 4412 1464 4475 aequ

140 4471 181 4526 lia
201 4472 282 4528 ΘΒΜ
302 4481 332 4529 et
351 4476 430 4529 valor
450 4491 533 4530 areae
554 4474 641 4535 AHD.
663 4473 680 4528 i.
701 4491 725 4528 e.
747 4472 866 4542 angulus
888 4474 976 4530 ΔΗΙ).

219 4552 321 4609 Verum
340 4557 417 4620 vide,
449 4557 545 4627 quibus
570 4552 778 4608 difficultatibus
800 4552 886 4605 bonus
906 4553 949 4608 vir
969 4555 1160 4621 ‚condiotetnn
1182 4557 1286 4628 quippe
1312 4576 1374 4615 cram
1392 4564 1464 4632 porat

140 4648 192 4703 per
211 4635 445 4690 eccentricitatem
465 4637 534 4701 ΗΝ,
563 4634 580 4689 ἰ.
601 4653 625 4690 e.
646 4633 700 4689 DX
725 4632 987 4700 computarem
1011 4644 1041 4690 et
1067 4644 1167 4706 postea
1196 4638 1300 4693 addere
1329 4638 1424 4706 ml.
1440 4632 1464 4692 'd

141 4712 248 4768 antea
267 4714 364 4780 nus,
387 4716 458 4772 .ῑωί
478 4734 533 4789 ego
554 4715 612 4769 erra
632 4714 726 4784 eliqua
746 4713 833 4767 roma
852 4714 952 4768 cucur
972 4714 1106 4771 interdum
1128 4724 1256 4789 empna
1275 4715 1361 4776 xus
1377 4710 1464 4777 w

140 4792 214 4867 liam¹
228 4795 353 4852 fictitiam
373 4806 567 4871 coaequatam,
587 4803 688 4866 postea
707 4793 805 4858 ΚΝΜ,
827 4809 915 4864 eaque
936 4795 1037 4852 ablata
1054 4796 1145 4853 babeo
1164 4796 1248 4854 ΜΝΔ
1267 4812 1336 4857 rere
1355 4810 1464 4873 eoasq-
