3278 5550
650 320 812 377 Prooemium.
856 280 859 285 Ι

64 510 187 566 mentum
215 503 326 584 prodet
353 503 529 566 distantiam
552 518 578 581 ὁ
608 501 646 563 ab
677 502 816 583 opposito
840 503 906 563 loco
1112 498 1167 566 ¹³⁵8·
1189 496 1214 552 ³·

66 591 139 670 '[·)in
153 592 269 655 circulo
292 612 403 673 magno
422 612 476 673 per
490 599 648 672 utrumque
672 610 781 672 corpus
803 599 925 654 trans-·
1194 623 1221 672 A

65 691 152 743 erute.
202 681 318 753 Quinto
349 700 405 762 per
435 682 513 744 hanc
543 680 721 743 distantiam
748 681 837 742 modo
859 681 909 742 in-

65 780 175 832 ventam
202 781 347 852 tauquam
369 789 424 851 per
445 770 534 832 basin
558 777 590 831 et
606 788 661 850 per
684 771 836 849 angulum,
859 768 911 851 qui

67 880 144 938 supra
181 860 268 920 arcui
305 859 511 921 inclinationis
544 859 702 940 oppositus
743 859 909 933 dicebatur,

66 959 215 1029 quaeretur
239 950 270 1010 in
289 949 441 1029 triangulo
464 949 624 1031 sphaerico
648 949 729 1010 latus
752 957 909 1029 utrumque

66 1038 132 1098 rirra
147 1046 279 1099 rectum.
317 1039 366 1101 Sit
378 1037 463 1101 BAC
483 1037 672 1119 sphaericum
691 1039 908 1117 rectiangulum.

66 1128 84 1187 B
114 1127 278 1206 oppositus
314 1147 406 1189 verus
436 1125 497 1206 Θ,
538 1126 622 1191 ΟΒΑ
662 1127 790 1205 angulus
827 1125 910 1187 arcui

67 1215 263 1278 inclinationis
288 1216 456 1297 oppositus,
480 1216 537 1280 AB
561 1215 708 1277 distantia
731 1231 757 1292 0·
783 1216 850 1277 visa
872 1215 911 1276 ab
964 1217 983 1261 Β

67 1305 196 1384 opposito
221 1301 265 1380 Θ
287 1324 371 1367 vero.
417 1305 477 1367 Est
498 1304 584 1368 BOA
608 1311 717 1365 rectus.

139 1393 248 1466 Quare
265 1393 416 1456 dabuntur
428 1395 526 1456 latera
542 1393 609 1467 CA,
634 1393 763 1454 latitudo
782 1407 808 1470 (ς
831 1393 927 1467 visa‚·

67 1490 89 1541 et
106 1485 174 1557 ΑΒ,
200 1483 352 1544 distantia
370 1499 398 1561 (ς
418 1484 486 1545 visa
509 1481 547 1544 ab
566 1482 705 1562 opposito
725 1482 811 1544 Solisl
826 1502 908 1545 vero.

10 1594 12 1649 ξ
65 1570 161 1652 Sisque
186 1572 327 1635 calculus
350 1572 409 1633 erit
431 1573 598 1634 absolutus.

671 1711 805 1724 -ι

137 1782 188 1833 His
206 1784 354 1848 praemissis
373 1782 485 1833 addimus
498 1798 537 1840 ea,
556 1796 620 1848 quae
635 1782 758 1847 Keplerus
777 1794 833 1829 cum
852 1782 938 1831 amieis
956 1783 1009 1848 ep't
1026 1781 1057 1832 ds
1071 1797 1144 1848 opere
1162 1797 1215 1839 ruo.
1234 1797 1290 1834 oum
1308 1779 1431 1833 nondum·

66 1869 83 1901 rs
95 1855 206 1918 incepto,
227 1863 284 1905 tum
304 1863 424 1919 exparte
442 1861 540 1904 tantum
559 1853 676 1917 perlecto,
697 1859 750 1901 turn
769 1850 874 1914 denique
894 1854 1016 1904 absoluto.

137 1927 286 1990 Keplerum
304 1928 362 1979 inde
382 1927 413 1976 ab
432 1940 498 1976 anno
519 1923 595 1975 1597.
614 1926 695 1974 multa
712 1937 756 1987 per
772 1922 859 1971 literas
878 1926 958 1989 egisse
977 1939 1034 1976 cum
1052 1924 1222 1975 Hervarto
1241 1926 1279 1975 ab
1296 1925 1419 1976 Heben·

65 1998 123 2063 lurp
141 2004 257 2062 apparet
273 2000 392 2062 inspectis
409 1999 457 2047 rol.
476 1998 497 2047 1.
517 2005 543 2048 et
560 1996 593 2047 11.
619 1998 715 2046 Priores
733 1995 859 2058 utriusque
878 1996 1075 2061 uteraepartim
1087 1997 1144 2046 loos
1162 1997 1286 2061 quaedam
1304 2003 1418 2048 setarum

64 2070 86 2116 sl
102 2069 297 2135 chronologiam
315 2070 473 2134 pertinentia,
493 2070 583 2132 partim
596 2067 748 2130 'Pyrrhonem
767 2066 857 2129 partim
870 2066 972 2132 Kepleri
992 2082 1068 2132 opera
1080 2074 1105 2117 et
1118 2082 1157 2117 rea
1169 2069 1277 2137 prinatas
1297 2069 1415 2119 attinent

62 2138 106 2188 ism
123 2156 185 2190 raro
212 2155 284 2190 anno
308 2138 384 2190 1599.
401 2142 462 2190 'cum
479 2139 642 2190 Harmoniam
670 2145 723 2187 tum
746 2135 835 2186 Martis
863 2137 985 2191 moenam
1013 2139 1103 2191 adiisse
1121 2138 1257 2204 Keplerum
1276 2155 1291 2191 e
1309 2154 1416 2205 sequen·

62 2212 114 2261 tiss
130 2213 246 2276 patebit
1406 2214 1409 2219 '

85 2324 91 2336 .
136 2284 274 2348 Keplerus
300 2281 430 2332 Heruarto
457 2283 573 2338 nunciat.
603 2280 755 2340 „adornasse
783 2294 810 2330 se
837 2282 916 2345 prium
941 2281 1095 2332 linamenta
1121 2279 1285 2332 Harmoniam
1311 2279 1416 2332 Mundi*
1508 2326 1512 2333 .

63 2354 91 2411 ld
105 2353 147 2404 14.
162 2355 233 2405 Dec.
252 2349 343 2415 1599),
362 2368 413 2418 qua
429 2354 550 2404 raladoue
569 2360 675 2416 accepta
686 2352 727 2401 ille
746 2353 887 2416 respondit:
906 2352 954 2402 Die
965 2352 1084 2413 Libellos,
1103 2367 1131 2402 so
1143 2353 1181 2402 ihr
1192 2353 1283 2409 Eurem
1297 2355 1419 2419 ilingstsrr

61 2424 187 2476 Sthrsrben
207 2424 279 2476 nach
300 2425 426 2491 ansgeheu
445 2441 476 2475 su
498 2426 581 2474 lassen
599 2424 707 2484 willens,
736 2422 833 2473 verholl'
847 2423 887 2474 ich
905 2425 931 2474 in
956 2421 1058 2473 kurzem
1076 2439 1107 2473 au
1126 2423 1211 2473 seben.
1248 2423 1306 2475 Und
1325 2425 1359 2475 da
1376 2422 1431 2481 iob.

61 2496 122 2546 inm
137 2500 165 2546 iu
184 2505 271 2547 etwas
289 2495 472 2562 willlehrigkeit
490 2497 607 2545 erweisen
625 2496 702 2550 laun.
721 2493 784 2543 habt
803 2494 826 2543 lr
843 2494 908 2544 mich
927 2493 992 2544 datu
1013 2495 1089 2559 willig
1107 2495 1158 2544 und
1176 2496 1262 2544 bereit.

141 2568 198 2618 lien
218 2566 306 2617 Herm
323 2568 371 2617 bitt
388 2568 429 2617 ich
447 2567 547 2618 lraund—
564 2567 616 2615 nnd
635 2565 775 2619 dienstlich.
795 2580 823 2615 er
839 2566 912 2615 uelle
930 2566 1102 2615 unbescbuert
1121 2579 1212 2614 annum
1233 2580 1249 2614 a
1268 2564 1312 2615 ch.
1328 2565 1372 2616 Vl.
1393 2564 1422 2616 ei

70 2636 121 2686 itt
137 2641 301 2695 erminiren,
319 2640 351 2688 ob
369 2641 407 2688 nit
424 2639 526 2689 duluen
546 2639 587 2688 ein
608 2630 637 2703 ό
652 2629 712 2703 ῼζῖ
731 2637 814 2700 quoad
831 2637 1011 2702 longitudinem
1029 2644 1056 2686 et
1067 2637 1225 2685 latitudinem
1243 2650 1275 2686 au
1293 2637 1419 2695 hebudes,

71 2724 129 2769 quse
145 2713 168 2759 ia
180 2711 325 2762 meridiano
336 2711 403 2761 urbis
414 2710 511 2760 Romae
529 2709 604 2774 paulo
623 2716 682 2759 aute
695 2707 760 2758 Solis
780 2715 859 2759 ortum
877 2708 998 2758 inciderit.
1024 2710 1121 2774 Begers
1134 2707 1218 2758 selcha
1230 2707 1423 2774 Muharslsunp

67 2779 236 2832 Mutidemmb
258 2797 290 2831 au
308 2780 467 2832 bescbulden.

146 2853 190 2902 leb
208 2853 273 2902 volt
291 2853 335 2902 des
353 2852 435 2902 Herm
451 2851 572 2915 iudicium
590 2851 652 2900 iiber
670 2849 710 2900 die
724 2848 831 2900 Simonis
843 2849 916 2899 Marii
933 2852 1021 2915 jlingst
1039 2863 1201 2915 ausganpene
1214 2848 1324 2901 Tabulas
1336 2848 1435 2899 liores¹

59 2922 232 2974 Dirsctiounm
252 2923 351 2987 (Gomp.
371 2923 427 2973 vot.
446 2923 467 2984 1,
486 2938 510 2987 p.
529 2918 595 2984 367)
613 2937 674 2988 gem
693 2922 860 2978 vemehmanc
884 2921 924 2971 ich
941 2921 1010 2971 halts
1029 2920 1117 2976 datur,
1140 2937 1167 2972 er
1184 2921 1250 2972 habe
1267 2929 1377 2972 mentem
1395 2926 1421 2970 st

55 2996 227 3046 mnndum
246 2994 384 3045 Ptolomaei
403 3003 429 3045 et
448 2996 575 3051 Veterum,
595 2994 755 3043 distribuendi
775 2992 905 3043 duodecim
923 2993 986 3044 coeli
1005 2991 1132 3043 domicilia
1150 3000 1176 3044 et
1194 2993 1441 3044 comtitnsudom'

53 3077 215 3130 arpennum,
235 3067 292 3117 soll
310 3068 438 3131 assequirt.
1407 3108 1411 3115 .

144 3139 205 3187 Uud
224 3139 292 3188 hlaib
311 3137 362 3186 lme
382 3152 537 3204 augonemen
556 3136 653 3186 Freuud
672 3134 725 3185 und
743 3134 916 3186 Dienstlichen
935 3135 1016 3186 uillen
1036 3151 1067 3186 au
1085 3137 1203 3187 erweisen
1221 3136 1332 3204 geudgt
1404 3191 1406 3195 ‚

147 3210 249 3260 Datum
266 3208 393 3259 Mlincben
412 3211 435 3259 d.
457 3208 497 3258 18.
519 3208 588 3257 Mera
609 3205 686 3256 loeo.

826 3276 885 3327 Diis
904 3277 984 3327 Herm
1007 3278 1192 3343 dienstwilliger
1278 3286 1281 3291 ’

593 3351 665 3401 flans
684 3349 767 3415 Georg
790 3349 939 3398 Herwart
962 3364 1009 3399 von
1026 3350 1180 3415 thauburp
1203 3349 1292 3398 eorm.
1319 3348 1421 3399 Dnrsld.

645 3421 676 3472 In
693 3421 780 3484 Buyrn
799 3421 925 3486 gebeimer
942 3421 1027 3477 Rath.
1048 3421 1146 3487 Plleger
1164 3436 1194 3470 ru
1214 3419 1353 3473 Schwabeu
1370 3420 1424 3473 und

648 3493 692 3545 der
709 3490 874 3542 Landschufft
892 3493 917 3541 in
935 3493 1019 3555 Baym
1039 3490 1162 3542 cantalar.
1194 3491 1267 3542 Haec
1285 3493 1422 3549 subscribo.

617 3598 619 3602 -
646 3565 706 3628 qula
736 3563 901 3613 conditionem
931 3577 1013 3612 meam
1041 3564 1153 3620 mutavi,
1184 3568 1211 3612 st
1237 3577 1277 3612 me
1308 3577 1421 3627 supremo

650 3633 838 3685 Cancellariatn
856 3635 994 3684 exoneravi.

148 3724 191 3773 Ad
209 3722 274 3773 haec
291 3722 418 3787 rospondit
435 3722 557 3785 Keplerus
575 3720 600 3772 d
621 3719 663 3771 12.
676 3722 727 3771 Jul.
744 3719 820 3770 1000.
841 3719 932 3787 (comp.
946 3722 1004 3773 Vol.
1016 3720 1036 3780 1,
1049 3737 1073 3791 p.
1089 3720 1121 3771 71
1136 3719 1278 3775 revelli.
1298 3735 1322 3784 p.
1336 3717 1420 3782 Bm:

147 3797 253 3859 Meam
284 3796 321 3856 de
344 3793 510 3856 Harmonia
532 3794 639 3855 Mundi
669 3793 914 3856 dissertationem
940 3795 1005 3875 jam
1035 3795 1150 3875 pridem
1180 3793 1219 3854 ad
1248 3793 1421 3854 umbilicum

45 3885 285 3968 perduxissem,
316 3883 374 3945 nisi
397 3883 551 3965 Tycbonis
581 3882 768 3944 astronomia
798 3883 842 3943 ita
871 3892 967 3945 toturn
997 3903 1045 3945 me
1069 3883 1127 3946 sibi
1149 3882 1354 3965 possedisset,
1387 3889 1422 3944 nt

48 3996 132 4058 pene
159 3973 372 4048 insaniverim3
405 3972 543 4054 quamvis
565 3990 681 4033 mecum
704 3971 867 4033 deliberem
890 3973 960 4055 quid
981 3974 1046 4052 jam
1068 3991 1157 4054 porro
1189 3971 1247 4032 bac
1268 3970 1299 4033 iu
1322 3989 1355 4032 re
1379 3971 1423 4032 sit

48 4064 242 4127 faciendum.
273 4062 409 4130 ,Etenim
432 4062 511 4123 inter
534 4060 711 4141 potissimas
735 4080 844 4123 causas
859 4061 1011 4124 invisendi
1026 4061 1179 4144 ‘l'ychonis
1203 4060 1260 4121 fnit
1281 4067 1314 4121 et
1334 4060 1420 4135 haec,
1480 4126 1484 4135 ,
1512 4102 1514 4106 »

51 4170 87 4216 ut
109 4153 254 4215 veriores
277 4153 536 4214 eccentricitatum
557 4150 767 4231 proportiones
791 4169 829 4212 ex
852 4152 1101 4231 ipso‘discerem,
1125 4149 1233 4231 quibus
1253 4156 1285 4210 et
1298 4151 1421 4232 Myste-

48 4247 133 4306 rium
160 4260 259 4303 meum
281 4249 313 4303 et
330 4242 396 4321 jam
419 4240 532 4302 dictam
551 4238 748 4301 Harmoniam
772 4241 985 4302 examinarem.
1032 4243 1101 4303 Non
1125 4239 1236 4311 debent
1259 4239 1339 4300 enim
1362 4238 1421 4300 liae

52 4357 72 4395 a
93 4331 196 4414 priori
222 4331 444 4410 speculationes
467 4328 498 4390 in
520 4329 714 4390 manifestam
736 4328 901 4409 impingere
925 4330 1158 4410 experientiam,
1183 4328 1237 4390 scd
1265 4346 1333 4389 cum
1360 4327 1418 4389 bac

52 4420 226 4485 conciliari.
275 4422 388 4482 Verum
403 4419 507 4503 Tycho
523 4419 641 4499 copiam
663 4437 763 4479 earum
787 4418 860 4483 mihi
883 4439 943 4480 non
967 4418 1049 4494 lecit,
1073 4419 1132 4479 nisi
1155 4424 1299 4499 quantum
1323 4416 1421 4478 obiter

54 4521 85 4573 et
108 4511 197 4573 aliud
221 4527 326 4589 agens,
348 4511 428 4573 iuter
451 4508 645 4582 coenandum,
664 4507 730 4587 jam
753 4508 791 4568 de
814 4526 950 4588 apogaeo
973 4508 1072 4587 hujus,
1092 4508 1157 4587 jam
1179 4506 1312 4568 deillius
1332 4505 1419 4567 nodis

55 4599 207 4663 meminit
523 4631 527 4639 ·

149 4688 213 4752 Sed
237 4707 303 4751 curu
321 4688 449 4760 videret,
473 4704 543 4747 esse
557 4685 629 4747 mihi
653 4684 804 4765 ingenium
821 4686 930 4760 audax,
954 4686 1123 4747 rectissime
1147 4687 1279 4746 sortasse
1304 4699 1419 4743 mecum

58 4785 152 4858 agere
175 4796 211 4839 se
233 4777 439 4850 existimabat,
467 4775 592 4836 indultis
615 4774 654 4836 ad
678 4795 776 4837 meum
800 4776 925 4837 lubitum
947 4775 1209 4837 observationibus
1231 4771 1307 4853 ipsis
1330 4770 1418 4835 unns
