3278 5550
430 263 1024 327 decommasooenoeosseuuuuns

57 440 139 523 igitur
162 440 214 504 nie
234 441 416 527 spichlicus
434 440 574 507 Solarom
596 443 629 508 iu
649 443 678 509 L
722 446 769 511 At

57 528 158 605 siubi
181 537 282 594 motus
306 529 388 595 circa
401 529 505 596 Solem
528 532 644 608 tardus,
669 533 712 598 ibi
736 543 769 598 et

12 624 14 633 '
56 618 150 682 tardus
174 630 260 683 meet
278 629 376 685 motus
395 620 425 683 in
441 622 575 705 epichlo
595 622 634 685 od
653 621 767 699 Solem,

56 708 202 775 tuuclNK
215 709 372 792 perfectos
386 710 514 775 circulus
529 710 767 789 describeretur3

13 854 17 869 .
55 800 117 880 im,
142 797 218 880 quis
247 798 375 862 celerius
407 800 567 864 descendit
589 801 629 864 ad
652 800 766 878 Solem,
883 825 892 835 r

11 1300 62 1411 l

58 885 159 951 tardius
183 888 334 964 circumit,
358 887 426 952 idco
446 888 614 972 ingreditur
627 892 666 955 ad
686 890 768 955 latus
863 924 868 941 ι

58 979 112 1041 Ιει
124 975 186 1040 hoc
205 997 337 1060 semper,
361 996 456 1060 usque
476 978 506 1042 in
520 979 552 1043 K
564 989 637 1043 tunc
658 980 769 1045 iterum

58 1064 196 1132 sincidit.
235 1067 338 1149 Atque
353 1085 410 1148 ego
429 1067 549 1133 omnino
571 1068 766 1150 persuadeor.
807 1085 824 1141 s

57 1157 107 1223 iius
120 1156 212 1219 nasci
227 1166 342 1249 mptum
357 1157 496 1240 apogaei,
520 1158 650 1220 nondum
665 1168 768 1223 tamen

57 1230 265 1310 consideravi
291 1244 477 1321 Euerceam,
503 1238 627 1329 qnae'so,
651 1267 769 1311 mecum
818 1294 841 1348 R

55 1357 76 1399 n
98 1334 227 1399 dubium
257 1344 409 1399 eventum.
464 1335 542 1400 Esto
575 1343 610 1401 ut
645 1344 672 1409 d
703 1344 769 1401 taur

11 1444 185 1506 mguam
222 1422 327 1507 capiat
355 1425 500 1507 temporis
533 1425 688 1507 periodum
712 1445 766 1508 pro

51 1513 187 1599 epichlio
225 1534 281 1578 suo
327 1513 528 1596 aequabiliter
572 1513 766 1591 conficiendo,

50 1623 130 1688 qoam
179 1621 326 1685 maguum
363 1612 430 1668 erat
475 1605 607 1669 futurum
647 1613 769 1687 tempus

48 1692 249 1760 restitutionis
272 1693 353 1757 circa
376 1690 428 1773 Θ,
453 1694 481 1757 si
504 1702 602 1758 totum
626 1693 769 1757 circulum

46 1783 209 1866 perlectum
233 1792 431 1864 permeasset.
476 1780 548 1847 Jaru
574 1802 663 1853 vero,
694 1783 765 1864 quia

45 1875 91 1937 tos
114 1891 179 1934 uon
202 1872 258 1947 fit,
293 1892 352 1934 nou
386 1872 464 1935 eninr
487 1871 592 1935 INKO
616 1872 696 1936 viam
729 1877 875 1953 permeat,
911 1871 965 1935 sed
989 1870 1109 1948 mum,
1134 1881 1166 1937 st
1188 1893 1259 1938 vere
1283 1876 1406 1956 planum

44 1962 162 2029 utitur
186 1970 318 2045 tempus,
343 1960 411 2025 ideo
426 1961 516 2026 citius
540 1961 621 2025 circa
635 1959 740 2025 Solem
762 1960 890 2027 vertitur
904 1968 930 2033 d
944 1980 1033 2042 quarn
1058 1961 1225 2045 epichlnm
1254 1964 1406 2044 absolvat,

44 2053 123 2117 u'tius
148 2050 295 2134 quamsi
319 2050 349 2115 iu
372 2048 476 2115 INKO
501 2049 699 2114 circumisset
746 2047 815 2123 Quo
846 2049 924 2114 euim
952 2050 1075 2133 propior
1098 2049 1164 2117 Soli
1188 2051 1245 2117 hoc
1269 2055 1404 2134 celerior.

44 2141 158 2224 pepios·
187 2148 296 2205 autem
324 2139 354 2202 iu
387 2139 558 2204 uuiversum
588 2139 618 2203 in
648 2138 767 2205 ILKM.
814 2138 898 2219 Ergo
930 2138 1025 2211 sind
1057 2141 1182 2223 capiens
1213 2143 1244 2205 in
1275 2143 1291 2205 Ι
1323 2153 1354 2208 ει
1376 2145 1408 2211 Κ

44 2227 194 2315 principiis
229 2229 346 2310 periodi
379 2229 582 2310 conjecturam
616 2229 783 2294 celeritatis
808 2247 846 2291 ex
868 2228 923 2304 ΗΙ,
948 2228 1018 2304 ΗΚ,
1053 2231 1139 2311 quasi
1168 2238 1253 2294 totns
1276 2231 1406 2300 circulus

45 2322 77 2385 rit
96 2321 240 2395 iuturus,
273 2319 391 2381 tardius
420 2318 504 2382 venit
527 2320 567 2382 ad
590 2317 709 2383 initium
732 2327 764 2382 st
787 2318 831 2380 sin
855 2337 1022 2401 apogaeum
1053 2326 1256 2400 promovetur.
1302 2323 1407 2405 Atque

46 2411 108 2473 trec
129 2428 236 2472 causa
259 2417 337 2484 esto,
362 2427 414 2472 cur
436 2408 537 2472 curuis
559 2409 750 2490 planetarum
773 2425 912 2489 apogaea
930 2407 959 2470 in
978 2408 1195 2491 consequentia
1218 2422 1406 2478 moveantur.

49 2498 235 2581 insequens
259 2496 388 2561 feliciter
410 2496 625 2579 pugnaverim3
648 2497 827 2569 credis-tu,
864 2514 911 2558 me
940 2495 1075 2559 vicisse?
1112 2496 1194 2561 Saue
1226 2499 1407 2582 triumphum
1435 2549 1439 2556 -

56 2606 193 2662 mem,
232 2586 292 2649 nisi
324 2606 372 2650 me
402 2595 541 2650 moveret
567 2585 733 2669 proportio.
780 2586 861 2673 Nam
890 2584 971 2658 iud
1003 2587 1080 2665 etp
1112 2588 1324 2652 eccentricitas
1359 2600 1408 2658 εει

58 2678 186 2754 nain,
222 2675 379 2739 celerrime
411 2674 504 2756 igitur
527 2675 628 2756 aliqua
654 2674 805 2757 particula
827 2673 943 2754 periodi
976 2674 1173 2740 conficeretur
1196 2675 1234 2739 ab
1258 2696 1406 2759 epogeeo,

54 2764 124 2831 Sod'r
141 2784 318 2850 apogaeum
341 2764 547 2829 tardissimum
571 2772 664 2829 esset.
711 2764 747 2829 Id
771 2763 891 2828 salsum.
928 2761 1078 2828 Ducentis
1102 2765 1164 2828 fere
1189 2766 1276 2831 aunis
1300 2768 1407 2835 absol-

50 2866 157 2927 rerstur
188 2854 336 2938 periodus
369 2853 497 2936 apogaei
521 2862 556 2927 0¹,
581 2852 892 2936 quiaILKNIOKM
915 2853 1050 2916 estsere
1083 2854 1252 2919 centesima
1272 2877 1345 2938 pars
1370 2862 1407 2924 de

44 2943 151 3011 ΙΚΚΟ.
197 2944 332 3009 Maneat
355 2943 449 3029 igitur
477 2944 554 3007 haec
577 2942 615 3006 lis
637 2943 693 3006 sub
722 2942 837 3024 judice.
885 2940 948 3006 Sed
971 2943 1011 3005 ad
1034 2963 1107 3007 reru.
1156 2941 1234 3009 Cum
1256 2944 1350 3028 igitur
1372 2958 1407 3015 ut

39 3035 159 3120 ptem
180 3032 296 3099 ILKM
317 3032 363 3097 sic
384 3041 525 3116 tempora
547 3031 703 3115 periodica
725 3032 813 3115 (quia
836 3050 940 3096 omnes
969 3031 1134 3096 distantiae
1165 3041 1237 3099 sunt
1259 3035 1290 3099 iu
1313 3038 1404 3119 plano

39 3125 157 3202 duculi)
180 3123 409 3193 accumulentur
430 3123 462 3186 in
476 3123 503 3197 1,
515 3122 557 3200 Κ,
581 3139 718 3204 apogaeo
742 3130 774 3185 et
790 3121 944 3203 perlgaeo,
969 3130 1001 3184 et
1024 3121 1228 3188 diminuantur
1250 3125 1281 3188 in
1305 3126 1405 3207 longi·

38 3214 194 3280 omrem
218 3211 336 3288 mediis,
362 3232 454 3294 quare
477 3210 505 3275 si
528 3220 628 3275 totum
650 3220 769 3292 tempus
796 3210 982 3293 perindicum
1012 3211 1180 3276 dividamus
1203 3230 1259 3294 per
1280 3215 1406 3297 planum

37 3301 432 3386 &commemoraverat
455 3301 571 3378 lineae,
605 3320 680 3383 quae
708 3300 805 3364 minor
828 3308 877 3362 est
905 3320 994 3381 quam
1018 3301 1076 3375 Pl,
1109 3301 1205 3382 major
1228 3322 1317 3385 quam
1342 3306 1404 3371 PL

36 3395 221 3477 Priusquam
243 3391 299 3455 hoc
322 3399 490 3474 pertexam,
514 3398 635 3471 oportet
658 3389 772 3472 aliquid
795 3389 996 3471 interponere.
1035 3388 1123 3455 Prius
1146 3391 1226 3456 euim
1250 3414 1269 3455 a
1292 3393 1408 3460 viceris

33 3481 235 3570 hypothesi'
226 3501 257 3545 ru
286 3481 456 3562 perfectum
488 3479 682 3551 circulum&
714 3487 886 3561 motumque
920 3479 1095 3563 physicum,
1128 3479 1197 3544 iude
1222 3502 1242 3544 a
1269 3485 1405 3563 perfecto

34 3571 181 3639 circulo
171 3591 203 3635 ur
229 3590 332 3635 veram
354 3569 544 3634 deficientem
567 3590 587 3632 a
609 3569 721 3634 circulo
744 3568 875 3633 orbitam
900 3589 933 3631 es
952 3569 1167 3634 traducendos.
1213 3571 1311 3652 Igitur
1334 3574 1407 3656 quia

36 3665 95 3731 ΒΑ
120 3669 193 3738 mg.
213 3665 262 3731 2¹)
284 3659 374 3725 nimia
397 3668 447 3722 est
471 3678 583 3742 magna
606 3659 827 3736 ecceutricitas,
853 3677 942 3740 quam
965 3666 1041 3722 uta
1064 3658 1272 3764 paratioribus
1297 3662 1406 3727 annuis

37 3751 165 3819 tolerari
186 3749 290 3833 possit
312 3749 358 3825 (iu
381 3748 438 3812 hoc
461 3749 542 3813 euim
564 3749 642 3814 nodo
665 3749 828 3815 haerentes
843 3748 1087 3831 ᾙειοηίωοε
1079 3748 1179 3811 ιενειιί
1201 3768 1280 3814 anno
1308 3747 1403 3818 1600.

36 3840 219 3908 Februario.
264 3839 464 3903 Processerat
489 3837 644 3919 negotium
668 3857 762 3920 usque
785 3838 826 3900 ad
847 3837 1023 3920 parallaxes
1052 3857 1167 3901 annuas
1192 3845 1225 3902 et
1249 3838 1340 3904 etiam
1364 3841 1405 3905 ad

36 3929 234 3999 latitudinem
264 3928 476 4012 acrouychiam
506 3927 666 3993 visibilem.
722 3928 808 3990 Haec
841 3928 899 3991 duo
932 3946 992 3990 nou
1024 3933 1168 4009 poterant
1200 3929 1352 3993 conciliari
1385 3952 1405 3994 a
1469 3934 1478 3957 ⁴

37 4021 219 4087 Christiano
253 4017 428 4095 Severini),
466 4024 498 4081 et
539 4018 610 4100 quia
641 4017 836 4082 Ptolemaeus
869 4016 1002 4093 invenit,
1038 4014 1192 4081 dimidium
1221 4017 1330 4101 ipsius.
1344 4020 1405 4086 BA
1481 4093 1485 4103 J

36 4110 165 4177 amari
186 4108 220 4173 iu
241 4106 450 4191 parallaxibns
473 4106 599 4185 annuis,
623 4107 691 4171 ideo
715 4105 849 4171 conclusi
872 4124 929 4187 ego
954 4105 991 4168 de
1015 4125 1067 4181 eo,
1097 4107 1178 4187 quod
1196 4106 1263 4188 jam
1285 4108 1405 4191 pridem

35 4202 230 4285 western
253 4197 372 4272 auimo,
397 4197 549 4280 explano
572 4196 754 4263 anomaliam
784 4194 957 4299 simplicem
976 4214 1044 4260 esse
1080 4196 1307 4261 desumendum
1354 4198 1405 4264 Sit

35 4293 113 4357 εἴη
138 4287 297 4353 anomalia
323 4287 458 4392 simplex
474 4282 550 4352 1Ηο
579 4292 646 4364 (rig.
665 4292 713 4358 22)
737 4293 770 4348 et
798 4283 1009 4349 eccentrioitas
1032 4284 1089 4349 ΡΗ
1111 4284 1154 4348 sit
1186 4287 1344 4352 dimidium
1364 4289 1402 4352 de

34 4381 91 4446 BA
118 4387 191 4456 (rig.
212 4383 259 4449 tt)
282 4385 316 4440 et
337 4376 380 4440 eit
397 4377 463 4459 jam
482 4373 552 4440 ΙΡΟ
577 4385 689 4441 rectos.
727 4375 816 4440 Sicut
834 4386 905 4457 ergo
922 4371 992 4438 ΙΡΟ
1013 4383 1062 4438 εει
1079 4381 1188 4455 quarta
1210 4396 1282 4456 pars
1307 4378 1400 4459 plani,
1475 4448 1477 4453 ,

35 4470 78 4535 ἰι
98 4475 218 4552 quarta
238 4485 310 4548 pars
333 4466 503 4530 anomaliae
518 4467 562 4542 (.h
578 4487 605 4530 ε.
622 4461 698 4541 90⁰)
723 4464 829 4529 ablata
842 4466 881 4527 ab
900 4464 1051 4528 anomalia
1074 4464 1180 4546 maj0ri
1202 4464 1288 4544 ΙΗΟ,
1303 4467 1398 4531 reliu-

36 4562 100 4641 qnit
121 4558 248 4639 planum
272 4556 415 4636 trianguli
429 4553 525 4632 ΡΗΟ,
550 4557 636 4638 cujus
660 4556 787 4636 angulus
801 4553 887 4619 ΗΡΟ
906 4562 939 4617 ει
956 4551 1010 4616 ΡΟ
1036 4553 1116 4617 latos
1140 4556 1261 4620 dantur.
1294 4556 1403 4622 Prodit

38 4668 106 4731 ergo
120 4646 192 4721 ΡΙΙ,
217 4665 310 4731 quare
326 4644 468 4708 etPOH.
504 4646 563 4710 Est
586 4653 688 4709 autem
704 4643 793 4708 ΡΟΗ
816 4642 1007 4727 aequationis
1030 4662 1102 4725 pars
1126 4665 1185 4709 uua
1208 4663 1262 4710 seu
1286 4646 1397 4728 optico,

39 4735 204 4803 annuntio
226 4754 272 4799 sc.
296 4735 397 4817 auguli
410 4733 493 4812 IPO,
518 4744 550 4798 ιιι
573 4735 616 4799 sit
629 4732 714 4799 ΙΗΟ,
754 4732 870 4798 Contra
893 4735 1015 4816 planum
1036 4730 1107 4795 IPO
1132 4743 1182 4797 est
1204 4736 1395 4817 aequationis

40 4847 108 4913 pers
131 4827 233 4891 altera
254 4844 310 4889 seu
329 4824 467 4913 physica,
490 4844 633 4891 excessus
652 4844 695 4891 ec.
719 4824 863 4943 temporie
886 4843 941 4890 seu
963 4823 1131 4945 anomaliae
1155 4823 1301 4913 simplicis
1318 4822 1393 4895 fflo

117 4930 352 4990 rounam
1150 4918 1186 4983 θ
