3278 5550
145 279 188 349 44
562 279 663 333 thcrao
680 276 783 345 Kopleri
802 280 953 349 aliorumque
970 288 1072 336 3333333

143 460 336 536 intermedio,
362 467 443 522 recta
466 459 558 521 habet
580 465 611 519 et
633 457 790 536 longitudo
812 457 926 534 media;
956 477 1023 521 cum
1050 469 1150 523 autem
1169 460 1232 540 jam
1255 462 1403 525 habeatnr
1426 483 1503 545 pro·

143 551 244 632 portio
269 549 415 612 linearum
436 549 475 610 ad
497 547 566 623 Ac,
590 566 678 628 quam
702 547 888 628 suscepimus
912 547 1141 630 3333100000,
1165 550 1255 612 133113
1278 570 1344 614 eam
1367 553 1398 614 in
1423 554 1504 616 alios

143 658 285 703 numeros
308 648 555 719 transponemus,
587 644 622 699 ut
642 638 695 700 BF
724 637 767 697 sit
797 632 935 700 100000.
983 637 1100 709 Quodsi
1131 657 1203 718 ergo
1227 636 1248 701 4
1271 641 1504 704 observationes

142 729 174 791 in
197 735 282 809 parte
306 727 437 809 scrupuli
460 735 541 789 recte
564 724 720 800 haberent,
744 744 880 787 essemus
903 726 952 788 vel
976 725 1020 788 sic
1043 727 1117 790 certi
1133 729 1170 789 de
1183 731 1377 810 perportione
1391 733 1445 794 FB
1460 732 1502 793 ad

142 819 216 892 BA,
248 836 302 879 nec
326 837 400 898 opus
430 825 514 878 esset
543 822 628 877 tanto
652 824 816 894 apparatu,
849 823 992 896 quantum
1024 836 1115 898 supra
1138 818 1294 898 descripsi.
1341 819 1405 882 Sed
1429 821 1503 902 quia

143 907 223 969 iutra
246 901 266 968 3
291 907 431 988 scrupula
454 904 530 968 certi
558 924 617 966 non
647 923 751 965 sumus
773 903 810 965 de
834 903 1061 980 observatione,
1088 907 1269 986 praesertim
1291 909 1411 990 quando
1442 910 1501 970 de-

114 1062 121 1075 ,
145 996 283 1057 ductione
309 1014 382 1076 opus
407 1003 456 1056 est
477 1017 496 1057 a
520 994 567 1055 die
591 994 743 1073 proximo,
774 993 893 1076 qnando
924 993 1072 1056 serenitas
1097 996 1325 1058 observationes
1354 998 1502 1072 admittit,

144 1085 183 1147 ad
207 1085 285 1145 diem
307 1104 397 1146 verae
422 1104 487 1146 oum
505 1082 578 1146 Sole
602 1082 812 1163 oppositionis,
836 1082 904 1143 ideo
927 1083 958 1144 in
982 1083 1097 1146 incerto
1120 1085 1314 1167 relinquimur
1337 1087 1387 1160 (ut
1410 1105 1503 1167 snpra

144 1173 271 1246 dictum)
297 1173 327 1236 in
349 1174 450 1235 Marte
481 1167 754 1254 33103339200
782 1172 812 1233 in
845 1168 953 1234 12000
976 1180 1008 1233 33
1034 1173 1175 1248 ulterius,
1206 1193 1286 1255 quae
1318 1175 1502 1238 incertitudo

143 1262 174 1324 in
197 1263 405 1344 parallaxibns
429 1263 510 1325 orbis
539 1262 630 1323 annui
659 1258 858 1325 intolerabilis
886 1269 942 1322 est.
987 1262 1197 1344 Aequatioues
1228 1272 1330 1327 tamen
1361 1264 1420 1326 lrac
1453 1265 1503 1326 via

143 1371 236 1434 prope
259 1371 363 1414 verum
386 1351 579 1414 addiscimus.

232 1442 389 1503 Hactenus
413 1441 549 1522 exposui,
574 1439 680 1520 quibus
704 1437 735 1500 13
762 1438 853 1500 rebus
876 1459 895 1499 a
918 1445 948 1500 te
971 1439 1095 1519 Magine
1126 1441 1336 1503 sollertissime
1363 1441 1503 1522 adjuvari

144 1531 264 1612 possint
278 1531 468 1593 inventiones
483 1530 541 1591 hae
556 1529 636 1590 circa
650 1526 784 1589 theorias
800 1527 991 1608 planetarum
1001 1528 1236 1609 copemicanas.
1269 1530 1357 1591 Nunc
1374 1532 1502 1592 alterum

145 1627 237 1700 caput
259 1619 296 1680 de
320 1619 494 1682 difficultate
518 1617 626 1680 calculi
649 1616 820 1696 aggrediar,
844 1616 1002 1679 consilium
1024 1626 1108 1679 tuum
1131 1619 1329 1699 expetitums,
1353 1620 1502 1701 quomodo

147 1727 272 1770 censeas
296 1709 524 1772 tonstituendas
548 1706 679 1780 tabulas,
703 1699 1345 1786 3333133333]331331131331333330313.
1386 1709 1503 1790 Coper-

146 1796 231 1859 nicus
254 1797 298 1859 uti
321 1799 421 1878 potuit
443 1796 594 1860 anomalia
610 1795 863 1869 commutationis,
886 1796 956 1877 quia
972 1804 1116 1871 centrum,
1140 1798 1221 1859 circa
1237 1798 1315 1879 quod
1330 1806 1505 1860 numeratur

147 1886 308 1961 anomalia,
331 1886 452 1968 putauit
473 1905 541 1948 3333
565 1892 699 1946 ceutmm
722 1884 789 1944 viae
807 1886 927 1946 Terrae.
967 1884 1049 1956 Quid
1063 1886 1127 1965 jam
1146 1886 1233 1948 nobis
1247 1887 1385 1966 proderit
1405 1906 1503 1948 canon

147 1975 315 2039 anomaliae
338 1975 592 2050 commutationis,
616 1992 682 2034 oum
697 1973 745 2034 bis
761 1974 919 2053 aequanda
937 1974 988 2047 sit,
1011 1993 1118 2055 nempe
1136 1995 1190 2056 per
1204 1978 1298 2038 totius
1312 1976 1503 2061 aequationis

147 2073 179 2126 et
200 2065 340 2145 planetae
364 2074 396 2127 et
410 2068 522 2151 Terrae
544 2070 661 2144 partem
686 2081 763 2136 eam,
786 2081 862 2142 quae
886 2062 1078 2124 constituitur
1101 2064 1139 2126 ab
1163 2064 1389 2127 ecceutricitate
1412 2065 1504 2126 viae?

148 2152 278 2234 Oportet
299 2156 379 2216 enim
402 2155 542 2234 angulum
567 2151 736 2213 anomaliae
760 2153 799 2211 ad
818 2151 931 2213 nullum
950 2152 1032 2213 aliud
1049 2150 1192 2233 punctum
1209 2163 1300 2230 stare,
1325 2173 1414 2236 quam
1431 2174 1504 2216 333-

147 2250 226 2305 trum
242 2242 335 2305 Solis.
371 2243 464 2305 Nulla
486 2242 535 2304 hio
559 2238 794 2321 aequipollentia
816 2240 1028 2322 hypothesium
1051 2261 1107 2303 nos
1118 2242 1216 2322 juvat.
1255 2244 1389 2306 Dimidio
1408 2244 1504 2323 gradu

142 2332 178 2394 13
206 2333 307 2393 Marta
336 2351 470 2394 erramus
499 2331 627 2412 primurn
655 2337 745 2410 atque
778 2337 913 2390 centrum
936 2329 1018 2393 Solis
1051 2330 1280 2394 deseruerimus.
1326 2334 1372 2395 At
1393 2333 1419 2394 si
1444 2340 1506 2394 stet

150 2422 278 2500 angulus
300 2420 349 2483 hic
373 2422 412 2483 ad
428 2421 541 2496 Solem,
566 2437 685 2500 semper
708 2427 757 2480 est
780 2418 841 2480 alia
864 2428 954 2508 atque
978 2420 1041 2480 alia
1057 2411 1209 2483 'distantia
1226 2422 1311 2485 Solis
1334 2428 1366 2482 et
1380 2423 1503 2494 Terrae,

149 2527 241 2591 quare
265 2510 356 2572 etiam
379 2510 441 2572 alia
464 2518 554 2591 atque
578 2508 639 2570 alia
661 2507 828 2588 parallaxis
852 2528 959 2582 annua,
994 2510 1114 2571 etiamsi
1136 2511 1390 2591 planeta·habeat
1414 2530 1505 2573 unam
1532 2541 1536 2552 ·

150 2609 182 2661 et
204 2599 331 2663 eandem
354 2601 537 2662 anomaliam
560 2597 700 2659 eccentri.
746 2598 826 2659 Nam
856 2597 977 2677 aphelia
1004 2600 1035 2660 in
1065 2599 1178 2661 tabulis
1205 2600 1357 2681 perpetuis
1386 2608 1507 2681 oportet

150 2689 335 2751 considerari
365 2696 399 2750 ut
428 2688 605 2751 distantiam
639 2695 772 2748 mutuam
799 2687 951 2748 variantia
981 2706 1123 2749 successu
1153 2689 1329 2751 seculorum.
1376 2691 1425 2752 Ac
1448 2689 1506 2751 etei

151 2797 271 2859 semper
285 2778 390 2840 eadem
405 2785 527 2840 maneat
542 2774 729 2857 apheliorum
748 2776 905 2850 distantia,
921 2784 1023 2838 tamen
1037 2778 1212 2857 parallaxes
1229 2786 1317 2840 erunt
1331 2779 1504 2841 condendae

149 2887 209 2930 non
232 2868 272 2929 ad
295 2868 502 2949 quadrantem,
525 2886 584 2928 333
608 2864 648 2924 30
672 2863 900 2942 semicirculum,
925 2865 979 2927 sed
995 2867 1041 2951 ad
1064 2866 1214 2946 integrum
1228 2868 1381 2943 circulum,
1404 2868 1457 2930 ubi
1481 2867 1507 2929 si

150 2948 298 3018 'accedant
320 2957 413 3017 etiam
437 2954 578 3034 scrupula
591 2953 840 3034 proportionalia,
856 2961 900 3028 ,33
923 2973 1048 3020 neeesse
1074 2964 1167 3031 esset,
1190 2958 1293 3020 333313
1310 2977 1348 3019 an
1364 2957 1509 3020 evitaturi

151 3045 245 3106 313333
269 3063 386 3119 omnem
410 3062 551 3106 errorem.
598 3042 656 3103 His
688 3041 824 3103 omnibus
855 3042 974 3105 3333013
1004 3043 1146 3125 implexio
1179 3055 1283 3109 mutua
1308 3047 1509 3129 parallaxeon

150 3132 241 3195 annui
272 3132 354 3194 orbis
377 3133 407 3196 in
430 3133 553 3212 longum
576 3139 607 3192 et
636 3130 746 3204 latum,
769 3130 820 3212 qui
843 3134 1002 3213 scrupulus
1024 3152 1071 3194 me
1095 3135 1264 3198 diutissime
1292 3136 1384 3198 torsit
1415 3155 1509 3199 33333

151 3222 318 3284 molestia.'
349 3222 428 3284 Nam
452 3241 518 3292 oum
541 3239 635 3301 prope
669 3219 875 3300 oppositiones
905 3223 1046 3302 planetae
1075 3243 1141 3286 cum
1165 3225 1237 3289 Sole
1267 3225 1403 3300 venitur,
1431 3227 1509 3288 haec

149 3310 294 3391 implexio
316 3330 376 3372 non
400 3311 485 3390 parvi
509 3317 558 3372 333
579 3308 722 3371 momenti
746 3327 921 3392 semperque
943 3329 991 3373 me
1013 3312 1179 3393 impedivit,
1203 3315 1374 3396 quominus
1392 3316 1509 3395 justam

153 3399 286 3462 siderum
308 3420 327 3460 a
350 3400 422 3463 Sole
446 3399 623 3461 distantiam
654 3398 837 3477 investigare
869 3401 1027 3480 potuerim.
1074 3403 1133 3465 Hic
1156 3404 1182 3465 si
1206 3404 1297 3465 etiam
1327 3423 1441 3465 333333
1464 3404 1510 3466 331

152 3489 280 3554 velimus
310 3489 459 3571 aequandi
497 3497 621 3570 propter
653 3487 844 3551 latitudinem
873 3491 1014 3570 angulum
1044 3493 1303 3568 commutationis,
1335 3494 1438 3555 nescio
1470 3514 1510 3555 an

154 3576 306 3641 difficilior
329 3587 361 3642 et
384 3577 551 3640 taediosior
577 3578 618 3638 sit
639 3578 757 3639 futurus
781 3578 915 3641 calculus
938 3579 1118 3658 tabularum,
1141 3598 1231 3663 qnam
1254 3583 1387 3644 calculus
1410 3583 1511 3645 trian-

153 3666 299 3748 gulorum.
345 3667 381 3730 In
405 3667 462 3729 hac
492 3685 563 3747 ergo
598 3665 773 3728 difficultate
797 3666 834 3727 de
866 3669 962 3730 forma
995 3669 1104 3734 calculi
1135 3689 1172 3732 33
1204 3672 1324 3751 cogito,
1354 3692 1430 3753 quae
1463 3683 1513 3733 est

153 3765 279 3819 naturae
310 3757 492 3832 conformis;
523 3775 612 3837 quam
642 3756 711 3836 quia
742 3755 806 3816 sine
836 3763 889 3819 tua
919 3777 974 3838 ope
1006 3759 1058 3821 vix
1089 3766 1196 3840 potero
1228 3761 1373 3842 adipisci,
1405 3762 1512 3824 itidem

153 3864 311 3927 exponam.
360 3844 530 3926 colligetur
556 3862 594 3905 ex
626 3843 738 3906 tabulis
766 3845 908 3925 planetae
942 3848 1069 3928 simplex
1100 3850 1255 3929 longitudo
1285 3858 1317 3912 et
1347 3851 1511 3932 aphelium‚

153 3943 185 3996 33
207 3935 362 3999 subtracto
385 3935 442 3997 hoc
461 3935 499 3997 ab
518 3933 573 3995 illa
586 3952 641 4014 per
660 3935 842 3997 anomaliam
860 3938 991 3999 eccentri
1014 3938 1152 4000 relictam
1168 3948 1345 4020 excerpetur
1368 3942 1510 4020 aequatio

154 4025 305 4099 eccentri,
329 4044 388 4106 qua
411 4024 577 4104 corrigetur
600 4023 775 4101 longitudo,
807 4032 842 4085 ut
864 4027 917 4087 fiat
941 4027 1070 4088 eccentri
1101 4028 1257 4108 longitudo
1281 4038 1427 4111 aequata;
1453 4049 1511 4091 ex·

155 4121 294 4211 aerpetur
322 4122 354 4175 et
383 4113 531 4175 distantia
561 4111 703 4192 planetae
727 4131 746 4172 3
768 4111 840 4175 Sole
873 4133 927 4195 per
961 4117 1086 4178 eandem
1120 4119 1286 4198 simplicem
1319 4120 1512 4192 anomaliam,

155 4203 305 4265 servanda
328 4203 359 4263 in
382 4203 512 4264 futurum
535 4220 630 4262 usum.
669 4200 727 4262 Hic
750 4201 836 4265 labor
859 4204 918 4265 erit
940 4206 969 4267 13
989 4205 1181 4269 inferioribus
1204 4208 1293 4288 plane
1317 4207 1416 4284 idem;
1439 4228 1512 4270 nam

155 4297 311 4353 ecceutrus
335 4310 437 4353 eorum
459 4293 485 4353 is
509 4290 625 4353 dicetur
653 4289 798 4365 circulus,
829 4310 916 4374 quem
939 4294 969 4355 in
992 4295 1037 4356 rei
1066 4297 1196 4357 veritate
1229 4296 1403 4359 describunt
1430 4298 1513 4359 circa

156 4364 268 4445 Solem.
331 4379 448 4452 Quodsi
478 4386 617 4442 carerent
647 4379 788 4459 planetae
820 4383 971 4461 parallaxi
1005 4403 1121 4460 annua,
1156 4386 1221 4464 jam
1253 4386 1377 4450 inventa
1408 4396 1513 4448 333333

161 4470 291 4531 omnium
305 4469 495 4551 planetarum
512 4469 791 4551 ipsiusqueTerrae
808 4470 875 4531 1333
893 4471 923 4533 13
943 4473 1006 4535 3313
1030 4474 1147 4536 orbitis.
1187 4475 1272 4555 Ergo
1290 4495 1345 4555 pro
1364 4475 1384 4539 5
1402 4476 1511 4556 plane-

156 4566 256 4621 tamm
282 4558 491 4640 parallaxibns
520 4558 611 4620 annui
629 4556 723 4620 ‘orbis
748 4557 814 4637 jam
838 4563 969 4623 secando
993 4563 1032 4625 ad
1055 4566 1181 4626 eundem
1203 4564 1323 4626 modum
1350 4574 1512 4646 quaeretur

156 4647 242 4710 locus
265 4649 377 4709 Terrae
402 4647 466 4720 (vel
489 4646 571 4708 Solis
596 4647 768 4728 oppositus)
794 4667 860 4709 cum
884 4650 1031 4735 distantia
1054 4653 1137 4715 Solis
1161 4661 1193 4714 et
1215 4654 1326 4715 Terrae
1350 4655 1510 4716 servanda.

158 4737 261 4799 Tertio
285 4737 370 4799 locus
394 4735 510 4798 orbitae
527 4736 667 4816 planatae
691 4737 914 4817 comparabitur
939 4760 1005 4803 oum
1018 4743 1155 4822 proximo
1170 4742 1311 4822 planetae
1329 4745 1408 4804 nodo
1424 4744 1511 4816 (nodi

158 4835 240 4892 motu
264 4825 393 4910 simplici
417 4826 507 4887 etiam
530 4844 569 4886 ex
591 4825 703 4888 tabulis
727 4827 872 4903 collecto)
896 4838 928 4891 et
943 4848 999 4912 per
1022 4830 1199 4894 distantiam
1222 4832 1338 4895 anodo
1362 4833 1511 4896 3333331-
