3278 5550
776 1307 1063 1404 urlsloll

531 1518 625 1617 DE
670 1517 886 1619 SOLIS
930 1514 1318 1628 cnutum

625 1745 703 1825 quod
726 1743 774 1806 die
801 1741 850 1808 12.
876 1742 944 1807 Oct
973 1738 1056 1807 1605
1080 1742 1214 1824 contigit

856 1971 987 1984 ψ

750 2135 1086 2200 rasnrfflc.

331 2297 464 2376 Keplero
488 2297 557 2358 inde
581 2296 618 2358 ab
643 2315 678 2358 eo
701 2304 852 2377 tempore,
878 2317 935 2378 quo
960 2293 1217 2360 observationibus
1239 2293 1467 2356 astronomicis
1490 2312 1591 2376 opertu

244 2385 345 2460 dabat,
372 2405 430 2447 non
446 2385 583 2465 contigit,
606 2393 641 2447 nt
655 2386 790 2460 totalem,
808 2406 897 2467 quam
913 2387 1025 2461 dicunt,
1041 2384 1123 2448 Solis
1140 2382 1264 2463 eclipsin
1280 2384 1493 2463 conspiceret,
1515 2400 1591 2463 neqne

245 2475 324 2537 tales
348 2474 522 2555 conquirere
545 2474 646 2555 potnit
664 2475 893 2537 observationes
909 2493 1084 2556 magnarum
1100 2472 1254 2552 eclipsinrn
1269 2471 1411 2552 priorum
1433 2481 1592 2551 tempornn,

244 2565 351 2646 quibus
375 2571 441 2626 tuto
466 2565 555 2625 fidere
580 2565 627 2624 vel
647 2564 803 2639 calculum,
829 2564 946 2644 qualem
966 2563 1103 2645 optabat,
1126 2567 1335 2642 superstruere
1354 2570 1479 2642 posset.
1509 2560 1591 2633 Quare

246 2652 326 2716 omni
349 2671 406 2734 quo
430 2651 529 2733 potuit
553 2653 652 2714 studio
676 2662 867 2715 astronomos
890 2673 945 2717 nec
968 2673 1026 2715 non
1047 2650 1256 2735 qualesquales
1279 2648 1360 2713 alios
1388 2671 1514 2725 „rernm
1535 2667 1590 2711 coe-

245 2742 366 2804 lestium
383 2743 556 2804 amatores“
581 2742 768 2822 provocavit,
793 2744 956 2806 admonens
973 2742 1042 2804 illos
1062 2741 1099 2803 de
1118 2739 1232 2820 eclipsi,
1257 2758 1335 2819 qnae
1355 2740 1399 2802 ad
1416 2741 1448 2801 d.
1470 2737 1520 2803 12.
1538 2737 1591 2800 oet.

249 2827 333 2895 1605
357 2832 433 2893 hora
456 2831 576 2894 circiter
599 2830 768 2917 meridiana·
787 2832 1028 2913 exspectabatur.
1069 2831 1103 2893 In
1129 2828 1247 2911 Opticis
1271 2827 1360 2902 (Vol.
1377 2828 1425 2905 11,
1442 2850 1474 2911 p.
1490 2826 1552 2894 288
1570 2834 1593 2887 et

244 2916 326 2995 353)
349 2929 461 2993 monet,
484 2921 560 2983 hanc
584 2920 708 3000 eclipsin
734 2920 835 2994 (Luna
854 2921 1009 3001 perigaea)
1033 2920 1219 2982 commodam
1243 2918 1317 2993 fore,
1341 2926 1377 2980 nt
1404 2919 1544 2999 quaestio
1565 2918 1592 2976 de

245 3008 311 3071 luce
334 3010 439 3071 Lunae
462 3010 585 3090 propria
609 3009 807 3085 decideretur,
831 3010 938 3071 deiude
961 3020 996 3072 nt
1018 3010 1178 3071 observata
1200 3008 1304 3069 Lunae
1330 3006 1489 3070 diametro
1514 3005 1592 3082 „certi

245 3099 317 3179 quid
341 3098 377 3159 de
401 3117 473 3158 vera
493 3099 595 3159 Lunae
620 3099 844 3161 eccentricitate
867 3099 1004 3161 concludi
1027 3097 1156 3179 possit“.
1189 3097 1224 3159 In
1248 3096 1324 3157 libro
1344 3096 1383 3158 de
1400 3097 1495 3160 Nora
1509 3095 1593 3160 Stella

246 3188 307 3262 (ΙΙ,
332 3207 360 3266 p.
386 3182 465 3257 696)
496 3187 574 3248 hanc
604 3188 728 3267 eclipsin
762 3189 867 3261 affert,
901 3196 935 3250 ut
961 3187 1069 3268 probet
1097 3178 1193 3260 „coeli
1223 3184 1384 3248 materiam
1414 3186 1593 3248 alterabilen

245 3278 345 3338 csse“.
389 3277 423 3336 In
449 3275 544 3336 literis
568 3277 696 3357 privatis
720 3277 801 3337 viros
832 3278 909 3338 adiit
930 3278 1077 3357 Keplerns
1101 3274 1302 3337 astronomica
1325 3275 1473 3338 doctrina
1495 3275 1593 3344 claros,

245 3373 278 3427 nt
301 3366 329 3427 in
355 3365 431 3427 hunc
455 3382 542 3443 quem
566 3366 694 3427 diximus
718 3367 804 3426 linem
828 3365 936 3427 attenti
955 3373 1059 3427 essent
1077 3364 1181 3444 eclipsi
1200 3364 1317 3425 futurae
1337 3370 1369 3425 et
1390 3384 1487 3446 quum
1511 3364 1594 3426 rninrs

244 3474 333 3537 quarn
367 3453 507 3533 cupiebat
536 3455 671 3534 responsi
700 3455 869 3533 acceperit,
902 3455 1022 3535 publiea
1050 3453 1180 3535 epistola
1210 3471 1277 3514 cnm
1305 3453 1490 3533 petitionem
1521 3471 1593 3515 suan

242 3544 365 3624 repetiit
389 3555 450 3604 lum
475 3562 558 3603 suani
584 3545 676 3624 ipsius
697 3544 939 3605 observationem
954 3542 1096 3605 exhibuit.
1134 3541 1287 3604 Volumini
1301 3541 1375 3604 XV.
1393 3544 1476 3604 Mss.
1493 3544 1591 3605 Petro·

241 3635 303 3714 pol.
328 3633 408 3693 inest
438 3643 618 3711 conspectus
649 3651 767 3707 eorum,
799 3633 904 3713 quibus
937 3632 1105 3694 transmisit
1127 3631 1275 3711 Keplerus
1299 3633 1482 3711 opusculum
1507 3649 1591 3699 snum.

243 3722 403 3804 quisunt:

333 3828 446 3886 „Galliae
460 3828 550 3892 Agenti
565 3825 589 3883 2,
609 3827 674 3891 gebu
686 3827 770 3885 Parin
789 3826 887 3876 Iesnitis
905 3826 922 3875 l
941 3826 1087 3892 gshnRarn,
1107 3827 1132 3875 in
1144 3823 1303 3881 Nisdsrland,
1323 3823 1423 3883 (llario,
1444 3826 1590 3891 inspersu

242 3897 373 3948 Wackerio
393 3898 417 3954 2,
437 3898 553 3948 Barwitio
573 3896 589 3944 5
607 3900 673 3962 gehn
690 3898 772 3952 Rom.
792 3900 817 3947 in
836 3898 1002 3955 Niederland3
1022 3897 1132 3947 Gotlrisd
1150 3894 1166 3944 2
1184 3896 1250 3960 galrn
1268 3896 1424 3956 Franciord3
1443 3897 1560 3949 Bedente
1571 3894 1592 3947 2.

242 3969 376 4021 liutwardo
405 3970 471 4035 gebu
491 3968 631 4026 Mdnehcn;
661 3969 832 4021 Schnueckart
855 3968 871 4018 2
894 3971 959 4035 gehn
977 3969 1149 4027 Amsterdemz
1173 3982 1220 4017 von
1238 3965 1387 4017 Pollrsinr2
1413 3969 1481 4030 polin
1498 3966 1590 4020 naal·

242 4040 317 4106 herm
338 4041 444 4091 Odontio
464 4040 476 4088 l
498 4040 564 4105 gehn
579 4041 674 4098 Altorl;
694 4041 831 4092 Becchctio
852 4041 874 4100 l,
894 4041 985 4106 Byrgio
1001 4042 1024 4102 1,
1043 4038 1187 4091 Msmhardo
1208 4039 1231 4096 l,
1251 4037 1385 4089 Mceatlino
1405 4039 1431 4095 1.
1451 4040 1554 4091 Beaoldo
1570 4038 1589 4094 1,

243 4109 377 4162 Maestlino
400 4112 422 4173 l,
442 4111 492 4161 und
514 4112 524 4159 1
546 4126 577 4160 zu
596 4112 702 4162 Galliam
720 4128 764 4177 per
782 4112 938 4163 Flsinsrium.

332 4183 463 4232 Wackerio
483 4182 515 4231 25
534 4184 594 4238 alia,
613 4182 739 4233 Bonerilio
753 4181 788 4245 (l)
809 4180 825 4231 4
845 4184 902 4243 elie,
923 4183 1071 4233 Corraducio
1085 4181 1109 4243 l,
1128 4182 1225 4233 Veneto
1239 4176 1263 4235 ⁴.
1283 4179 1431 4232 Florentino
1445 4179 1473 4241 3,
1490 4178 1589 4236 eolat

245 4250 392 4303 Corradneio
413 4251 437 4312 3,
457 4254 626 4303 Maximillano
647 4254 670 4316 1,
689 4255 803 4305 Palatino
822 4254 903 4305 Neub.
924 4253 948 4311 3,
967 4254 1060 4304 Heller.
1097 4249 1113 4300 3
1132 4253 1196 4303 Italo
1215 4250 1297 4308 Sacc,
1316 4250 1442 4317 Ergino,
1460 4253 1480 4303 2
1495 4255 1587 4307 ndu.

244 4320 322 4372 Leoni
341 4327 366 4373 in
385 4326 488 4375 Frisium
506 4323 530 4372 8.
569 4325 713 4374 Lehmanno
732 4326 839 4382 Helvet,
858 4325 972 4375 Rolando
991 4324 1024 4375 ad
1042 4325 1161 4388 lipsiam,
1180 4324 1299 4388 Waggsr,
1316 4321 1443 4377 Poltxina.
1480 4325 1588 4379 Fabricio

245 4391 344 4451 Schola,
363 4396 476 4453 Francia,
495 4395 656 4453 Ritterhnsio,
676 4398 842 4460 Branovskyz
861 4396 988 4447 Basileem
1008 4395 1032 4454 1,
1053 4396 1152 4446 Guslio
1171 4392 1214 4445 4.“

333 4466 403 4516 Idem
420 4468 543 4517 Volumsn
562 4468 661 4517 exhlbet
679 4483 823 4532 responsum
843 4469 963 4518 Coralli
981 4469 1061 4518 hunc:

404 4555 477 4605 Edler
495 4555 674 4620 Hochgslerter
692 4592 697 4604 .
719 4593 725 4605 .
746 4593 752 4605 .
772 4558 892 4622 gelisbtsr
909 4557 989 4608 Hert!

334 4624 403 4676 Mein
421 4627 534 4692 willigscs
553 4627 634 4677 dienst
652 4629 733 4678 neben
750 4629 905 4694 wdnrchnng
922 4629 984 4679 aller
1000 4626 1129 4678 vollinlrrt

334 4696 387 4746 Das
406 4697 446 4746 ich
465 4698 520 4747 dem
539 4698 619 4748 Herm
636 4700 662 4748 in
687 4699 774 4764 longer
791 4701 849 4750 Zsit
872 4700 942 4751 nieht
964 4700 1141 4765 gerchriaben,
1166 4700 1200 4749 ist
1221 4699 1259 4749 nit
1283 4698 1325 4748 dis
1343 4700 1460 4759 vm,
1485 4702 1537 4753 dan
1551 4692 1583 4748 lsi

244 4770 326 4819 rainer
344 4783 475 4835 rsrgcsssn
493 4768 562 4821 hetto
587 4770 646 4821 oder
667 4772 693 4820 in
716 4773 803 4824 seim
827 4773 908 4825 dienrt
931 4773 969 4821 nit
990 4777 1085 4838 pendit
1108 4776 1182 4824 nire.
1220 4768 1333 4825 &ntem
1355 4771 1399 4825 dis
1419 4767 1581 4828 mfflffl·
