<?xml version="1.0" encoding="UTF-8"?>
<!DOCTYPE html PUBLIC "-//W3C//DTD XHTML 1.0 Transitional//EN"
    "http://www.w3.org/TR/xhtml1/DTD/xhtml1-transitional.dtd">
<html xmlns="http://www.w3.org/1999/xhtml" xml:lang="en" lang="en">
 <head>
  <title>
</title>
<meta http-equiv="Content-Type" content="text/html;charset=utf-8" />
  <meta name='ocr-system' content='tesseract 3.04.00' />
  <meta name='ocr-capabilities' content='ocr_page ocr_carea ocr_par ocr_line ocrx_word'/>
</head>
<body>
  <div class='ocr_page' id='page_1' title='image "./joanniskepleria12frisgoog/joanniskepleria12frisgoog_0309.png"; bbox 0 0 3278 5550; ppageno 0'>
   <div class='ocr_carea' id='block_1_1' title="bbox 623 274 1008 330">
    <p class='ocr_par' dir='ltr' id='par_1_1' title="bbox 623 274 1008 330">
     <span class='ocr_line' id='line_1_1' title="bbox 623 274 1008 330; baseline 0 0"><span class='ocrx_word' id='word_1_1' title='bbox 623 275 664 330; x_wconf 83' lang='lat' dir='ltr'><strong>Do</strong></span> <span class='ocrx_word' id='word_1_2' title='bbox 681 275 789 330; x_wconf 75' lang='lat' dir='ltr'><strong>Moenus</strong></span> <span class='ocrx_word' id='word_1_3' title='bbox 809 274 903 330; x_wconf 80' lang='lat' dir='ltr'><strong>Stellae</strong></span> <span class='ocrx_word' id='word_1_4' title='bbox 920 274 1008 330; x_wconf 68' lang='lat' dir='ltr'><strong>urm·</strong></span> 
     </span>
    </p>
   </div>
   <div class='ocr_carea' id='block_1_2' title="bbox 289 508 1348 755">
    <p class='ocr_par' dir='ltr' id='par_1_2' title="bbox 289 508 1348 755">
     <span class='ocr_line' id='line_1_2' title="bbox 649 508 980 610; baseline 0 -26"><span class='ocrx_word' id='word_1_5' title='bbox 649 510 770 610; x_wconf 87' lang='lat' dir='ltr'><strong>Caput</strong></span> <span class='ocrx_word' id='word_1_6' title='bbox 795 508 980 586; x_wconf 87' lang='lat' dir='ltr'><strong>XXXIII.</strong></span> 
     </span>
     <span class='ocr_line' id='line_1_3' title="bbox 289 669 1348 755; baseline -0.001 -18"><span class='ocrx_word' id='word_1_7' title='bbox 289 672 451 746; x_wconf 75' lang='lat' dir='ltr'><strong><em>Virtutem,</em></strong></span> <span class='ocrx_word' id='word_1_8' title='bbox 474 691 556 754; x_wconf 81' lang='lat' dir='ltr'><strong>quoe</strong></span> <span class='ocrx_word' id='word_1_9' title='bbox 575 669 723 754; x_wconf 79' lang='lat' dir='ltr'><strong>planetus</strong></span> <span class='ocrx_word' id='word_1_10' title='bbox 745 681 850 747; x_wconf 71' lang='lat' dir='ltr'><strong>movet</strong></span> <span class='ocrx_word' id='word_1_11' title='bbox 875 672 1074 736; x_wconf 69' lang='lat' dir='ltr'><strong>resideretis</strong></span> <span class='ocrx_word' id='word_1_12' title='bbox 1096 688 1229 755; x_wconf 75' lang='lat' dir='ltr'><strong>torpore</strong></span> <span class='ocrx_word' id='word_1_13' title='bbox 1252 671 1348 739; x_wconf 74' lang='lat' dir='ltr'><strong>Solia.</strong></span> 
     </span>
    </p>
   </div>
   <div class='ocr_carea' id='block_1_3' title="bbox 136 813 1477 4918">
    <p class='ocr_par' dir='ltr' id='par_1_3' title="bbox 140 813 1477 1520">
     <span class='ocr_line' id='line_1_4' title="bbox 230 813 1468 899; baseline 0.001 -20"><span class='ocrx_word' id='word_1_14' title='bbox 230 814 305 879; x_wconf 83' lang='lat' dir='ltr'><strong>Cum</strong></span> <span class='ocrx_word' id='word_1_15' title='bbox 321 815 647 894; x_wconf 89' lang='lat' dir='ltr'><strong>ergodemonstratum</strong></span> <span class='ocrx_word' id='word_1_16' title='bbox 667 813 709 874; x_wconf 91' lang='lat' dir='ltr'><strong>sit</strong></span> <span class='ocrx_word' id='word_1_17' title='bbox 723 813 821 893; x_wconf 88' lang='lat' dir='ltr'><strong>capite</strong></span> <span class='ocrx_word' id='word_1_18' title='bbox 847 814 1003 894; x_wconf 86' lang='lat' dir='ltr'><strong>superiori,</strong></span> <span class='ocrx_word' id='word_1_19' title='bbox 1026 832 1128 877; x_wconf 89' lang='lat' dir='ltr'><strong>moras</strong></span> <span class='ocrx_word' id='word_1_20' title='bbox 1144 815 1286 897; x_wconf 85' lang='lat' dir='ltr'><strong>planetae</strong></span> <span class='ocrx_word' id='word_1_21' title='bbox 1311 817 1341 879; x_wconf 93' lang='lat' dir='ltr'><strong>in</strong></span> <span class='ocrx_word' id='word_1_22' title='bbox 1355 818 1468 899; x_wconf 85' lang='lat' dir='ltr'><strong>aequali·</strong></span> 
     </span>
     <span class='ocr_line' id='line_1_5' title="bbox 140 902 1470 985; baseline 0.001 -17"><span class='ocrx_word' id='word_1_23' title='bbox 140 908 196 969; x_wconf 91' lang='lat' dir='ltr'><strong>bns</strong></span> <span class='ocrx_word' id='word_1_24' title='bbox 219 904 354 985; x_wconf 89' lang='lat' dir='ltr'><strong>partibus</strong></span> <span class='ocrx_word' id='word_1_25' title='bbox 384 903 487 964; x_wconf 88' lang='lat' dir='ltr'><strong>circuli</strong></span> <span class='ocrx_word' id='word_1_26' title='bbox 512 902 672 964; x_wconf 90' lang='lat' dir='ltr'><strong>eeoentrioi</strong></span> <span class='ocrx_word' id='word_1_27' title='bbox 696 903 776 976; x_wconf 91' lang='lat' dir='ltr'><strong>(sive</strong></span> <span class='ocrx_word' id='word_1_28' title='bbox 804 903 835 963; x_wconf 92' lang='lat' dir='ltr'><strong>in</strong></span> <span class='ocrx_word' id='word_1_29' title='bbox 858 903 1033 983; x_wconf 84' lang='lat' dir='ltr'>aequalibus</span> <span class='ocrx_word' id='word_1_30' title='bbox 1067 904 1176 982; x_wconf 89' lang='lat' dir='ltr'><strong>spatiis</strong></span> <span class='ocrx_word' id='word_1_31' title='bbox 1205 925 1298 967; x_wconf 89' lang='lat' dir='ltr'><strong>aurae</strong></span> <span class='ocrx_word' id='word_1_32' title='bbox 1321 907 1470 982; x_wconf 80' lang='lat' dir='ltr'><strong>aethereae)</strong></span> 
     </span>
     <span class='ocr_line' id='line_1_6' title="bbox 142 991 1473 1075; baseline 0.002 -18"><span class='ocrx_word' id='word_1_33' title='bbox 142 1014 210 1057; x_wconf 88' lang='lat' dir='ltr'><strong>esse</strong></span> <span class='ocrx_word' id='word_1_34' title='bbox 229 993 259 1055; x_wconf 91' lang='lat' dir='ltr'><strong>in</strong></span> <span class='ocrx_word' id='word_1_35' title='bbox 282 991 475 1074; x_wconf 83' lang='lat' dir='ltr'><strong>proportione</strong></span> <span class='ocrx_word' id='word_1_36' title='bbox 500 1011 551 1065; x_wconf 92' lang='lat' dir='ltr'><strong>ea,</strong></span> <span class='ocrx_word' id='word_1_37' title='bbox 586 992 698 1072; x_wconf 88' lang='lat' dir='ltr'><strong>inqua</strong></span> <span class='ocrx_word' id='word_1_38' title='bbox 721 1000 792 1052; x_wconf 88' lang='lat' dir='ltr'><strong>sunt</strong></span> <span class='ocrx_word' id='word_1_39' title='bbox 815 992 855 1073; x_wconf 88' lang='lat' dir='ltr'><strong>ad</strong></span> <span class='ocrx_word' id='word_1_40' title='bbox 884 992 1011 1053; x_wconf 91' lang='lat' dir='ltr'><strong>invicem</strong></span> <span class='ocrx_word' id='word_1_41' title='bbox 1036 993 1199 1055; x_wconf 86' lang='lat' dir='ltr'><strong>eorundem</strong></span> <span class='ocrx_word' id='word_1_42' title='bbox 1233 997 1397 1075; x_wconf 88' lang='lat' dir='ltr'><strong>spatiorum</strong></span> <span class='ocrx_word' id='word_1_43' title='bbox 1417 995 1473 1059; x_wconf 82' lang='lat' dir='ltr'><strong>abt·</strong></span> 
     </span>
     <span class='ocr_line' id='line_1_7' title="bbox 141 1081 1474 1167; baseline 0.001 -22"><span class='ocrx_word' id='word_1_44' title='bbox 141 1104 246 1146; x_wconf 88' lang='lat' dir='ltr'><strong>cessus</strong></span> <span class='ocrx_word' id='word_1_45' title='bbox 269 1103 288 1143; x_wconf 89' lang='lat' dir='ltr'><strong>a</strong></span> <span class='ocrx_word' id='word_1_46' title='bbox 311 1091 431 1162; x_wconf 83' lang='lat' dir='ltr'><strong>puncto,</strong></span> <span class='ocrx_word' id='word_1_47' title='bbox 455 1081 532 1144; x_wconf 90' lang='lat' dir='ltr'><strong>unde</strong></span> <span class='ocrx_word' id='word_1_48' title='bbox 557 1088 746 1161; x_wconf 86' lang='lat' dir='ltr'><strong>computatur</strong></span> <span class='ocrx_word' id='word_1_49' title='bbox 761 1081 987 1156; x_wconf 83' lang='lat' dir='ltr'><strong>eooentricitas3</strong></span> <span class='ocrx_word' id='word_1_50' title='bbox 1013 1100 1066 1143; x_wconf 90' lang='lat' dir='ltr'><strong>seu</strong></span> <span class='ocrx_word' id='word_1_51' title='bbox 1091 1081 1273 1162; x_wconf 89' lang='lat' dir='ltr'><strong>simplicius:</strong></span> <span class='ocrx_word' id='word_1_52' title='bbox 1299 1106 1356 1167; x_wconf 89' lang='lat' dir='ltr'><strong>qno</strong></span> <span class='ocrx_word' id='word_1_53' title='bbox 1379 1085 1474 1163; x_wconf 75' lang='lat' dir='ltr'><strong>longior</strong></span> 
     </span>
     <span class='ocr_line' id='line_1_8' title="bbox 141 1168 1475 1252; baseline 0.001 -18"><span class='ocrx_word' id='word_1_54' title='bbox 141 1168 228 1235; x_wconf 86' lang='lat' dir='ltr'><strong>abest</strong></span> <span class='ocrx_word' id='word_1_55' title='bbox 249 1172 372 1252; x_wconf 86' lang='lat' dir='ltr'><strong>planeta</strong></span> <span class='ocrx_word' id='word_1_56' title='bbox 395 1192 414 1231; x_wconf 85' lang='lat' dir='ltr'><strong>a</strong></span> <span class='ocrx_word' id='word_1_57' title='bbox 436 1179 546 1250; x_wconf 90' lang='lat' dir='ltr'><strong>puncto</strong></span> <span class='ocrx_word' id='word_1_58' title='bbox 570 1169 633 1244; x_wconf 92' lang='lat' dir='ltr'><strong>illo,</strong></span> <span class='ocrx_word' id='word_1_59' title='bbox 658 1170 737 1250; x_wconf 93' lang='lat' dir='ltr'><strong>quod</strong></span> <span class='ocrx_word' id='word_1_60' title='bbox 760 1188 814 1248; x_wconf 91' lang='lat' dir='ltr'><strong>pro</strong></span> <span class='ocrx_word' id='word_1_61' title='bbox 839 1179 942 1231; x_wconf 89' lang='lat' dir='ltr'><strong>centro</strong></span> <span class='ocrx_word' id='word_1_62' title='bbox 965 1170 1067 1231; x_wconf 92' lang='lat' dir='ltr'><strong>mnndi</strong></span> <span class='ocrx_word' id='word_1_63' title='bbox 1090 1172 1266 1248; x_wconf 80' lang='lat' dir='ltr'><strong>assumitur,</strong></span> <span class='ocrx_word' id='word_1_64' title='bbox 1289 1175 1346 1237; x_wconf 91' lang='lat' dir='ltr'><strong>hoo</strong></span> <span class='ocrx_word' id='word_1_65' title='bbox 1369 1172 1475 1237; x_wconf 81' lang='lat' dir='ltr'><strong>debitio</strong></span> 
     </span>
     <span class='ocr_line' id='line_1_9' title="bbox 142 1259 1476 1345; baseline 0.001 -22"><span class='ocrx_word' id='word_1_66' title='bbox 142 1262 227 1324; x_wconf 92' lang='lat' dir='ltr'><strong>illum</strong></span> <span class='ocrx_word' id='word_1_67' title='bbox 250 1260 371 1322; x_wconf 89' lang='lat' dir='ltr'><strong>incitari</strong></span> <span class='ocrx_word' id='word_1_68' title='bbox 395 1259 475 1321; x_wconf 84' lang='lat' dir='ltr'><strong>cirea</strong></span> <span class='ocrx_word' id='word_1_69' title='bbox 497 1259 573 1320; x_wconf 91' lang='lat' dir='ltr'><strong>illud</strong></span> <span class='ocrx_word' id='word_1_70' title='bbox 596 1266 755 1339; x_wconf 89' lang='lat' dir='ltr'><strong>punctum:</strong></span> <span class='ocrx_word' id='word_1_71' title='bbox 791 1259 995 1320; x_wconf 90' lang='lat' dir='ltr'><strong>necessarium</strong></span> <span class='ocrx_word' id='word_1_72' title='bbox 1019 1266 1067 1320; x_wconf 91' lang='lat' dir='ltr'><strong>est</strong></span> <span class='ocrx_word' id='word_1_73' title='bbox 1090 1259 1198 1339; x_wconf 89' lang='lat' dir='ltr'><strong>igitur,</strong></span> <span class='ocrx_word' id='word_1_74' title='bbox 1231 1269 1265 1323; x_wconf 90' lang='lat' dir='ltr'><strong>nt</strong></span> <span class='ocrx_word' id='word_1_75' title='bbox 1289 1283 1381 1326; x_wconf 86' lang='lat' dir='ltr'><strong>cansa</strong></span> <span class='ocrx_word' id='word_1_76' title='bbox 1406 1263 1476 1345; x_wconf 78' lang='lat' dir='ltr'><strong>huju</strong></span> 
     </span>
     <span class='ocr_line' id='line_1_10' title="bbox 142 1347 1477 1437; baseline 0.001 -25"><span class='ocrx_word' id='word_1_77' title='bbox 142 1349 361 1413; x_wconf 84' lang='lat' dir='ltr'><strong>debilitationis</strong></span> <span class='ocrx_word' id='word_1_78' title='bbox 384 1348 459 1410; x_wconf 90' lang='lat' dir='ltr'><strong>insit</strong></span> <span class='ocrx_word' id='word_1_79' title='bbox 481 1348 586 1409; x_wconf 91' lang='lat' dir='ltr'><strong>autin</strong></span> <span class='ocrx_word' id='word_1_80' title='bbox 610 1348 676 1427; x_wconf 94' lang='lat' dir='ltr'><strong>ipso</strong></span> <span class='ocrx_word' id='word_1_81' title='bbox 700 1349 841 1437; x_wconf 87' lang='lat' dir='ltr'><strong>planetae</strong></span> <span class='ocrx_word' id='word_1_82' title='bbox 866 1367 989 1429; x_wconf 88' lang='lat' dir='ltr'><strong>corpore</strong></span> <span class='ocrx_word' id='word_1_83' title='bbox 1014 1347 1099 1428; x_wconf 90' lang='lat' dir='ltr'><strong>eique</strong></span> <span class='ocrx_word' id='word_1_84' title='bbox 1123 1348 1216 1411; x_wconf 87' lang='lat' dir='ltr'><strong>insita</strong></span> <span class='ocrx_word' id='word_1_85' title='bbox 1238 1351 1477 1428; x_wconf 65' lang='lat' dir='ltr'><strong>sinodicam</strong></span> 
     </span>
     <span class='ocr_line' id='line_1_11' title="bbox 142 1437 690 1520; baseline -0.009 -18"><span class='ocrx_word' id='word_1_86' title='bbox 142 1441 172 1502; x_wconf 93' lang='lat' dir='ltr'><strong>in</strong></span> <span class='ocrx_word' id='word_1_87' title='bbox 195 1440 262 1520; x_wconf 72' lang='lat' dir='ltr'><strong>ipso</strong></span> <span class='ocrx_word' id='word_1_88' title='bbox 287 1445 427 1518; x_wconf 88' lang='lat' dir='ltr'><strong>suscepto</strong></span> <span class='ocrx_word' id='word_1_89' title='bbox 451 1437 553 1498; x_wconf 89' lang='lat' dir='ltr'><strong>mnndi</strong></span> <span class='ocrx_word' id='word_1_90' title='bbox 577 1446 690 1498; x_wconf 89' lang='lat' dir='ltr'><strong>centro.</strong></span> 
     </span>
    </p>

    <p class='ocr_par' dir='ltr' id='par_1_4' title="bbox 142 1525 1477 2412">
     <span class='ocr_line' id='line_1_12' title="bbox 230 1525 1476 1611; baseline 0.001 -21"><span class='ocrx_word' id='word_1_91' title='bbox 230 1529 289 1590; x_wconf 86' lang='lat' dir='ltr'><strong>Est</strong></span> <span class='ocrx_word' id='word_1_92' title='bbox 312 1527 458 1608; x_wconf 90' lang='lat' dir='ltr'><strong>siquidem</strong></span> <span class='ocrx_word' id='word_1_93' title='bbox 481 1526 712 1588; x_wconf 89' lang='lat' dir='ltr'><strong>usitatissimum</strong></span> <span class='ocrx_word' id='word_1_94' title='bbox 735 1525 855 1586; x_wconf 78' lang='lat' dir='ltr'><strong>axioma</strong></span> <span class='ocrx_word' id='word_1_95' title='bbox 883 1544 937 1605; x_wconf 92' lang='lat' dir='ltr'><strong>per</strong></span> <span class='ocrx_word' id='word_1_96' title='bbox 960 1526 1131 1592; x_wconf 87' lang='lat' dir='ltr'><strong>universam</strong></span> <span class='ocrx_word' id='word_1_97' title='bbox 1155 1528 1382 1611; x_wconf 84' lang='lat' dir='ltr'><strong>philosophiam</strong></span> <span class='ocrx_word' id='word_1_98' title='bbox 1407 1538 1476 1591; x_wconf 65' lang='lat' dir='ltr'><strong>natu</strong></span> 
     </span>
     <span class='ocr_line' id='line_1_13' title="bbox 142 1615 1477 1697; baseline 0 -16"><span class='ocrx_word' id='word_1_99' title='bbox 142 1620 254 1680; x_wconf 89' lang='lat' dir='ltr'><strong>ralem:</strong></span> <span class='ocrx_word' id='word_1_100' title='bbox 289 1635 428 1690; x_wconf 92' lang='lat' dir='ltr'><strong>eorum,</strong></span> <span class='ocrx_word' id='word_1_101' title='bbox 453 1635 547 1697; x_wconf 89' lang='lat' dir='ltr'><strong>quae</strong></span> <span class='ocrx_word' id='word_1_102' title='bbox 572 1615 686 1676; x_wconf 86' lang='lat' dir='ltr'><strong>simul</strong></span> <span class='ocrx_word' id='word_1_103' title='bbox 711 1615 898 1675; x_wconf 91' lang='lat' dir='ltr'><strong>eteodem</strong></span> <span class='ocrx_word' id='word_1_104' title='bbox 921 1615 1028 1676; x_wconf 91' lang='lat' dir='ltr'><strong>modo</strong></span> <span class='ocrx_word' id='word_1_105' title='bbox 1053 1616 1155 1681; x_wconf 88' lang='lat' dir='ltr'><strong>finnt</strong></span> <span class='ocrx_word' id='word_1_106' title='bbox 1177 1627 1215 1678; x_wconf 94' lang='lat' dir='ltr'><strong>et</strong></span> <span class='ocrx_word' id='word_1_107' title='bbox 1237 1620 1389 1693; x_wconf 77' lang='lat' dir='ltr'><strong>easdem</strong></span> <span class='ocrx_word' id='word_1_108' title='bbox 1416 1617 1477 1681; x_wconf 91' lang='lat' dir='ltr'><strong>nbi-</strong></span> 
     </span>
     <span class='ocr_line' id='line_1_14' title="bbox 143 1703 1477 1790; baseline -0.001 -19"><span class='ocrx_word' id='word_1_109' title='bbox 143 1728 213 1790; x_wconf 90' lang='lat' dir='ltr'><strong>que</strong></span> <span class='ocrx_word' id='word_1_110' title='bbox 229 1705 489 1771; x_wconf 84' lang='lat' dir='ltr'><strong>dimensiones</strong></span> <span class='ocrx_word' id='word_1_111' title='bbox 514 1705 723 1782; x_wconf 89' lang='lat' dir='ltr'><strong>acoipiunt,</strong></span> <span class='ocrx_word' id='word_1_112' title='bbox 739 1704 901 1764; x_wconf 89' lang='lat' dir='ltr'><strong>alterum</strong></span> <span class='ocrx_word' id='word_1_113' title='bbox 924 1703 1085 1767; x_wconf 89' lang='lat' dir='ltr'><strong>alterius</strong></span> <span class='ocrx_word' id='word_1_114' title='bbox 1104 1727 1256 1770; x_wconf 86' lang='lat' dir='ltr'><strong>causam</strong></span> <span class='ocrx_word' id='word_1_115' title='bbox 1273 1716 1340 1770; x_wconf 91' lang='lat' dir='ltr'><strong>aut</strong></span> <span class='ocrx_word' id='word_1_116' title='bbox 1363 1717 1477 1769; x_wconf 84' lang='lat' dir='ltr'><strong>utrum-</strong></span> 
     </span>
     <span class='ocr_line' id='line_1_15' title="bbox 143 1793 1477 1878; baseline 0.001 -21"><span class='ocrx_word' id='word_1_117' title='bbox 143 1817 208 1878; x_wconf 91' lang='lat' dir='ltr'><strong>que</strong></span> <span class='ocrx_word' id='word_1_118' title='bbox 232 1796 399 1875; x_wconf 91' lang='lat' dir='ltr'><strong>ejusdem</strong></span> <span class='ocrx_word' id='word_1_119' title='bbox 423 1812 561 1855; x_wconf 86' lang='lat' dir='ltr'><strong>causae</strong></span> <span class='ocrx_word' id='word_1_120' title='bbox 586 1794 766 1853; x_wconf 85' lang='lat' dir='ltr'><strong>effectum</strong></span> <span class='ocrx_word' id='word_1_121' title='bbox 790 1812 892 1866; x_wconf 89' lang='lat' dir='ltr'><strong>esse;</strong></span> <span class='ocrx_word' id='word_1_122' title='bbox 916 1800 951 1853; x_wconf 94' lang='lat' dir='ltr'><strong>ut</strong></span> <span class='ocrx_word' id='word_1_123' title='bbox 972 1793 1021 1853; x_wconf 90' lang='lat' dir='ltr'><strong>bic</strong></span> <span class='ocrx_word' id='word_1_124' title='bbox 1045 1795 1172 1858; x_wconf 90' lang='lat' dir='ltr'><strong>intentio</strong></span> <span class='ocrx_word' id='word_1_125' title='bbox 1188 1806 1219 1858; x_wconf 91' lang='lat' dir='ltr'><strong>ct</strong></span> <span class='ocrx_word' id='word_1_126' title='bbox 1240 1797 1381 1860; x_wconf 87' lang='lat' dir='ltr'><strong>remissio</strong></span> <span class='ocrx_word' id='word_1_127' title='bbox 1399 1805 1477 1859; x_wconf 70' lang='lat' dir='ltr'><strong>mot!</strong></span> 
     </span>
     <span class='ocr_line' id='line_1_16' title="bbox 144 1882 1477 1968; baseline 0.001 -20"><span class='ocrx_word' id='word_1_128' title='bbox 144 1905 211 1948; x_wconf 89' lang='lat' dir='ltr'><strong>oum</strong></span> <span class='ocrx_word' id='word_1_129' title='bbox 233 1903 359 1946; x_wconf 89' lang='lat' dir='ltr'><strong>accessu</strong></span> <span class='ocrx_word' id='word_1_130' title='bbox 388 1892 419 1944; x_wconf 92' lang='lat' dir='ltr'><strong>et</strong></span> <span class='ocrx_word' id='word_1_131' title='bbox 441 1902 562 1944; x_wconf 91' lang='lat' dir='ltr'><strong>recessu</strong></span> <span class='ocrx_word' id='word_1_132' title='bbox 585 1903 604 1943; x_wconf 98' lang='lat' dir='ltr'><strong>a</strong></span> <span class='ocrx_word' id='word_1_133' title='bbox 627 1891 730 1943; x_wconf 90' lang='lat' dir='ltr'><strong>centro</strong></span> <span class='ocrx_word' id='word_1_134' title='bbox 762 1882 864 1942; x_wconf 91' lang='lat' dir='ltr'><strong>mundi</strong></span> <span class='ocrx_word' id='word_1_135' title='bbox 892 1882 922 1942; x_wconf 93' lang='lat' dir='ltr'><strong>in</strong></span> <span class='ocrx_word' id='word_1_136' title='bbox 949 1886 1143 1962; x_wconf 89' lang='lat' dir='ltr'><strong>proportione</strong></span> <span class='ocrx_word' id='word_1_137' title='bbox 1171 1895 1317 1968; x_wconf 91' lang='lat' dir='ltr'><strong>perpetuo</strong></span> <span class='ocrx_word' id='word_1_138' title='bbox 1350 1884 1477 1949; x_wconf 60' lang='lat' dir='ltr'><strong>corneti</strong></span> 
     </span>
     <span class='ocr_line' id='line_1_17' title="bbox 144 1960 1477 2077; baseline 0 -40"><span class='ocrx_word' id='word_1_139' title='bbox 144 1975 245 2047; x_wconf 83' lang='lat' dir='ltr'><strong>Quare</strong></span> <span class='ocrx_word' id='word_1_140' title='bbox 269 1974 318 2034; x_wconf 90' lang='lat' dir='ltr'><strong>vel</strong></span> <span class='ocrx_word' id='word_1_141' title='bbox 343 1972 511 2034; x_wconf 85' lang='lat' dir='ltr'><strong>debilitatio</strong></span> <span class='ocrx_word' id='word_1_142' title='bbox 535 1971 597 2033; x_wconf 86' lang='lat' dir='ltr'><strong>ista</strong></span> <span class='ocrx_word' id='word_1_143' title='bbox 620 1971 678 2032; x_wconf 87' lang='lat' dir='ltr'><strong>crit</strong></span> <span class='ocrx_word' id='word_1_144' title='bbox 700 1990 793 2032; x_wconf 84' lang='lat' dir='ltr'><strong>causa</strong></span> <span class='ocrx_word' id='word_1_145' title='bbox 808 1969 1005 2077; x_wconf 45' lang='lat' dir='ltr'><strong>discessionis</strong></span> <span class='ocrx_word' id='word_1_146' title='bbox 1030 1973 1137 2036; x_wconf 86' lang='lat' dir='ltr'><strong>sideris</strong></span> <span class='ocrx_word' id='word_1_147' title='bbox 1153 1997 1173 2036; x_wconf 88' lang='lat' dir='ltr'><strong>a</strong></span> <span class='ocrx_word' id='word_1_148' title='bbox 1187 1984 1291 2039; x_wconf 88' lang='lat' dir='ltr'><strong>centro</strong></span> <span class='ocrx_word' id='word_1_149' title='bbox 1314 1960 1477 2050; x_wconf 71' lang='lat' dir='ltr'><strong>mundiid</strong></span> 
     </span>
     <span class='ocr_line' id='line_1_18' title="bbox 144 2059 1477 2215; baseline 0 -89"><span class='ocrx_word' id='word_1_150' title='bbox 144 2063 292 2126; x_wconf 86' lang='lat' dir='ltr'><strong>discessio</strong></span> <span class='ocrx_word' id='word_1_151' title='bbox 307 2061 534 2134; x_wconf 85' lang='lat' dir='ltr'><strong>debilitationis,</strong></span> <span class='ocrx_word' id='word_1_152' title='bbox 559 2060 606 2120; x_wconf 86' lang='lat' dir='ltr'><strong>vel</strong></span> <span class='ocrx_word' id='word_1_153' title='bbox 629 2059 783 2139; x_wconf 89' lang='lat' dir='ltr'><strong>utriusque</strong></span> <span class='ocrx_word' id='word_1_154' title='bbox 807 2060 865 2120; x_wconf 89' lang='lat' dir='ltr'><strong>erit</strong></span> <span class='ocrx_word' id='word_1_155' title='bbox 887 2059 988 2140; x_wconf 88' lang='lat' dir='ltr'><strong>aliqua</strong></span> <span class='ocrx_word' id='word_1_156' title='bbox 1012 2080 1103 2125; x_wconf 91' lang='lat' dir='ltr'><strong>causa</strong></span> <span class='ocrx_word' id='word_1_157' title='bbox 1127 2066 1301 2128; x_wconf 83' lang='lat' dir='ltr'><strong>communis.</strong></span> <span class='ocrx_word' id='word_1_158' title='bbox 1336 2066 1384 2128; x_wconf 90' lang='lat' dir='ltr'><strong>At</strong></span> <span class='ocrx_word' id='word_1_159' title='bbox 1404 2060 1477 2215; x_wconf 60' lang='lat' dir='ltr'><strong>neq:</strong></span> 
     </span>
     <span class='ocr_line' id='line_1_19' title="bbox 145 2148 1446 2234; baseline -0.001 -19"><span class='ocrx_word' id='word_1_160' title='bbox 145 2152 264 2234; x_wconf 90' lang='lat' dir='ltr'><strong>opinari</strong></span> <span class='ocrx_word' id='word_1_161' title='bbox 279 2148 438 2232; x_wconf 88' lang='lat' dir='ltr'><strong>quisquam</strong></span> <span class='ocrx_word' id='word_1_162' title='bbox 459 2156 572 2230; x_wconf 89' lang='lat' dir='ltr'><strong>potest,</strong></span> <span class='ocrx_word' id='word_1_163' title='bbox 597 2150 719 2210; x_wconf 90' lang='lat' dir='ltr'><strong>tertium</strong></span> <span class='ocrx_word' id='word_1_164' title='bbox 742 2148 854 2229; x_wconf 87' lang='lat' dir='ltr'><strong>aliquid</strong></span> <span class='ocrx_word' id='word_1_165' title='bbox 870 2168 1055 2227; x_wconf 87' lang='lat' dir='ltr'><strong>concurrere,</strong></span> <span class='ocrx_word' id='word_1_166' title='bbox 1081 2153 1159 2234; x_wconf 91' lang='lat' dir='ltr'><strong>quod</strong></span> <span class='ocrx_word' id='word_1_167' title='bbox 1176 2154 1293 2216; x_wconf 90' lang='lat' dir='ltr'><strong>duobus</strong></span> <span class='ocrx_word' id='word_1_168' title='bbox 1315 2155 1400 2216; x_wconf 85' lang='lat' dir='ltr'><strong>hisce</strong></span> <span class='ocrx_word' id='word_1_169' title='bbox 1414 2172 1446 2215; x_wconf 94' lang='lat' dir='ltr'><strong>co</strong></span> 
     </span>
     <span class='ocr_line' id='line_1_20' title="bbox 144 2237 1477 2325; baseline 0 -20"><span class='ocrx_word' id='word_1_170' title='bbox 144 2242 243 2305; x_wconf 89' lang='lat' dir='ltr'><strong>munis</strong></span> <span class='ocrx_word' id='word_1_171' title='bbox 259 2261 352 2302; x_wconf 86' lang='lat' dir='ltr'><strong>causa</strong></span> <span class='ocrx_word' id='word_1_172' title='bbox 376 2239 432 2315; x_wconf 93' lang='lat' dir='ltr'><strong>sit;</strong></span> <span class='ocrx_word' id='word_1_173' title='bbox 458 2238 541 2300; x_wconf 91' lang='lat' dir='ltr'><strong>etin</strong></span> <span class='ocrx_word' id='word_1_174' title='bbox 566 2238 760 2320; x_wconf 88' lang='lat' dir='ltr'><strong>sequentibus</strong></span> <span class='ocrx_word' id='word_1_175' title='bbox 776 2237 926 2316; x_wconf 88' lang='lat' dir='ltr'><strong>capitibus</strong></span> <span class='ocrx_word' id='word_1_176' title='bbox 948 2241 1075 2318; x_wconf 84' lang='lat' dir='ltr'><strong>patebit,</strong></span> <span class='ocrx_word' id='word_1_177' title='bbox 1099 2262 1158 2303; x_wconf 92' lang='lat' dir='ltr'><strong>non</strong></span> <span class='ocrx_word' id='word_1_178' title='bbox 1178 2262 1246 2305; x_wconf 89' lang='lat' dir='ltr'><strong>esse</strong></span> <span class='ocrx_word' id='word_1_179' title='bbox 1266 2243 1354 2306; x_wconf 84' lang='lat' dir='ltr'><strong>nobis</strong></span> <span class='ocrx_word' id='word_1_180' title='bbox 1378 2240 1477 2325; x_wconf 71' lang='lat' dir='ltr'><strong>trecea!¹</strong></span> 
     </span>
     <span class='ocr_line' id='line_1_21' title="bbox 145 2326 1205 2412; baseline -0.001 -18"><span class='ocrx_word' id='word_1_181' title='bbox 145 2332 208 2394; x_wconf 85' lang='lat' dir='ltr'><strong>tale</strong></span> <span class='ocrx_word' id='word_1_182' title='bbox 232 2330 384 2412; x_wconf 90' lang='lat' dir='ltr'><strong>quippiam</strong></span> <span class='ocrx_word' id='word_1_183' title='bbox 408 2330 587 2406; x_wconf 88' lang='lat' dir='ltr'><strong>confingere,</strong></span> <span class='ocrx_word' id='word_1_184' title='bbox 612 2347 679 2389; x_wconf 87' lang='lat' dir='ltr'><strong>enm</strong></span> <span class='ocrx_word' id='word_1_185' title='bbox 703 2327 850 2387; x_wconf 89' lang='lat' dir='ltr'><strong>sufficiant</strong></span> <span class='ocrx_word' id='word_1_186' title='bbox 874 2326 932 2388; x_wconf 89' lang='lat' dir='ltr'><strong>duo</strong></span> <span class='ocrx_word' id='word_1_187' title='bbox 957 2328 1017 2389; x_wconf 92' lang='lat' dir='ltr'><strong>ista</strong></span> <span class='ocrx_word' id='word_1_188' title='bbox 1041 2330 1097 2392; x_wconf 92' lang='lat' dir='ltr'><strong>sibi</strong></span> <span class='ocrx_word' id='word_1_189' title='bbox 1121 2331 1205 2411; x_wconf 91' lang='lat' dir='ltr'><strong>ipsis.</strong></span> 
     </span>
    </p>

    <p class='ocr_par' dir='ltr' id='par_1_5' title="bbox 144 2414 1477 3300">
     <span class='ocr_line' id='line_1_22' title="bbox 232 2414 1477 2499; baseline 0.001 -17"><span class='ocrx_word' id='word_1_190' title='bbox 232 2421 328 2483; x_wconf 90' lang='lat' dir='ltr'><strong>Porro</strong></span> <span class='ocrx_word' id='word_1_191' title='bbox 352 2438 447 2499; x_wconf 87' lang='lat' dir='ltr'><strong>neque</strong></span> <span class='ocrx_word' id='word_1_192' title='bbox 471 2426 520 2478; x_wconf 91' lang='lat' dir='ltr'><strong>est</strong></span> <span class='ocrx_word' id='word_1_193' title='bbox 542 2427 666 2478; x_wconf 91' lang='lat' dir='ltr'><strong>naturae</strong></span> <span class='ocrx_word' id='word_1_194' title='bbox 690 2425 933 2489; x_wconf 85' lang='lat' dir='ltr'><strong>consentaneum,</strong></span> <span class='ocrx_word' id='word_1_195' title='bbox 958 2418 1165 2481; x_wconf 87' lang='lat' dir='ltr'><strong>fortitudinem</strong></span> <span class='ocrx_word' id='word_1_196' title='bbox 1189 2422 1238 2482; x_wconf 91' lang='lat' dir='ltr'><strong>vel</strong></span> <span class='ocrx_word' id='word_1_197' title='bbox 1262 2414 1477 2493; x_wconf 71' lang='lat' dir='ltr'><strong>debilitatem&#39;!</strong></span> 
     </span>
     <span class='ocr_line' id='line_1_23' title="bbox 146 2504 1477 2589; baseline -0.002 -15"><span class='ocrx_word' id='word_1_198' title='bbox 146 2521 229 2574; x_wconf 91' lang='lat' dir='ltr'><strong>motu</strong></span> <span class='ocrx_word' id='word_1_199' title='bbox 251 2507 449 2589; x_wconf 88' lang='lat' dir='ltr'><strong>longitudinis</strong></span> <span class='ocrx_word' id='word_1_200' title='bbox 472 2525 540 2568; x_wconf 89' lang='lat' dir='ltr'><strong>esse</strong></span> <span class='ocrx_word' id='word_1_201' title='bbox 555 2525 678 2567; x_wconf 89' lang='lat' dir='ltr'><strong>cansam</strong></span> <span class='ocrx_word' id='word_1_202' title='bbox 694 2504 858 2566; x_wconf 88' lang='lat' dir='ltr'><strong>distantiae</strong></span> <span class='ocrx_word' id='word_1_203' title='bbox 882 2526 901 2565; x_wconf 92' lang='lat' dir='ltr'><strong>a</strong></span> <span class='ocrx_word' id='word_1_204' title='bbox 924 2514 1036 2569; x_wconf 87' lang='lat' dir='ltr'><strong>centro.</strong></span> <span class='ocrx_word' id='word_1_205' title='bbox 1074 2510 1230 2572; x_wconf 91' lang='lat' dir='ltr'><strong>Distantia</strong></span> <span class='ocrx_word' id='word_1_206' title='bbox 1253 2513 1333 2573; x_wconf 89' lang='lat' dir='ltr'><strong>enim</strong></span> <span class='ocrx_word' id='word_1_207' title='bbox 1358 2531 1378 2572; x_wconf 93' lang='lat' dir='ltr'><strong>a</strong></span> <span class='ocrx_word' id='word_1_208' title='bbox 1400 2514 1477 2589; x_wconf 58' lang='lat' dir='ltr'><strong>cem</strong></span> 
     </span>
     <span class='ocr_line' id='line_1_24' title="bbox 144 2594 1477 2682; baseline -0.001 -20"><span class='ocrx_word' id='word_1_209' title='bbox 144 2602 227 2682; x_wconf 87' lang='lat' dir='ltr'><strong>prior</strong></span> <span class='ocrx_word' id='word_1_210' title='bbox 250 2604 299 2660; x_wconf 90' lang='lat' dir='ltr'><strong>est</strong></span> <span class='ocrx_word' id='word_1_211' title='bbox 321 2595 505 2678; x_wconf 83' lang='lat' dir='ltr'><strong>cogitatione</strong></span> <span class='ocrx_word' id='word_1_212' title='bbox 528 2602 560 2656; x_wconf 91' lang='lat' dir='ltr'><strong>et</strong></span> <span class='ocrx_word' id='word_1_213' title='bbox 582 2604 691 2656; x_wconf 88' lang='lat' dir='ltr'><strong>natura</strong></span> <span class='ocrx_word' id='word_1_214' title='bbox 713 2614 802 2675; x_wconf 87' lang='lat' dir='ltr'><strong>qnam</strong></span> <span class='ocrx_word' id='word_1_215' title='bbox 825 2601 924 2655; x_wconf 89' lang='lat' dir='ltr'><strong>motus</strong></span> <span class='ocrx_word' id='word_1_216' title='bbox 947 2595 976 2656; x_wconf 93' lang='lat' dir='ltr'><strong>in</strong></span> <span class='ocrx_word' id='word_1_217' title='bbox 1002 2596 1131 2677; x_wconf 90' lang='lat' dir='ltr'><strong>longum.</strong></span> <span class='ocrx_word' id='word_1_218' title='bbox 1179 2598 1328 2681; x_wconf 88' lang='lat' dir='ltr'><strong>Equidem</strong></span> <span class='ocrx_word' id='word_1_219' title='bbox 1350 2594 1477 2662; x_wconf 73' lang='lat' dir='ltr'><strong>motus!</strong></span> 
     </span>
     <span class='ocr_line' id='line_1_25' title="bbox 146 2680 1477 2771; baseline 0.001 -20"><span class='ocrx_word' id='word_1_220' title='bbox 146 2690 267 2771; x_wconf 87' lang='lat' dir='ltr'><strong>longum</strong></span> <span class='ocrx_word' id='word_1_221' title='bbox 290 2705 440 2767; x_wconf 92' lang='lat' dir='ltr'><strong>nunquam</strong></span> <span class='ocrx_word' id='word_1_222' title='bbox 464 2693 513 2746; x_wconf 92' lang='lat' dir='ltr'><strong>est</strong></span> <span class='ocrx_word' id='word_1_223' title='bbox 535 2685 612 2746; x_wconf 87' lang='lat' dir='ltr'><strong>citra</strong></span> <span class='ocrx_word' id='word_1_224' title='bbox 635 2684 811 2745; x_wconf 90' lang='lat' dir='ltr'><strong>distantiam</strong></span> <span class='ocrx_word' id='word_1_225' title='bbox 835 2703 854 2743; x_wconf 90' lang='lat' dir='ltr'><strong>a</strong></span> <span class='ocrx_word' id='word_1_226' title='bbox 877 2692 998 2760; x_wconf 89' lang='lat' dir='ltr'><strong>centro,</strong></span> <span class='ocrx_word' id='word_1_227' title='bbox 1032 2706 1098 2748; x_wconf 91' lang='lat' dir='ltr'><strong>cum</strong></span> <span class='ocrx_word' id='word_1_228' title='bbox 1127 2690 1262 2770; x_wconf 89' lang='lat' dir='ltr'><strong>requirat</strong></span> <span class='ocrx_word' id='word_1_229' title='bbox 1289 2689 1438 2769; x_wconf 82' lang='lat' dir='ltr'><strong>spatium,</strong></span> <span class='ocrx_word' id='word_1_230' title='bbox 1461 2680 1477 2755; x_wconf 84' lang='grc' dir='ltr'><strong>Ι,</strong></span> 
     </span>
     <span class='ocr_line' id='line_1_26' title="bbox 147 2768 1477 2861; baseline -0.003 -18"><span class='ocrx_word' id='word_1_231' title='bbox 147 2801 204 2861; x_wconf 92' lang='lat' dir='ltr'><strong>quo</strong></span> <span class='ocrx_word' id='word_1_232' title='bbox 228 2777 416 2840; x_wconf 90' lang='lat' dir='ltr'><strong>conficiatur:</strong></span> <span class='ocrx_word' id='word_1_233' title='bbox 452 2773 598 2835; x_wconf 88' lang='lat' dir='ltr'><strong>distantia</strong></span> <span class='ocrx_word' id='word_1_234' title='bbox 626 2792 698 2834; x_wconf 89' lang='lat' dir='ltr'><strong>vero</strong></span> <span class='ocrx_word' id='word_1_235' title='bbox 722 2793 745 2847; x_wconf 44' lang='lat' dir='ltr'><strong>,a</strong></span> <span class='ocrx_word' id='word_1_236' title='bbox 774 2779 877 2833; x_wconf 87' lang='lat' dir='ltr'><strong>centro</strong></span> <span class='ocrx_word' id='word_1_237' title='bbox 907 2772 984 2834; x_wconf 85' lang='lat' dir='ltr'><strong>citra</strong></span> <span class='ocrx_word' id='word_1_238' title='bbox 1013 2786 1127 2838; x_wconf 91' lang='lat' dir='ltr'><strong>motum</strong></span> <span class='ocrx_word' id='word_1_239' title='bbox 1159 2779 1229 2859; x_wconf 88' lang='lat' dir='ltr'><strong>fingi</strong></span> <span class='ocrx_word' id='word_1_240' title='bbox 1262 2785 1375 2858; x_wconf 86' lang='lat' dir='ltr'><strong>potest</strong></span> <span class='ocrx_word' id='word_1_241' title='bbox 1420 2768 1477 2857; x_wconf 62' lang='lat' dir='ltr'><strong>lind</strong></span> 
     </span>
     <span class='ocr_line' id='line_1_27' title="bbox 148 2860 1477 2948; baseline -0.001 -18"><span class='ocrx_word' id='word_1_242' title='bbox 148 2867 295 2930; x_wconf 88' lang='lat' dir='ltr'><strong>distantia</strong></span> <span class='ocrx_word' id='word_1_243' title='bbox 318 2867 376 2927; x_wconf 89' lang='lat' dir='ltr'><strong>erit</strong></span> <span class='ocrx_word' id='word_1_244' title='bbox 394 2884 486 2926; x_wconf 85' lang='lat' dir='ltr'><strong>causa</strong></span> <span class='ocrx_word' id='word_1_245' title='bbox 510 2862 623 2941; x_wconf 89' lang='lat' dir='ltr'><strong>vigoris</strong></span> <span class='ocrx_word' id='word_1_246' title='bbox 649 2862 679 2922; x_wconf 90' lang='lat' dir='ltr'><strong>in</strong></span> <span class='ocrx_word' id='word_1_247' title='bbox 702 2870 798 2935; x_wconf 91' lang='lat' dir='ltr'><strong>motu,</strong></span> <span class='ocrx_word' id='word_1_248' title='bbox 832 2869 863 2921; x_wconf 89' lang='lat' dir='ltr'><strong>et</strong></span> <span class='ocrx_word' id='word_1_249' title='bbox 885 2864 981 2941; x_wconf 90' lang='lat' dir='ltr'><strong>maj0r</strong></span> <span class='ocrx_word' id='word_1_250' title='bbox 1009 2866 1163 2948; x_wconf 89' lang='lat' dir='ltr'><strong>minorque</strong></span> <span class='ocrx_word' id='word_1_251' title='bbox 1194 2868 1343 2929; x_wconf 92' lang='lat' dir='ltr'><strong>distantia</strong></span> <span class='ocrx_word' id='word_1_252' title='bbox 1385 2860 1477 2947; x_wconf 83' lang='lat' dir='ltr'><strong>majod</strong></span> 
     </span>
     <span class='ocr_line' id='line_1_28' title="bbox 149 2950 1477 3037; baseline -0.001 -18"><span class='ocrx_word' id='word_1_253' title='bbox 149 2956 331 3035; x_wconf 90' lang='lat' dir='ltr'><strong>minorisque</strong></span> <span class='ocrx_word' id='word_1_254' title='bbox 360 2972 471 3015; x_wconf 91' lang='lat' dir='ltr'><strong>morae.</strong></span> <span class='ocrx_word' id='word_1_255' title='bbox 517 2953 648 3013; x_wconf 84' lang='lat' dir='ltr'><strong>Etcum</strong></span> <span class='ocrx_word' id='word_1_256' title='bbox 672 2950 818 3011; x_wconf 88' lang='lat' dir='ltr'><strong>distantia</strong></span> <span class='ocrx_word' id='word_1_257' title='bbox 846 2950 887 3012; x_wconf 93' lang='lat' dir='ltr'><strong>sit</strong></span> <span class='ocrx_word' id='word_1_258' title='bbox 917 2971 954 3012; x_wconf 78' lang='lat' dir='ltr'><strong>ex</strong></span> <span class='ocrx_word' id='word_1_259' title='bbox 982 2954 1144 3017; x_wconf 89' lang='lat' dir='ltr'><strong>relatorum</strong></span> <span class='ocrx_word' id='word_1_260' title='bbox 1168 2976 1296 3037; x_wconf 86' lang='lat' dir='ltr'><strong>genere,</strong></span> <span class='ocrx_word' id='word_1_261' title='bbox 1331 2957 1417 3036; x_wconf 86' lang='lat' dir='ltr'><strong>cujus</strong></span> <span class='ocrx_word' id='word_1_262' title='bbox 1438 2954 1477 3017; x_wconf 70' lang='lat' dir='ltr'><strong>ed</strong></span> 
     </span>
     <span class='ocr_line' id='line_1_29' title="bbox 148 3039 1477 3125; baseline -0.002 -17"><span class='ocrx_word' id='word_1_263' title='bbox 148 3045 256 3110; x_wconf 85' lang='lat' dir='ltr'><strong>recidit</strong></span> <span class='ocrx_word' id='word_1_264' title='bbox 287 3044 317 3104; x_wconf 94' lang='lat' dir='ltr'><strong>in</strong></span> <span class='ocrx_word' id='word_1_265' title='bbox 347 3042 506 3115; x_wconf 88' lang='lat' dir='ltr'><strong>terminos,</strong></span> <span class='ocrx_word' id='word_1_266' title='bbox 534 3039 695 3101; x_wconf 74' lang='lat' dir='ltr'><strong>‘relationis</strong></span> <span class='ocrx_word' id='word_1_267' title='bbox 720 3058 789 3101; x_wconf 89' lang='lat' dir='ltr'><strong>vero</strong></span> <span class='ocrx_word' id='word_1_268' title='bbox 817 3058 872 3119; x_wconf 87' lang='lat' dir='ltr'><strong>per</strong></span> <span class='ocrx_word' id='word_1_269' title='bbox 896 3059 963 3101; x_wconf 90' lang='lat' dir='ltr'><strong>sese</strong></span> <span class='ocrx_word' id='word_1_270' title='bbox 987 3043 1079 3116; x_wconf 90' lang='lat' dir='ltr'><strong>(citra</strong></span> <span class='ocrx_word' id='word_1_271' title='bbox 1103 3047 1298 3108; x_wconf 90' lang='lat' dir='ltr'><strong>terminorum</strong></span> <span class='ocrx_word' id='word_1_272' title='bbox 1321 3052 1477 3125; x_wconf 81' lang='lat' dir='ltr'><strong>respectum</strong></span> 
     </span>
     <span class='ocr_line' id='line_1_30' title="bbox 150 3128 1477 3217; baseline 0.001 -21"><span class='ocrx_word' id='word_1_273' title='bbox 150 3142 278 3217; x_wconf 83' lang='lat' dir='ltr'><strong>nequeat</strong></span> <span class='ocrx_word' id='word_1_274' title='bbox 301 3150 369 3193; x_wconf 90' lang='lat' dir='ltr'><strong>esse</strong></span> <span class='ocrx_word' id='word_1_275' title='bbox 392 3131 456 3191; x_wconf 92' lang='lat' dir='ltr'><strong>ulla</strong></span> <span class='ocrx_word' id='word_1_276' title='bbox 480 3129 653 3191; x_wconf 88' lang='lat' dir='ltr'><strong>efficientia:</strong></span> <span class='ocrx_word' id='word_1_277' title='bbox 686 3128 820 3209; x_wconf 88' lang='lat' dir='ltr'><strong>seqnitur</strong></span> <span class='ocrx_word' id='word_1_278' title='bbox 845 3128 950 3207; x_wconf 90' lang='lat' dir='ltr'><strong>igitur,</strong></span> <span class='ocrx_word' id='word_1_279' title='bbox 976 3134 1055 3212; x_wconf 91' lang='lat' dir='ltr'><strong>qnod</strong></span> <span class='ocrx_word' id='word_1_280' title='bbox 1079 3135 1277 3209; x_wconf 87' lang='lat' dir='ltr'><strong>dictumest,</strong></span> <span class='ocrx_word' id='word_1_281' title='bbox 1307 3136 1340 3196; x_wconf 92' lang='lat' dir='ltr'><strong>in</strong></span> <span class='ocrx_word' id='word_1_282' title='bbox 1363 3136 1477 3197; x_wconf 70' lang='lat' dir='ltr'><strong>alterne</strong></span> 
     </span>
     <span class='ocr_line' id='line_1_31' title="bbox 149 3217 1113 3300; baseline 0 -15"><span class='ocrx_word' id='word_1_283' title='bbox 149 3221 489 3300; x_wconf 15' lang='lat' dir='ltr'><strong>terminorumubaerere</strong></span> <span class='ocrx_word' id='word_1_284' title='bbox 513 3236 636 3280; x_wconf 89' lang='lat' dir='ltr'><strong>oausam</strong></span> <span class='ocrx_word' id='word_1_285' title='bbox 659 3217 807 3278; x_wconf 90' lang='lat' dir='ltr'><strong>variantis</strong></span> <span class='ocrx_word' id='word_1_286' title='bbox 832 3218 944 3296; x_wconf 90' lang='lat' dir='ltr'><strong>vigoris</strong></span> <span class='ocrx_word' id='word_1_287' title='bbox 968 3221 997 3282; x_wconf 96' lang='lat' dir='ltr'><strong>in</strong></span> <span class='ocrx_word' id='word_1_288' title='bbox 1022 3232 1113 3285; x_wconf 90' lang='lat' dir='ltr'><strong>motu.</strong></span> 
     </span>
    </p>

    <p class='ocr_par' dir='ltr' id='par_1_6' title="bbox 151 3307 1477 4100">
     <span class='ocr_line' id='line_1_32' title="bbox 240 3307 1477 3393; baseline -0.001 -19"><span class='ocrx_word' id='word_1_289' title='bbox 240 3310 357 3390; x_wconf 83' lang='lat' dir='ltr'><strong>qupns</strong></span> <span class='ocrx_word' id='word_1_290' title='bbox 372 3328 443 3370; x_wconf 86' lang='lat' dir='ltr'><strong>vero</strong></span> <span class='ocrx_word' id='word_1_291' title='bbox 459 3308 600 3388; x_wconf 89' lang='lat' dir='ltr'><strong>planetae</strong></span> <span class='ocrx_word' id='word_1_292' title='bbox 624 3326 656 3367; x_wconf 88' lang='lat' dir='ltr'><strong>se</strong></span> <span class='ocrx_word' id='word_1_293' title='bbox 676 3307 742 3387; x_wconf 92' lang='lat' dir='ltr'><strong>ipso</strong></span> <span class='ocrx_word' id='word_1_294' title='bbox 759 3325 853 3387; x_wconf 90' lang='lat' dir='ltr'><strong>neque</strong></span> <span class='ocrx_word' id='word_1_295' title='bbox 868 3310 991 3385; x_wconf 81' lang='lat' dir='ltr'><strong>gravius</strong></span> <span class='ocrx_word' id='word_1_296' title='bbox 1006 3311 1143 3374; x_wconf 89' lang='lat' dir='ltr'><strong>discessu</strong></span> <span class='ocrx_word' id='word_1_297' title='bbox 1167 3331 1261 3393; x_wconf 88' lang='lat' dir='ltr'><strong>neque</strong></span> <span class='ocrx_word' id='word_1_298' title='bbox 1277 3312 1377 3375; x_wconf 90' lang='lat' dir='ltr'><strong>levius</strong></span> <span class='ocrx_word' id='word_1_299' title='bbox 1396 3326 1477 3391; x_wconf 79' lang='lat' dir='ltr'><strong>appm</strong></span> 
     </span>
     <span class='ocr_line' id='line_1_33' title="bbox 151 3395 1477 3483; baseline -0.002 -19"><span class='ocrx_word' id='word_1_300' title='bbox 151 3399 322 3483; x_wconf 90' lang='lat' dir='ltr'><strong>pinquando</strong></span> <span class='ocrx_word' id='word_1_301' title='bbox 339 3399 471 3460; x_wconf 87' lang='lat' dir='ltr'><strong>efficitur.</strong></span> <span class='ocrx_word' id='word_1_302' title='bbox 511 3396 682 3461; x_wconf 85' lang='lat' dir='ltr'><strong>Animalem</strong></span> <span class='ocrx_word' id='word_1_303' title='bbox 698 3414 812 3477; x_wconf 91' lang='lat' dir='ltr'><strong>qnoque</strong></span> <span class='ocrx_word' id='word_1_304' title='bbox 829 3395 899 3468; x_wconf 77' lang='lat' dir='ltr'><strong>vim,</strong></span> <span class='ocrx_word' id='word_1_305' title='bbox 923 3417 999 3477; x_wconf 87' lang='lat' dir='ltr'><strong>quae</strong></span> <span class='ocrx_word' id='word_1_306' title='bbox 1015 3410 1128 3463; x_wconf 91' lang='lat' dir='ltr'><strong>motum</strong></span> <span class='ocrx_word' id='word_1_307' title='bbox 1144 3402 1236 3463; x_wconf 89' lang='lat' dir='ltr'><strong>sideri</strong></span> <span class='ocrx_word' id='word_1_308' title='bbox 1261 3401 1382 3475; x_wconf 83' lang='lat' dir='ltr'><strong>inierat,</strong></span> <span class='ocrx_word' id='word_1_309' title='bbox 1400 3398 1477 3462; x_wconf 64' lang='lat' dir='ltr'><strong>seda</strong></span> 
     </span>
     <span class='ocr_line' id='line_1_34' title="bbox 151 3484 1477 3569; baseline -0.003 -16"><span class='ocrx_word' id='word_1_310' title='bbox 151 3500 213 3553; x_wconf 90' lang='lat' dir='ltr'><strong>tem</strong></span> <span class='ocrx_word' id='word_1_311' title='bbox 236 3491 267 3552; x_wconf 94' lang='lat' dir='ltr'><strong>in</strong></span> <span class='ocrx_word' id='word_1_312' title='bbox 290 3486 394 3551; x_wconf 92' lang='lat' dir='ltr'><strong>mobili</strong></span> <span class='ocrx_word' id='word_1_313' title='bbox 416 3487 558 3568; x_wconf 86' lang='lat' dir='ltr'><strong>planetae</strong></span> <span class='ocrx_word' id='word_1_314' title='bbox 583 3504 722 3565; x_wconf 84' lang='lat' dir='ltr'><strong>corpore,</strong></span> <span class='ocrx_word' id='word_1_315' title='bbox 754 3485 845 3545; x_wconf 88' lang='lat' dir='ltr'><strong>toties</strong></span> <span class='ocrx_word' id='word_1_316' title='bbox 870 3484 982 3548; x_wconf 87' lang='lat' dir='ltr'><strong>intendi</strong></span> <span class='ocrx_word' id='word_1_317' title='bbox 1007 3499 1038 3550; x_wconf 91' lang='lat' dir='ltr'><strong>et</strong></span> <span class='ocrx_word' id='word_1_318' title='bbox 1060 3491 1173 3552; x_wconf 88' lang='lat' dir='ltr'><strong>remitti</strong></span> <span class='ocrx_word' id='word_1_319' title='bbox 1198 3491 1275 3551; x_wconf 85' lang='lat' dir='ltr'><strong>citra</strong></span> <span class='ocrx_word' id='word_1_320' title='bbox 1299 3486 1477 3569; x_wconf 73' lang='lat' dir='ltr'><strong>fatigatione</strong></span> 
     </span>
     <span class='ocr_line' id='line_1_35' title="bbox 152 3574 1477 3659; baseline -0.005 -15"><span class='ocrx_word' id='word_1_321' title='bbox 152 3591 183 3644; x_wconf 90' lang='lat' dir='ltr'><strong>et</strong></span> <span class='ocrx_word' id='word_1_322' title='bbox 206 3580 330 3652; x_wconf 87' lang='lat' dir='ltr'><strong>senium,</strong></span> <span class='ocrx_word' id='word_1_323' title='bbox 354 3577 385 3638; x_wconf 94' lang='lat' dir='ltr'><strong>id</strong></span> <span class='ocrx_word' id='word_1_324' title='bbox 408 3578 511 3638; x_wconf 86' lang='lat' dir='ltr'><strong>forsan</strong></span> <span class='ocrx_word' id='word_1_325' title='bbox 527 3575 586 3637; x_wconf 91' lang='lat' dir='ltr'><strong>erit</strong></span> <span class='ocrx_word' id='word_1_326' title='bbox 608 3574 768 3651; x_wconf 85' lang='lat' dir='ltr'><strong>absurdum</strong></span> <span class='ocrx_word' id='word_1_327' title='bbox 784 3574 875 3635; x_wconf 89' lang='lat' dir='ltr'><strong>dictu.</strong></span> <span class='ocrx_word' id='word_1_328' title='bbox 913 3576 1012 3653; x_wconf 90' lang='lat' dir='ltr'><strong>Adde,</strong></span> <span class='ocrx_word' id='word_1_329' title='bbox 1037 3580 1114 3659; x_wconf 91' lang='lat' dir='ltr'><strong>quod</strong></span> <span class='ocrx_word' id='word_1_330' title='bbox 1138 3579 1269 3658; x_wconf 84' lang='lat' dir='ltr'><strong>intelligi</strong></span> <span class='ocrx_word' id='word_1_331' title='bbox 1292 3579 1408 3659; x_wconf 90' lang='lat' dir='ltr'><strong>nequit,</strong></span> <span class='ocrx_word' id='word_1_332' title='bbox 1431 3594 1477 3659; x_wconf 82' lang='lat' dir='ltr'><strong>qm</strong></span> 
     </span>
     <span class='ocr_line' id='line_1_36' title="bbox 152 3664 1477 3746; baseline -0.003 -13"><span class='ocrx_word' id='word_1_333' title='bbox 152 3672 241 3734; x_wconf 92' lang='lat' dir='ltr'><strong>modo</strong></span> <span class='ocrx_word' id='word_1_334' title='bbox 268 3668 315 3729; x_wconf 86' lang='lat' dir='ltr'><strong>vis</strong></span> <span class='ocrx_word' id='word_1_335' title='bbox 345 3668 419 3728; x_wconf 89' lang='lat' dir='ltr'><strong>haec</strong></span> <span class='ocrx_word' id='word_1_336' title='bbox 449 3664 589 3727; x_wconf 91' lang='lat' dir='ltr'><strong>animalis</strong></span> <span class='ocrx_word' id='word_1_337' title='bbox 613 3683 720 3742; x_wconf 89' lang='lat' dir='ltr'><strong>corpus</strong></span> <span class='ocrx_word' id='word_1_338' title='bbox 750 3681 834 3724; x_wconf 89' lang='lat' dir='ltr'><strong>suum</strong></span> <span class='ocrx_word' id='word_1_339' title='bbox 865 3681 920 3742; x_wconf 88' lang='lat' dir='ltr'><strong>per</strong></span> <span class='ocrx_word' id='word_1_340' title='bbox 952 3669 1051 3746; x_wconf 86' lang='lat' dir='ltr'><strong>spatia</strong></span> <span class='ocrx_word' id='word_1_341' title='bbox 1074 3670 1174 3730; x_wconf 90' lang='lat' dir='ltr'><strong>mundi</strong></span> <span class='ocrx_word' id='word_1_342' title='bbox 1206 3676 1409 3742; x_wconf 87' lang='lat' dir='ltr'><strong>transvectet,</strong></span> <span class='ocrx_word' id='word_1_343' title='bbox 1439 3680 1477 3728; x_wconf 76' lang='lat' dir='ltr'><strong>cm</strong></span> 
     </span>
     <span class='ocr_line' id='line_1_37' title="bbox 153 3751 1477 3837; baseline -0.005 -15"><span class='ocrx_word' id='word_1_344' title='bbox 153 3760 227 3823; x_wconf 92' lang='lat' dir='ltr'><strong>nulli</strong></span> <span class='ocrx_word' id='word_1_345' title='bbox 255 3758 317 3820; x_wconf 89' lang='lat' dir='ltr'><strong>sint</strong></span> <span class='ocrx_word' id='word_1_346' title='bbox 345 3754 563 3829; x_wconf 52' lang='lat' dir='ltr'><strong>orbes&#39;solidI,</strong></span> <span class='ocrx_word' id='word_1_347' title='bbox 596 3762 629 3814; x_wconf 93' lang='lat' dir='ltr'><strong>nt</strong></span> <span class='ocrx_word' id='word_1_348' title='bbox 651 3751 754 3834; x_wconf 85' lang='lat' dir='ltr'><strong>Tycho</strong></span> <span class='ocrx_word' id='word_1_349' title='bbox 779 3751 879 3813; x_wconf 85' lang='lat' dir='ltr'><strong>Brahe</strong></span> <span class='ocrx_word' id='word_1_350' title='bbox 907 3753 1140 3820; x_wconf 82' lang='lat' dir='ltr'><strong>demonstravit:</strong></span> <span class='ocrx_word' id='word_1_351' title='bbox 1176 3756 1229 3819; x_wconf 89' lang='lat' dir='ltr'><strong>sed</strong></span> <span class='ocrx_word' id='word_1_352' title='bbox 1260 3775 1359 3837; x_wconf 87' lang='lat' dir='ltr'><strong>neque</strong></span> <span class='ocrx_word' id='word_1_353' title='bbox 1391 3757 1477 3818; x_wconf 77' lang='lat' dir='ltr'><strong>alaim</strong></span> 
     </span>
     <span class='ocr_line' id='line_1_38' title="bbox 154 3842 1477 3929; baseline -0.006 -17"><span class='ocrx_word' id='word_1_354' title='bbox 154 3859 206 3912; x_wconf 90' lang='lat' dir='ltr'><strong>aut</strong></span> <span class='ocrx_word' id='word_1_355' title='bbox 228 3848 336 3929; x_wconf 91' lang='lat' dir='ltr'><strong>pedum</strong></span> <span class='ocrx_word' id='word_1_356' title='bbox 358 3844 540 3907; x_wconf 88' lang='lat' dir='ltr'><strong>adminicula</strong></span> <span class='ocrx_word' id='word_1_357' title='bbox 563 3843 665 3904; x_wconf 88' lang='lat' dir='ltr'><strong>adsint</strong></span> <span class='ocrx_word' id='word_1_358' title='bbox 686 3842 813 3902; x_wconf 88' lang='lat' dir='ltr'><strong>rotundo</strong></span> <span class='ocrx_word' id='word_1_359' title='bbox 838 3844 965 3922; x_wconf 77' lang='lat' dir='ltr'><strong>corpori,</strong></span> <span class='ocrx_word' id='word_1_360' title='bbox 990 3865 1113 3926; x_wconf 89' lang='lat' dir='ltr'><strong>qnorum</strong></span> <span class='ocrx_word' id='word_1_361' title='bbox 1137 3846 1300 3909; x_wconf 85' lang='lat' dir='ltr'><strong>motatione</strong></span> <span class='ocrx_word' id='word_1_362' title='bbox 1325 3843 1477 3907; x_wconf 83' lang='lat' dir='ltr'><strong>animabo</strong></span> 
     </span>
     <span class='ocr_line' id='line_1_39' title="bbox 155 3931 1477 4017; baseline -0.008 -15"><span class='ocrx_word' id='word_1_363' title='bbox 155 3959 240 4002; x_wconf 90' lang='lat' dir='ltr'><strong>suom</strong></span> <span class='ocrx_word' id='word_1_364' title='bbox 262 3955 372 4017; x_wconf 87' lang='lat' dir='ltr'><strong>corpus</strong></span> <span class='ocrx_word' id='word_1_365' title='bbox 394 3954 448 4015; x_wconf 89' lang='lat' dir='ltr'><strong>per</strong></span> <span class='ocrx_word' id='word_1_366' title='bbox 477 3950 580 4011; x_wconf 81' lang='lat' dir='ltr'><strong>auram</strong></span> <span class='ocrx_word' id='word_1_367' title='bbox 604 3931 789 4001; x_wconf 84' lang='lat' dir='ltr'><strong>aetheream,</strong></span> <span class='ocrx_word' id='word_1_368' title='bbox 823 3948 876 3991; x_wconf 88' lang='lat' dir='ltr'><strong>ceu</strong></span> <span class='ocrx_word' id='word_1_369' title='bbox 900 3952 973 3995; x_wconf 89' lang='lat' dir='ltr'><strong>aves</strong></span> <span class='ocrx_word' id='word_1_370' title='bbox 996 3954 1050 4015; x_wconf 92' lang='lat' dir='ltr'><strong>per</strong></span> <span class='ocrx_word' id='word_1_371' title='bbox 1073 3944 1188 4011; x_wconf 79' lang='lat' dir='ltr'><strong>aorem,</strong></span> <span class='ocrx_word' id='word_1_372' title='bbox 1222 3935 1289 3996; x_wconf 90' lang='lat' dir='ltr'><strong>nisu</strong></span> <span class='ocrx_word' id='word_1_373' title='bbox 1322 3934 1477 4016; x_wconf 75' lang='lat' dir='ltr'><strong>quodam!</strong></span> 
     </span>
     <span class='ocr_line' id='line_1_40' title="bbox 155 4025 765 4100; baseline -0.021 -8"><span class='ocrx_word' id='word_1_374' title='bbox 155 4026 328 4092; x_wconf 89' lang='lat' dir='ltr'><strong>contranisu</strong></span> <span class='ocrx_word' id='word_1_375' title='bbox 351 4025 433 4087; x_wconf 90' lang='lat' dir='ltr'><strong>illius</strong></span> <span class='ocrx_word' id='word_1_376' title='bbox 457 4042 547 4084; x_wconf 91' lang='lat' dir='ltr'><strong>aurae</strong></span> <span class='ocrx_word' id='word_1_377' title='bbox 570 4027 765 4100; x_wconf 85' lang='lat' dir='ltr'><strong>transportet.</strong></span> 
     </span>
    </p>

    <p class='ocr_par' dir='ltr' id='par_1_7' title="bbox 157 4108 1477 4378">
     <span class='ocr_line' id='line_1_41' title="bbox 230 4108 1477 4197; baseline -0.008 -14"><span class='ocrx_word' id='word_1_378' title='bbox 230 4114 436 4197; x_wconf 76' lang='lat' dir='ltr'><strong>,Relinquitur</strong></span> <span class='ocrx_word' id='word_1_379' title='bbox 458 4113 564 4192; x_wconf 91' lang='lat' dir='ltr'><strong>igitur,</strong></span> <span class='ocrx_word' id='word_1_380' title='bbox 593 4119 628 4172; x_wconf 89' lang='lat' dir='ltr'><strong>ut</strong></span> <span class='ocrx_word' id='word_1_381' title='bbox 650 4128 743 4170; x_wconf 90' lang='lat' dir='ltr'><strong>causa</strong></span> <span class='ocrx_word' id='word_1_382' title='bbox 765 4108 860 4187; x_wconf 86' lang='lat' dir='ltr'><strong>hujus·</strong></span> <span class='ocrx_word' id='word_1_383' title='bbox 878 4109 1094 4175; x_wconf 88' lang='lat' dir='ltr'><strong>debilitationis</strong></span> <span class='ocrx_word' id='word_1_384' title='bbox 1118 4121 1149 4174; x_wconf 88' lang='lat' dir='ltr'><strong>et</strong></span> <span class='ocrx_word' id='word_1_385' title='bbox 1172 4111 1353 4175; x_wconf 88' lang='lat' dir='ltr'><strong>intensionis</strong></span> <span class='ocrx_word' id='word_1_386' title='bbox 1376 4110 1477 4188; x_wconf 66' lang='lat' dir='ltr'><strong>residet</strong></span> 
     </span>
     <span class='ocr_line' id='line_1_42' title="bbox 157 4196 1477 4281; baseline -0.008 -11"><span class='ocrx_word' id='word_1_387' title='bbox 157 4206 337 4270; x_wconf 76' lang='lat' dir='ltr'><strong>intermino</strong></span> <span class='ocrx_word' id='word_1_388' title='bbox 360 4204 471 4277; x_wconf 89' lang='lat' dir='ltr'><strong>altero,</strong></span> <span class='ocrx_word' id='word_1_389' title='bbox 504 4201 623 4264; x_wconf 90' lang='lat' dir='ltr'><strong>scilicet</strong></span> <span class='ocrx_word' id='word_1_390' title='bbox 644 4199 675 4259; x_wconf 93' lang='lat' dir='ltr'><strong>in</strong></span> <span class='ocrx_word' id='word_1_391' title='bbox 697 4197 763 4277; x_wconf 92' lang='lat' dir='ltr'><strong>ipso</strong></span> <span class='ocrx_word' id='word_1_392' title='bbox 788 4207 927 4278; x_wconf 83' lang='lat' dir='ltr'><strong>suscepto</strong></span> <span class='ocrx_word' id='word_1_393' title='bbox 951 4203 1052 4263; x_wconf 90' lang='lat' dir='ltr'><strong>mundi</strong></span> <span class='ocrx_word' id='word_1_394' title='bbox 1077 4211 1196 4279; x_wconf 90' lang='lat' dir='ltr'><strong>centro,</strong></span> <span class='ocrx_word' id='word_1_395' title='bbox 1222 4225 1240 4265; x_wconf 88' lang='lat' dir='ltr'><strong>a</strong></span> <span class='ocrx_word' id='word_1_396' title='bbox 1264 4220 1321 4281; x_wconf 92' lang='lat' dir='ltr'><strong>quo</strong></span> <span class='ocrx_word' id='word_1_397' title='bbox 1348 4196 1477 4264; x_wconf 76' lang='lat' dir='ltr'><strong>distantia</strong></span> 
     </span>
     <span class='ocr_line' id='line_1_43' title="bbox 157 4303 889 4378; baseline -0.005 -19"><span class='ocrx_word' id='word_1_398' title='bbox 157 4303 393 4378; x_wconf 77' lang='lat' dir='ltr'><strong>computantur..</strong></span> <span class='ocrx_word' id='word_1_399' title='bbox 884 4361 889 4375; x_wconf 51' lang='grc'><em>,</em></span> 
     </span>
    </p>

    <p class='ocr_par' dir='ltr' id='par_1_8' title="bbox 157 4375 1477 4733">
     <span class='ocr_line' id='line_1_44' title="bbox 230 4375 1477 4462; baseline -0.006 -16"><span class='ocrx_word' id='word_1_400' title='bbox 230 4383 364 4457; x_wconf 81' lang='lat' dir='ltr'><strong>,Quodsi</strong></span> <span class='ocrx_word' id='word_1_401' title='bbox 394 4383 497 4462; x_wconf 85' lang='lat' dir='ltr'><strong>itaque</strong></span> <span class='ocrx_word' id='word_1_402' title='bbox 530 4377 682 4457; x_wconf 86' lang='lat' dir='ltr'><strong>elongatio</strong></span> <span class='ocrx_word' id='word_1_403' title='bbox 714 4375 808 4436; x_wconf 85' lang='lat' dir='ltr'><strong>centri</strong></span> <span class='ocrx_word' id='word_1_404' title='bbox 846 4377 948 4437; x_wconf 92' lang='lat' dir='ltr'><strong>mundi</strong></span> <span class='ocrx_word' id='word_1_405' title='bbox 981 4400 1000 4438; x_wconf 84' lang='lat' dir='ltr'><strong>o</strong></span> <span class='ocrx_word' id='word_1_406' title='bbox 1032 4398 1155 4460; x_wconf 86' lang='lat' dir='ltr'><strong>corpore</strong></span> <span class='ocrx_word' id='word_1_407' title='bbox 1194 4380 1337 4460; x_wconf 76' lang='lat' dir='ltr'><strong>planetae</strong></span> <span class='ocrx_word' id='word_1_408' title='bbox 1370 4382 1477 4461; x_wconf 76' lang='lat' dir='ltr'><strong>praest</strong></span> 
     </span>
     <span class='ocr_line' id='line_1_45' title="bbox 157 4464 1477 4558; baseline -0.008 -21"><span class='ocrx_word' id='word_1_409' title='bbox 157 4477 298 4558; x_wconf 90' lang='lat' dir='ltr'><strong>planetae</strong></span> <span class='ocrx_word' id='word_1_410' title='bbox 314 4471 499 4544; x_wconf 84' lang='lat' dir='ltr'><strong>tarditatem,</strong></span> <span class='ocrx_word' id='word_1_411' title='bbox 515 4464 764 4549; x_wconf 88' lang='lat' dir='ltr'><strong>appropinquatio</strong></span> <span class='ocrx_word' id='word_1_412' title='bbox 780 4464 985 4543; x_wconf 67' lang='lat' dir='ltr'><strong>velocitatem</strong></span> <span class='ocrx_word' id='word_1_413' title='bbox 1011 4470 1078 4530; x_wconf 88' lang='lat' dir='ltr'><strong>fons</strong></span> <span class='ocrx_word' id='word_1_414' title='bbox 1098 4470 1198 4551; x_wconf 84' lang='lat' dir='ltr'><strong>itaque</strong></span> <span class='ocrx_word' id='word_1_415' title='bbox 1226 4469 1350 4535; x_wconf 89' lang='lat' dir='ltr'><strong>virtutis</strong></span> <span class='ocrx_word' id='word_1_416' title='bbox 1375 4466 1477 4530; x_wconf 73' lang='lat' dir='ltr'><strong>motuis</strong></span> 
     </span>
     <span class='ocr_line' id='line_1_46' title="bbox 159 4552 1477 4641; baseline -0.008 -14"><span class='ocrx_word' id='word_1_417' title='bbox 159 4566 190 4628; x_wconf 90' lang='lat' dir='ltr'><strong>in</strong></span> <span class='ocrx_word' id='word_1_418' title='bbox 214 4564 278 4637; x_wconf 61' lang='lat' dir='ltr'><strong>illo,</strong></span> <span class='ocrx_word' id='word_1_419' title='bbox 291 4569 430 4641; x_wconf 88' lang='lat' dir='ltr'><strong>suscepto</strong></span> <span class='ocrx_word' id='word_1_420' title='bbox 449 4558 550 4621; x_wconf 90' lang='lat' dir='ltr'><strong>mundi</strong></span> <span class='ocrx_word' id='word_1_421' title='bbox 575 4563 677 4618; x_wconf 90' lang='lat' dir='ltr'><strong>centro</strong></span> <span class='ocrx_word' id='word_1_422' title='bbox 701 4552 781 4614; x_wconf 89' lang='lat' dir='ltr'><strong>insit·</strong></span> <span class='ocrx_word' id='word_1_423' title='bbox 797 4572 919 4616; x_wconf 83' lang='lat' dir='ltr'><strong>necesse</strong></span> <span class='ocrx_word' id='word_1_424' title='bbox 943 4566 1016 4618; x_wconf 44' lang='lat' dir='ltr'><strong>ests</strong></span> <span class='ocrx_word' id='word_1_425' title='bbox 1038 4559 1103 4620; x_wconf 91' lang='lat' dir='ltr'><strong>Hoc</strong></span> <span class='ocrx_word' id='word_1_426' title='bbox 1123 4559 1201 4619; x_wconf 90' lang='lat' dir='ltr'><strong>enim</strong></span> <span class='ocrx_word' id='word_1_427' title='bbox 1224 4558 1325 4638; x_wconf 92' lang='lat' dir='ltr'><strong>posito</strong></span> <span class='ocrx_word' id='word_1_428' title='bbox 1351 4566 1384 4619; x_wconf 87' lang='lat' dir='ltr'><strong>et</strong></span> <span class='ocrx_word' id='word_1_429' title='bbox 1406 4555 1477 4619; x_wconf 76' lang='lat' dir='ltr'><strong>modi</strong></span> 
     </span>
     <span class='ocr_line' id='line_1_47' title="bbox 160 4641 1477 4733; baseline -0.007 -16"><span class='ocrx_word' id='word_1_430' title='bbox 160 4673 270 4717; x_wconf 88' lang='lat' dir='ltr'><strong>causae</strong></span> <span class='ocrx_word' id='word_1_431' title='bbox 292 4650 417 4733; x_wconf 89' lang='lat' dir='ltr'><strong>patebit.</strong></span> <span class='ocrx_word' id='word_1_432' title='bbox 458 4646 658 4726; x_wconf 86' lang='lat' dir='ltr'><strong>Intelligimns</strong></span> <span class='ocrx_word' id='word_1_433' title='bbox 673 4641 751 4724; x_wconf 87' lang='lat' dir='ltr'><strong>enim</strong></span> <span class='ocrx_word' id='word_1_434' title='bbox 773 4643 851 4719; x_wconf 89' lang='lat' dir='ltr'><strong>hinc,</strong></span> <span class='ocrx_word' id='word_1_435' title='bbox 876 4645 953 4725; x_wconf 89' lang='lat' dir='ltr'><strong>qnod</strong></span> <span class='ocrx_word' id='word_1_436' title='bbox 977 4647 1117 4727; x_wconf 79' lang='lat' dir='ltr'><strong>planetae</strong></span> <span class='ocrx_word' id='word_1_437' title='bbox 1139 4665 1215 4728; x_wconf 89' lang='lat' dir='ltr'><strong>pene</strong></span> <span class='ocrx_word' id='word_1_438' title='bbox 1239 4647 1359 4708; x_wconf 89' lang='lat' dir='ltr'><strong>ratione</strong></span> <span class='ocrx_word' id='word_1_439' title='bbox 1379 4653 1477 4709; x_wconf 82' lang='lat' dir='ltr'><strong>steten</strong></span> 
     </span>
    </p>

    <p class='ocr_par' dir='ltr' id='par_1_9' title="bbox 136 4731 1477 4918">
     <span class='ocr_line' id='line_1_48' title="bbox 136 4731 1477 4817; baseline -0.007 -10"><span class='ocrx_word' id='word_1_440' title='bbox 136 4736 334 4808; x_wconf 76' lang='lat' dir='ltr'><strong>&#39;seu&#39;vectis</strong></span> <span class='ocrx_word' id='word_1_441' title='bbox 357 4744 542 4803; x_wconf 82' lang='lat' dir='ltr'><strong>moveantur.</strong></span> <span class='ocrx_word' id='word_1_442' title='bbox 581 4737 660 4797; x_wconf 90' lang='lat' dir='ltr'><strong>Nam</strong></span> <span class='ocrx_word' id='word_1_443' title='bbox 684 4731 711 4793; x_wconf 88' lang='lat' dir='ltr'><strong>si</strong></span> <span class='ocrx_word' id='word_1_444' title='bbox 733 4733 866 4810; x_wconf 81' lang='lat' dir='ltr'><strong>plancta,</strong></span> <span class='ocrx_word' id='word_1_445' title='bbox 890 4753 947 4814; x_wconf 90' lang='lat' dir='ltr'><strong>quo</strong></span> <span class='ocrx_word' id='word_1_446' title='bbox 971 4736 1088 4816; x_wconf 84' lang='lat' dir='ltr'><strong>longior</strong></span> <span class='ocrx_word' id='word_1_447' title='bbox 1111 4759 1129 4798; x_wconf 89' lang='lat' dir='ltr'><strong>a</strong></span> <span class='ocrx_word' id='word_1_448' title='bbox 1153 4744 1263 4811; x_wconf 91' lang='lat' dir='ltr'><strong>centro,</strong></span> <span class='ocrx_word' id='word_1_449' title='bbox 1289 4735 1349 4798; x_wconf 93' lang='lat' dir='ltr'><strong>hoo</strong></span> <span class='ocrx_word' id='word_1_450' title='bbox 1364 4735 1477 4817; x_wconf 82' lang='lat' dir='ltr'><strong>difficili</strong></span> 
     </span>
     <span class='ocr_line' id='line_1_49' title="bbox 163 4821 1477 4918; baseline -0.001 -27"><span class='ocrx_word' id='word_1_451' title='bbox 163 4833 279 4918; x_wconf 77' lang='lat' dir='ltr'><strong>(utique</strong></span> <span class='ocrx_word' id='word_1_452' title='bbox 302 4828 434 4904; x_wconf 85' lang='lat' dir='ltr'><strong>tardius)</strong></span> <span class='ocrx_word' id='word_1_453' title='bbox 449 4846 468 4889; x_wconf 87' lang='lat' dir='ltr'><strong>a</strong></span> <span class='ocrx_word' id='word_1_454' title='bbox 483 4823 579 4888; x_wconf 85' lang='lat' dir='ltr'><strong>centri</strong></span> <span class='ocrx_word' id='word_1_455' title='bbox 593 4821 704 4918; x_wconf 79' lang='lat' dir='ltr'><strong>virtute</strong></span> <span class='ocrx_word' id='word_1_456' title='bbox 719 4829 872 4885; x_wconf 84' lang='lat' dir='ltr'><strong>movetur:</strong></span> <span class='ocrx_word' id='word_1_457' title='bbox 898 4824 1035 4909; x_wconf 89' lang='lat' dir='ltr'><strong>equidem</strong></span> <span class='ocrx_word' id='word_1_458' title='bbox 1056 4825 1180 4907; x_wconf 85' lang='lat' dir='ltr'><strong>perinde</strong></span> <span class='ocrx_word' id='word_1_459' title='bbox 1197 4833 1245 4887; x_wconf 89' lang='lat' dir='ltr'><strong>est</strong></span> <span class='ocrx_word' id='word_1_460' title='bbox 1268 4843 1304 4887; x_wconf 86' lang='lat' dir='ltr'><strong>ac</strong></span> <span class='ocrx_word' id='word_1_461' title='bbox 1328 4824 1358 4889; x_wconf 87' lang='lat' dir='ltr'><strong>si</strong></span> <span class='ocrx_word' id='word_1_462' title='bbox 1374 4825 1477 4890; x_wconf 78' lang='lat' dir='ltr'><strong>diceret</strong></span> 
     </span>
    </p>
   </div>
   <div class='ocr_carea' id='block_1_4' title="bbox 0 0 1661 5550">
    <p class='ocr_par' dir='ltr' id='par_1_10' title="bbox 0 0 1661 5550">
     <span class='ocr_line' id='line_1_50' title="bbox 0 0 1661 5550; baseline 0 0"><span class='ocrx_word' id='word_1_463' title='bbox 0 0 1661 5550; x_wconf 95' lang='lat' dir='ltr'><strong> </strong></span> 
     </span>
    </p>
   </div>
  </div>
 </body>
</html>
