3278 5550
269 289 333 354 710
803 285 920 357 ‚Lunata
936 282 964 333 T.
983 282 1076 337 Bnhsi

355 464 429 517 Hauc
447 465 627 515 dedicationem
646 464 755 529 sequitur
767 465 861 528 pagina
872 475 973 513 aroma:
995 461 1107 519 „Tabula
1126 462 1287 526 tequts'onia
1309 460 1411 511 dierum
1430 461 1600 511 mnnhnurl

267 552 359 589 unum
379 534 447 585 1010
467 536 624 599 completum.
644 552 690 602 quc
709 550 774 585 anno
794 547 933 599 apogaeum
951 531 1014 583 Solis
1031 534 1129 597 ponitur
1146 534 1171 581 iu
1191 528 1223 580 6⁰
1235 538 1268 589 {a
1291 533 1442 597 completo:
1463 529 1599 596 aequabo&

266 611 373 659 maxima
392 605 423 656 2⁰
441 604 465 655 3·
486 605 566 664 ⁴5¹¹,u
591 607 629 656 his
653 606 782 669 adscriptis
800 606 895 655 verbis:
925 604 1038 664 „Absolri
1059 602 1099 653 tt.
1119 603 1205 654 Martii
1226 600 1309 654 1010.
1349 601 1412 653 Non
1432 603 1601 668 nmrpnriib

265 682 290 730 iu
309 679 494 744 Ephsmeride.“
517 707 549 717 -
569 678 641 728 Hanc
659 678 770 728 tabulam
789 677 895 742 exeipit:

568 841 720 903 Schema
747 838 1005 921 llypotheseos
1034 835 1315 915 Lougitudiuis.

350 1008 399 1069 Sit
421 1010 452 1071 A
476 1009 587 1083 Terra,
617 1010 643 1070 B
674 1014 808 1069 centrum
839 1006 997 1068 ecceutrici
1020 1006 1124 1067 Lunae
1147 1003 1253 1078 HDK,
1279 1002 1341 1065 AB
1368 1003 1457 1065 linea
1479 1000 1601 1071 absidum

263 1097 291 1157 Η
310 1115 485 1177 apogaeum,
511 1098 524 1159 1
540 1099 720 1178 perigaeum.
741 1096 861 1156 ιΜοιιιε
884 1096 970 1174 huJus
995 1094 1091 1156 lineae
1115 1102 1163 1155 est
1181 1093 1212 1155 iu
1231 1093 1466 1172 consequentia
1483 1099 1602 1170 sputos

422 1259 427 1271 ι
658 1185 871 1265 aequinoctiali
894 1203 983 1264 super
1005 1193 1115 1263 puncto
1129 1185 1159 1244 A
1179 1201 1231 1243 seu
1245 1190 1357 1243 centro
1374 1183 1495 1249 Terrae
1512 1199 1601 1261 seqre

354 1324 357 1329 .
400 1259 454 1324 ¹²¹⁸·
475 1254 516 1308 ¹9·
658 1275 744 1348 bilis,
777 1270 929 1336 reltitutio
956 1291 1099 1334 annorum
1123 1263 1197 1353 8¹l2.
1241 1272 1298 1333 Ad
1330 1270 1497 1333 novilunia
1526 1277 1601 1330 um

655 1373 859 1442 comparatum
884 1363 939 1423 hoc
964 1380 1128 1441 apogaeum
1153 1358 1307 1421 videbitur
1330 1359 1375 1420 ab
1401 1360 1468 1421 illis
1490 1367 1601 1421 reuoce-

655 1454 741 1525 dere,
776 1452 845 1532 quia
877 1469 995 1530 semper
1026 1449 1108 1529 prius
1140 1449 1180 1511 ad
1211 1467 1390 1529 apogaeum
1425 1449 1507 1510 redit
1528 1448 1601 1518 Inna

655 1561 742 1622 quam
767 1541 805 1602 ad
828 1540 940 1602 Solem.
985 1541 1020 1602 In
1049 1537 1215 1600 ecceutrico
1245 1547 1416 1599 moveatur
1438 1539 1468 1600 D
1491 1547 1602 1599 osunen

655 1630 781 1711 epicycli
797 1631 821 1690 F
823 1628 852 1691 G
876 1628 1043 1710 aequaliter
1066 1627 1145 1688 circa
1165 1624 1190 1688 C
1209 1635 1359 1707 punctum
1382 1626 1520 1708 aliquod,
1543 1625 1601 1707 qnod

654 1718 857 1799 aequaturium
878 1719 988 1780 dicunt.
1026 1717 1141 1797 Estque
1165 1715 1299 1795 qualium
1318 1716 1383 1777 BD
1404 1712 1546 1789 100000,
1565 1722 1601 1775 ts·

573 1795 592 1833 ¹
652 1808 724 1869 lium
746 1810 803 1869 BA
826 1803 933 1879 5071,
964 1806 1130 1886 composita
1153 1804 1272 1866 scilicet
1295 1824 1334 1865 ex
1360 1801 1457 1869 2900
1481 1814 1513 1866 et
1535 1801 1600 1866 2171

652 1897 883 1958 dimensionibus
907 1896 1101 1977 Tychonicis,
1130 1893 1291 1959 earundem
1314 1891 1374 1956 BC
1407 1904 1459 1956 est
1481 1889 1599 1957 580⁰e

427 1978 439 2015 ¹
652 1986 708 2048 DE
739 1985 962 2047 semidiameter
992 1982 1117 2065 epicycli
1147 1979 1233 2045 2174
1256 1991 1291 2044 ut
1321 1984 1411 2061 apud
1436 1983 1596 2065 Tychonen

254 2069 390 2151 Epicyoli
415 2083 513 2135 motus
538 2075 608 2136 talis
635 2084 701 2137 est:
733 2075 775 2135 sit
797 2075 851 2136 DE
877 2075 1023 2136 diameter
1053 2074 1082 2134 in
1106 2071 1186 2133 omni
1210 2071 1270 2147 situ
1294 2071 1432 2152 epicycli
1456 2071 1596 2152 paratino

255 2158 294 2219 ad
317 2158 362 2221 Hl
393 2161 502 2251 lineam
536 2164 690 2239 absidum,
724 2173 893 2226 monstrans
926 2163 1051 2244 epicycli
1084 2168 1195 2242 puncta
1224 2160 1393 2222 ecceutrici
1423 2172 1595 2243 apogeeoet

253 2248 396 2329 perigaeo
416 2254 638 2331 respondentia,
664 2264 697 2316 ut
718 2255 746 2315 E
764 2253 949 2332 respondens
973 2259 1083 2331 puncto
1107 2251 1120 2311 l
1143 2249 1308 2330 perigaeo·;
1331 2251 1419 2330 quod
1441 2249 1592 2330 perignem

252 2334 381 2418 epicycli
406 2339 505 2402 dicere
529 2361 644 2417 vereor,
669 2343 748 2423 quod
772 2341 865 2403 abusu
890 2342 972 2403 cocis
997 2342 1138 2403 lectorem
1162 2338 1253 2400 nolim
1277 2339 1482 2414 confundere,
1505 2337 1589 2419 quial]
1634 2371 1635 2375 =

251 2426 318 2490 inI
350 2431 531 2509 transposito
554 2432 581 2492 E
606 2434 735 2493 omnium
761 2430 886 2511 epicycli
913 2437 1089 2510 punctorum
1119 2427 1295 2506 longissime
1319 2427 1361 2488 ab
1385 2429 1419 2491 A
1442 2427 1551 2501 aberit,
1571 2433 1587 2485 et
1632 2439 1635 2496 l

252 2516 295 2577 sic
328 2518 452 2597 antiqua
480 2520 563 2581 vocis
596 2522 716 2582 notione
750 2519 883 2597 ἁπογιιον
915 2520 1068 2581 efficietur.
1115 2517 1150 2578 In
1178 2516 1234 2578 hoc
1261 2516 1358 2596 igitur
1383 2517 1412 2578 Ε
1439 2513 1585 2597 punctosl
1631 2547 1635 2588 Ι;

251 2623 359 2685 corpus
383 2607 486 2668 Lunae
511 2610 629 2688 quoties
652 2619 785 2671 centrum
810 2608 936 2688 epicycli
959 2609 988 2668 D
1012 2608 1041 2669 in
1073 2607 1182 2669 lineam
1203 2623 1257 2685 per
1279 2607 1310 2668 A
1334 2606 1469 2668 Terram
1491 2614 1521 2667 ct
1540 2623 1584 2664 cor·
1631 2598 1635 2675 ᾖ

249 2713 307 2774 pus
323 2693 405 2755 Solis
421 2696 559 2777 utrinque
577 2699 752 2778 productam
776 2697 891 2765 incidit,
916 2697 944 2758 in
969 2697 1103 2759 omnibus
1124 2695 1241 2757 scilicet
1262 2694 1433 2758 noviluniis
1456 2703 1491 2756 et
1511 2691 1582 2775 put
1631 2684 1635 2763 ᾖ

229 2782 351 2867 laniis.
398 2784 447 2846 Ab
478 2786 535 2846 hac
567 2787 645 2848 linea
673 2796 816 2870 quantum
846 2795 979 2847 centrum
1010 2784 1136 2866 epicycli
1158 2784 1188 2845 D
1211 2782 1382 2861 digreditur
1411 2793 1498 2847 motu
1520 2782 1582 2844 adl
1631 2797 1635 2850 ’ς

252 2880 447 2952 comparato,
480 2875 570 2955 duplo
599 2877 688 2956 hujus
717 2876 818 2956 auguli
846 2895 954 2955 corpus
977 2875 1081 2936 Lunae
1111 2873 1150 2936 ab
1172 2872 1200 2933 Ε
1223 2892 1329 2935 versus
1356 2870 1388 2934 G
1413 2872 1581 2953 digrediatur.
1631 2903 1635 2938 .·

250 2961 295 3023 Ut
326 2960 353 3022 si
385 2960 465 3023 linea
496 2984 550 3044 per
579 2967 704 3027 Terram
736 2975 768 3026 et
800 2965 901 3026 Solem
934 2964 975 3025 sit
1004 2965 1064 3026 ΑΚ
1096 2963 1127 3024 in
1159 2961 1413 3024 antecedentibus
1446 2961 1581 3043 signoruni
1631 2992 1635 3027 ε

251 3057 380 3129 quantus
404 3066 452 3112 est
476 3072 562 3115 arcus
585 3055 688 3127 KHD,
714 3055 740 3116 si
764 3074 801 3115 ex
823 3055 853 3118 A
877 3054 1046 3133 descriptus
1070 3059 1168 3125 esset,
1200 3051 1291 3130 duplo
1312 3051 1416 3130 major
1440 3053 1502 3114 erit
1522 3067 1581 3112 men
1632 3111 1635 3119 ,

252 3136 347 3211 ΕΘΓ,
371 3146 402 3199 et
425 3141 512 3201 Luna
535 3142 563 3202 iu
588 3146 622 3204 F.
668 3146 755 3206 Hauc
778 3143 957 3225 hypothesin
982 3143 1051 3207 dico.
1073 3141 1251 3202 satisfacere
1275 3140 1402 3219 placitis
1427 3137 1581 3223 Tychonici
1633 3171 1635 3206 1

252 3226 289 3287 de
312 3226 415 3289 Lunae
439 3229 568 3290 motibus
593 3233 761 3294 adsensus
786 3232 993 3294 subtilitatem.
1039 3232 1117 3292 Nam
1142 3230 1222 3311 quod
1243 3229 1349 3309 Tycho
1373 3250 1437 3291 nou
1462 3227 1581 3311 ipsimi
1633 3241 1635 3298 3

251 3316 362 3394 puncti,
389 3317 442 3377 sed
465 3319 555 3396 paulo
580 3321 669 3382 aliam
694 3321 869 3383 distantiam
892 3321 929 3381 ab
944 3321 1005 3382 ΑΚ
1027 3318 1151 3381 adhibet
1175 3320 1223 3392 (ut
1244 3326 1341 3398 patet,
1368 3320 1396 3380 si
1420 3316 1581 3400 comparati

251 3403 426 3469 instituatur
440 3407 663 3483 subtilissima),
688 3410 762 3471 nihil
782 3420 880 3470 tamen
899 3410 988 3481 uerbo
1008 3409 1129 3487 dignum
1153 3407 1181 3468 in
1206 3408 1346 3468 effectum
1370 3408 1443 3470 hinc
1467 3407 1581 3471 resultet

249 3492 324 3555 Plus
348 3493 476 3556 fortasse
500 3499 632 3559 movebit
655 3499 807 3572 lectorem,
832 3500 910 3579 quod
927 3494 1122 3580 aequatio‘nos
1142 3495 1273 3559 ecceutri
1296 3496 1453 3559 maximae
1477 3498 1508 3559 in
1529 3514 1581 3576 que

251 3582 382 3644 draturis
406 3584 523 3647 circiter
547 3588 786 3668 sesquiscrupulo
810 3588 939 3667 majores
968 3589 1041 3649 fiunt
1064 3585 1262 3668 Tychonicis;
1292 3586 1385 3666 idque
1408 3597 1533 3668 propter
1551 3604 1580 3651 ot,

248 3691 324 3752 quae
356 3671 540 3752 Copornicus
570 3676 648 3738 libro
675 3679 714 3740 V.
746 3697 811 3757 cap.
843 3675 873 3740 4.
906 3677 987 3738 circa
1007 3676 1146 3737 medium
1179 3675 1412 3737 demonstravit.
1464 3675 1580 3738 coena

249 3762 328 3822 sciat
351 3762 455 3838 lector,
479 3763 535 3825 hoc
555 3766 695 3846 quicquid
714 3776 762 3828 est
775 3787 795 3827 a
809 3787 933 3828 menon
958 3765 1140 3827 necessitate
1164 3765 1219 3826 sed
1241 3763 1370 3825 consilio
1394 3766 1580 3845 praeterituri

246 3850 347 3911 Facile
371 3851 449 3913 enim
473 3852 503 3912 id
526 3873 633 3916 cavere
655 3857 835 3934 potuissem,
859 3854 884 3917 si
907 3874 961 3934 pro
985 3851 1088 3928 8700,
1119 3853 1169 3933 qui
1192 3851 1327 3935 Tychoni
1352 3853 1386 3914 in
1409 3851 1581 3935 quadraturis

246 3947 375 4017 tangens
408 3949 468 4014 est,
501 3943 599 4004 sinum
630 3941 716 4007 8667
750 3945 918 4024 elegissem.
965 3945 1010 4006 At
1042 3942 1112 4023 quid
1144 3962 1219 4022 opus
1246 3941 1319 4004 mihi
1353 3943 1414 4004 fuit
1443 3944 1545 4006 rudem
1563 3952 1582 3999 et

249 4047 388 4108 asperum
407 4049 560 4093 numerum
575 4034 732 4111 repudiato
747 4034 916 4116 Tychonico
941 4032 1109 4095 adsciscere
1131 4038 1255 4112 propter
1277 4031 1438 4094 tantillam
1463 4034 1582 4095 differen-

247 4116 320 4205 tiam
345 4118 596 4199 sesquiscrupuli,
630 4141 695 4182 cum
719 4124 822 4205 Tycho
849 4124 913 4202 ipse
937 4141 1080 4183 summam
1105 4119 1371 4200 scrupulositatem
1396 4112 1583 4185 tractabilium

213 4220 220 4233 ¹
248 4206 280 4266 et
302 4208 494 4269 rotundorum
518 4228 705 4272 numerorum
734 4212 917 4292 compendiis
941 4211 1155 4291 postposuerit.
1201 4211 1281 4273 Nam
1303 4209 1428 4283 fortuiti
1451 4231 1512 4274 uon
1532 4213 1583 4272 sunl

248 4293 278 4354 hi
302 4297 414 4357 numeri
437 4293 538 4371 8700,
564 4295 669 4372 5800,
694 4297 799 4374 2900,
831 4319 953 4381 qnorum
976 4301 1088 4380 primns
1110 4298 1194 4361 tertii
1216 4298 1323 4378 triplus
1353 4307 1423 4374 est,
1456 4298 1582 4365 secundo

249 4378 365 4461 duplus.
413 4383 513 4455 Quare
542 4388 634 4449 malui
664 4388 865 4453 dimensiones
895 4378 1080 4470 Tychonicas
1110 4387 1238 4449 retinere
1269 4406 1339 4449 cum
1374 4390 1490 4452 calculi
1517 4405 1581 4451 con·

248 4472 375 4550 peudio,
412 4492 499 4552 quam
536 4477 574 4537 ad
610 4476 706 4556 ipsam
743 4476 867 4542 effectus
899 4477 1061 4560 Tychonici
1098 4476 1298 4539 subtilitatem
1334 4476 1502 4559 adspirare
1535 4478 1581 4539 sin

252 4561 435 4622 necessitate
460 4565 629 4645 praecipua.
1261 4562 1269 4571 ’

336 4650 475 4712 Variatio
499 4653 670 4734 Tychonica
699 4656 818 4735 proprie
848 4662 896 4717 est
923 4655 1064 4717 accidens
1093 4661 1192 4740 motus
1220 4652 1319 4716 medii.
1368 4655 1455 4718 Nam
1478 4654 1526 4736 qni
1544 4670 1580 4714 ce·

250 4738 323 4799 teris
346 4739 477 4818 planetis
500 4750 598 4805 motus
621 4743 737 4806 medius
761 4753 817 4821 est,
841 4746 945 4807 Lunae
964 4764 1023 4805 uon
1042 4752 1098 4805 est.
1137 4741 1265 4813 Quoties
1288 4740 1370 4807 enim
1390 4743 1483 4807 Luna
1504 4743 1580 4805 linear

249 4827 309 4887 ΑΚ
331 4847 385 4908 per
404 4830 527 4893 Terram
544 4839 575 4895 et
589 4830 691 4896 Solem
714 4835 882 4897 transeunti
905 4832 1134 4914 appropinquat,
1158 4830 1216 4894 etsi
1238 4823 1328 4913 plane
1353 4833 1387 4896 in
1411 4832 1579 4899 conceum‘n
