3278 5550
437 281 468 337 a·
486 281 674 347 menaea
693 282 724 333 a
742 289 810 333 mon
828 281 916 333 imru
934 279 1030 333 asne.
1346 269 1407 343 ttt

144 465 334 518 Fabricius:
353 461 381 514 Si
398 462 445 514 hoc
463 477 519 514 meo
536 464 610 515 modo
628 465 653 515 in
673 468 776 515 emessa
793 461 878 514 circuli
895 459 951 524 (per
961 459 1115 511 additionem
1132 458 1240 521 partium
1256 453 1357 507 lunulas
1376 453 1409 504 ad

109 553 138 587 n
156 534 311 601 uendite)
329 550 374 600 par
390 533 563 600 rectanpnium
581 535 620 586 rel
641 535 788 586 loecandam
814 534 925 585 tabulam
950 530 1105 596 aequatieais
1123 529 1217 593 primae
1235 526 1354 592 angulum
1370 525 1410 579 rai

109 607 207 659 usian
222 610 301 672 primo
324 614 489 671 coaequatam
514 608 667 670 inquisiverit
686 615 712 657 et
733 613 789 670 post
805 622 850 670 per
866 607 933 656 huuc
960 607 1096 667 aequatum
1122 600 1241 664 angulum
1269 597 1411 649 anomalae

109 679 191 731 udam
210 679 386 745 aequationem
404 679 599 743 investigaveris,
619 679 721 729 habebis
739 685 817 728 totam
836 674 1069 742 prosthaphaeresiu
1087 673 1245 723 rarissimam.
1275 669 1311 720 llt
1327 682 1411 719 neam

109 750 209 809 thesin,
228 763 304 815 quam
315 756 361 801 tua
373 750 491 799 rariorem
507 740 600 813 J‘udico,
619 751 714 815 plenius
731 752 874 814 perspicias,
894 763 925 800 aa
937 746 1045 798 schema
1061 773 1094 783 -
1106 743 1162 794 Hoc
1174 743 1276 794 schema
1287 740 1411 793 additam·

123 820 318 886 explicationem
345 820 484 870 omittenda
510 835 649 879 censemus,
675 837 730 871 cnm
758 822 817 884 quis
843 822 895 885 ipse
924 818 1053 883 adscripsit
1070 815 1214 866 Fabricius:
1250 826 1297 872 ,ex
1324 812 1410 863 celeri·

122 900 151 943 st
168 893 338 957 incogitantia
354 891 462 943 blartem
481 907 524 955 pro
542 893 673 943 libratione
692 891 782 956 aphelii
800 893 866 943 male
885 889 1030 945 collocari“,
1050 887 1138 938 deinde
1157 890 1266 937 correcto
1283 884 1321 934 bis
1339 881 1411 933 sobe·

109 964 228 1028 »priora
244 955 332 1014 addit:
362 962 481 1021 ,schem
497 965 577 1013 minus
596 965 725 1014 commode
741 962 900 1021 lormatnm“,
927 969 953 1011 et
970 960 1059 1010 alteri:
1080 958 1175 1017 ,nlmla
1195 957 1322 1007 ludendo
1340 955 1410 1009 lacit,

109 1035 232 1087 modo
256 1042 337 1084 totam
362 1034 510 1097 hypothesin
528 1037 554 1083 in
573 1050 622 1084 ono
639 1035 767 1085 schsmte
785 1050 836 1086 non
854 1032 1041 1100 depinxerim‘fr
1066 1037 1119 1081 tum
1137 1032 1196 1094 quia
1214 1027 1341 1077 Fabricius
1358 1038 1409 1074 usn

109 1113 187 1158 estas
206 1107 286 1157 tribus
303 1106 342 1157 his
359 1107 433 1157 irritis
452 1107 580 1156 conatibus
599 1114 712 1171 quartum
725 1107 782 1170 qaia
798 1110 875 1158 etiam
886 1107 998 1171 quintum
1011 1103 1043 1154 ad
1054 1102 1121 1153 idam
1134 1102 1207 1157 redit,
1225 1098 1292 1149 unda
1303 1098 1369 1148 iutra
1381 1106 1413 1146 sa

109 1179 230 1234 mbas,
246 1190 313 1241 qnae
331 1176 364 1227 st
381 1191 434 1227 sesa
451 1179 584 1240 perinent
1107 1186 1113 1199 ·

139 1248 203 1301 lam
222 1263 273 1299 aas
295 1249 433 1313 respicietis
450 1249 517 1298 male
535 1248 674 1299 delineatas
697 1249 790 1314 ligures
808 1249 933 1299 exclamat
951 1245 1094 1297 l'abrloiua:
1112 1258 1186 1309 quam
1202 1239 1320 1305 iucunde,
1339 1251 1413 1304 qum

109 1335 136 1377 t·
165 1316 252 1386 ami
273 1320 366 1376 latiis,
395 1332 469 1383 quam
495 1328 661 1385 congruenter
682 1320 746 1370 haee
774 1322 839 1370 inter
857 1335 884 1369 se
903 1325 929 1369 et
947 1318 1015 1369 coelo
1037 1318 1210 1373 consentiant,
1237 1312 1345 1376 pluribus
1363 1325 1413 1360 uon

109 1392 240 1444 mbo.
272 1391 312 1441 Tu
329 1392 370 1442 tac
388 1391 523 1455 periculam
542 1399 569 1442 st
586 1393 692 1442 Fabricii
709 1393 806 1457 vigilias
824 1391 907 1441 multis
927 1392 998 1440 annia
1016 1391 1042 1438 iu
1060 1387 1108 1438 hac
1126 1403 1153 1438 re
1172 1384 1313 1437 exantlatas
1332 1382 1411 1433 admi·

110 1464 154 1514 r'n·
191 1462 280 1522 (idaeo
299 1463 375 1512 vsrba
392 1464 502 1526 sequitur
518 1463 631 1513 secunda
649 1478 743 1520 sarum,
762 1478 824 1528 quaa
842 1463 954 1523 diximus,
974 1460 1161 1517 comestionum,
1180 1461 1302 1521 integrum
1323 1467 1413 1504 cousu-

109 1530 247 1593 stalinn.)
268 1532 366 1583 Deinde
379 1534 475 1599 pergit:
496 1534 569 1589 Vide,
588 1536 621 1584 mi
635 1536 797 1585 eruditissime
809 1535 925 1599 Keplsre.
937 1542 1004 1582 nanc
1016 1533 1142 1596 utriusque
1159 1527 1317 1594 hypotheses,
1330 1524 1414 1575 contar

110 1640 116 1663 ,
135 1614 165 1657 st
179 1605 286 1669 ludina,
304 1612 363 1654 utra
380 1606 412 1653 sit
429 1605 540 1661 facilior,
559 1607 592 1655 ad
610 1607 763 1669 probandum
782 1614 808 1656 et
830 1604 1027 1670 persuadendum
1054 1602 1244 1654 convenientior.
1280 1597 1336 1647 Hoc
1353 1595 1414 1651 scio,

110 1692 148 1729 ιιι
164 1689 281 1740 anquam
298 1676 434 1727 laeilierem
451 1677 477 1725 in
495 1678 661 1739 superioribus
677 1677 762 1727 datam
782 1693 836 1728 esse
856 1685 900 1727 snt
918 1677 971 1726 dari
985 1689 1065 1739 posse,
1084 1681 1110 1725 et
1128 1673 1160 1724 sd
1178 1672 1255 1722 talem
1273 1666 1415 1732 hypothesis

110 1749 239 1803 tastonam
257 1762 304 1812 spo
317 1749 391 1810 mam
409 1749 559 1810 superiorum
572 1749 671 1807 tabulas
688 1757 822 1812 supputare
840 1750 930 1812 incepi.
956 1747 1004 1797 Per
1022 1760 1078 1796 eam
1092 1753 1233 1796 ostensurus
1252 1757 1306 1791 sum
1318 1739 1414 1790 rarissi-

110 1821 278 1874 sratieucm,
295 1833 340 1869 cur
352 1834 383 1868 ex
396 1815 410 1866 ³
424 1819 579 1881 acronyohiis
598 1821 807 1871 observationibus
825 1836 908 1870 rerum
926 1817 1050 1882 aphslium
1066 1825 1092 1869 et
1105 1815 1277 1868 eccenulcltas
1294 1812 1417 1862 hactenus

122 1906 176 1942 Μ
195 1891 316 1954 imm*
353 1890 407 1954 38⁰
426 1891 485 1949 ⁸⁰5⁰.
506 1891 556 1939 itio
575 1892 685 1956 inquam.
704 1907 748 1956 per
765 1892 831 1943 hauc
850 1907 931 1942 meam
956 1889 1102 1953 hypothesin
1121 1888 1168 1939 hoc
1186 1888 1239 1937 tisri
1256 1899 1328 1948 posse
1347 1890 1373 1932 et
1390 1882 1416 1930 ln

110 1961 212 2017 i'lsoris
232 1968 314 2010 tetum
332 1959 392 2011 illud
410 1963 537 2026 negotium
559 1962 652 2012 absolvl
677 1978 764 2026 posse,
792 1964 857 2028 qnod
875 1971 902 2012 tu
921 1978 964 2025 per
982 1959 999 2010 4
1018 1961 1169 2025 acrnnychia
1187 1959 1224 2007 rix
1243 1952 1313 2005 ii-8
1332 1956 1417 2007 diebus

110 2048 149 2087 ιι
164 2033 426 2098 μαψροῐῦοίοι.
464 2031 491 2081 Si
509 2033 555 2083 tibi
572 2034 722 2097 probabitur,
742 2042 771 2084 ut
788 2051 837 2084 non
863 2035 964 2094 dubito,
992 2034 1013 2082 si
1032 2031 1210 2083 examinaveris
1235 2030 1260 2078 in
1279 2028 1418 2092 praeclpnis

110 2120 178 2172 iper
197 2104 396 2159 ohservationes,
415 2111 441 2153 et
459 2105 508 2152 tuis
527 2103 716 2155 Commentariis
735 2108 760 2155 in
779 2107 828 2156 tine
845 2107 981 2170 adiungere
998 2103 1117 2165 volueris,
1143 2103 1264 2156 rescribe,
1291 2107 1351 2149 tunc
1371 2114 1418 2165 ego
1502 2104 1505 2109 ’

110 2179 140 2229 b
156 2175 355 2241 diligantisnme
373 2182 399 2224 et
412 2176 599 2225 sacratissima
611 2191 666 2225 cnm
679 2180 743 2226 veris
752 2177 1011 2228 demonstrationibus
1024 2183 1050 2225 et
1062 2175 1188 2241 exemplis,
1205 2175 1264 2223 item
1277 2171 1419 2222 calemandi

110 2264 152 2315 ᾳ
175 2256 207 2299 et
233 2245 292 2295 aliis
316 2245 475 2295 adumbraho.
512 2246 569 2296 Noli
587 2249 621 2296 mi
638 2248 747 2311 Ksplere
771 2250 875 2313 amplius
903 2250 1001 2298 somnia
1026 2259 1115 2297 rorare
1141 2247 1205 2297 haas
1227 2257 1286 2295 mea
1306 2245 1418 2309 inventa,

111 2321 222 2389 pveris
245 2318 391 2367 “aminare
412 2331 523 2381 quaeso;
542 2319 562 2366 si
580 2333 629 2367 non
651 2321 781 2370 santarem
800 2335 855 2370 cum
872 2322 925 2384 pari
942 2319 1063 2369 facilitate
1077 2324 1103 2367 et
1117 2315 1420 2381 iucunditats‘inveaerb.

111 2392 240 2451 thura
259 2402 325 2438 asne
343 2387 450 2450 sylon.
469 2395 529 2438 tnnc
546 2390 699 2452 imperiosius
724 2393 870 2457 perstringo.
908 2392 961 2456 Epo
981 2397 1058 2440 antea
1075 2391 1202 2454 quiescere
1220 2403 1269 2439 non
1287 2388 1356 2451 potui
1374 2391 1420 2436 ant

111 2462 227 2528 aqam
246 2459 316 2510 hans
334 2461 470 2509 iurauerim
486 2460 634 2523 hypothesin
653 2470 763 2512 etseras
781 2477 870 2512 causas
888 2463 1019 2512 multorum
1038 2461 1160 2510 hactenus
1178 2460 1308 2509 latentium
1326 2463 1418 2520 myste-

111 2534 153 2585 h
165 2534 240 2597 pisae
261 2539 290 2580 et
308 2530 382 2594 plane
400 2531 579 2596 indagaverim,
598 2533 732 2596 quodiam
751 2534 798 2584 Dei
818 2535 937 2585 beneflcio
956 2540 1012 2597 post
1029 2531 1142 2582 millenas
1168 2545 1252 2586 curas,
1276 2531 1418 2580 innumeras

111 2601 250 2659 Qec,
271 2602 369 2667 vigilias
387 2616 502 2666 operosas
513 2602 564 2666 'per
583 2599 598 2650 d
617 2618 737 2654 annorum
755 2605 982 2669 spatiumtandem
1000 2605 1089 2653 inveni.

160 2672 198 2725 ia
208 2675 258 2725 asli
280 2673 436 2723 librationem
454 2686 581 2725 accusare.
611 2674 694 2735 Quare
707 2678 740 2724 mi
753 2677 860 2740 Keplere
879 2692 928 2726 non
942 2676 1005 2725 haec
1018 2682 1070 2725 tam
1087 2680 1125 2724 est
1136 2679 1242 2723 naturae
1262 2673 1419 2727 conveniens,

111 2758 149 2797 Ι
161 2746 273 2797 ,Ἕω
293 2754 353 2794 tuae
370 2744 553 2807 speculatores
571 2747 640 2796 circa
657 2753 726 2796 tuam
744 2747 912 2811 hypothesin?
932 2748 984 2797 Etsi
997 2746 1104 2796 maxims
1122 2751 1168 2794 tna
1180 2743 1323 2808 hypothesis
1341 2742 1420 2793 sslret

111 2822 157 2876 1,
170 2817 291 2882 qusndi
309 2823 395 2866 tamen
413 2816 476 2866 ratio
494 2825 613 2880 pertusa
630 2818 779 2882 hypotheses
798 2827 850 2869 tam
869 2827 908 2870 est
925 2818 1042 2883 perplexa
1060 2825 1086 2867 et
1105 2829 1220 2880 operosa,
1239 2822 1268 2864 ut
1285 2814 1322 2865 rel
1341 2815 1419 2877 primo

111 2888 157 2953 ἡ,
169 2889 281 2954 Quem
300 2887 425 2938 deterrere
441 2889 528 2951 possit
553 2888 647 2948 Quodsi
665 2891 745 2939 minua
763 2892 809 2941 tibi
821 2892 963 2955 probabitur
981 2889 1110 2939 solatiam
1128 2889 1244 2943 maxime,
1263 2886 1320 2937 uelo
1335 2891 1420 2951 tamw

112 2958 162 3013 ὖ
177 2974 237 3010 eam
256 2959 434 3015 communices,
454 2959 497 3010 sed
509 2960 555 3009 sub
568 2959 679 3012 Uranice
691 2961 740 3011 fide
758 2969 841 3012 tecum
854 2965 905 3013 sint
922 2961 1014 3018 omnia,
1033 2961 1098 3011 sicat
1109 2966 1154 3010 tna
1167 2959 1233 3023 apud
1244 2973 1284 3009 me
1297 2957 1420 3008 hanunus

111 3044 179 3097 μ
196 3033 226 3082 irs
244 3030 339 3081 abditis
357 3029 468 3099 Uraniae
486 3038 514 3081 ut
531 3030 666 3094 palladium
685 3031 775 3096 Tholas
792 3032 888 3084 latuere
907 3040 933 3084 et
951 3038 980 3083 ut
997 3033 1115 3096 mysteria
1142 3031 1315 3081 reconduntur.
1347 3027 1421 3090 Quae

111 3118 130 3153 ι
143 3105 181 3155 a's
198 3103 301 3167 magnis
321 3101 446 3151 laboribus
463 3115 480 3153 a
497 3103 567 3151 nobis
585 3103 755 3169 inquirantur,
778 3120 827 3154 uon
846 3106 938 3157 debent
956 3104 1010 3154 aliis
1034 3103 1096 3153 locis
1121 3109 1180 3153 ante
1199 3109 1296 3166 tempus
1315 3099 1419 3151 obtrudi.

112 3188 197 3225 uso
215 3175 324 3223 sollicite
342 3180 388 3221 tua
404 3174 537 3236 inquirenti
550 3169 585 3234 ¹⁴)
608 3173 675 3223 nolui
693 3175 777 3225 literas
796 3184 852 3227 tuas
875 3175 1038 3242 perlegendas
1058 3175 1117 3224 dare
1135 3172 1241 3224 eandem
1261 3174 1291 3223 ob
1310 3186 1421 3229 cansam,

113 3246 151 3305 vd
164 3246 338 3311 incogitantia
359 3244 463 3306 juvenili
486 3245 541 3294 aliis
560 3246 585 3293 in
612 3246 747 3296 academiis
765 3246 962 3312 propalarentur,
989 3253 1123 3310 antequam
1142 3252 1169 3294 to
1191 3245 1324 3310 quidquam
1343 3243 1374 3293 de
1392 3243 1423 3293 iis

112 3316 237 3451 Ἥ
254 3372 372 3439 examina
389 3401 471 3438 meam
489 3386 638 3451 hypothesin
657 3393 683 3437 et
699 3387 818 3450 iudicium
831 3395 901 3438 tuum
920 3350 1027 3438 candide
1040 3385 1080 3449 (nt
1099 3386 1163 3437 soles
1183 3386 1246 3436 alias
1265 3393 1291 3436 et
1308 3387 1333 3435 in
1354 3385 1421 3447 allis)

112 3460 192 3520 niba,
211 3467 238 3510 st
255 3457 351 3523 siquid
370 3466 457 3508 contra
475 3460 581 3521 oblitere
599 3460 690 3522 poteris
703 3460 790 3522 obiice,
810 3460 868 3525 quid
886 3459 973 3523 probes
993 3465 1037 3510 aut
1048 3454 1176 3522 implebas
1196 3457 1353 3522 significat03
1373 3472 1420 3522 ego

112 3546 141 3585 ι
155 3547 254 3599 queque
273 3538 384 3594 tempere
407 3537 465 3580 tuas
488 3530 573 3579 literas
592 3538 618 3581 et
636 3546 778 3595 responsum
797 3532 830 3581 ad
852 3532 1010 3595 quaestiones
1037 3530 1144 3594 reliquas
1172 3543 1256 3578 omnes
1284 3534 1401 3591 exspecto
1412 3544 1427 3584 t·

112 3600 242 3670 iussae,
260 3617 301 3653 me
320 3600 413 3651 diutins
431 3600 551 3651 detinere.
588 3601 641 3667 ligo
659 3617 726 3652 nune
745 3604 848 3668 agrariis
871 3603 935 3651 curis
958 3602 1097 3651 valedicere
1116 3601 1246 3660 constitui,
1266 3599 1345 3648 locavi
1364 3599 1419 3648 sliis

112 3688 148 3729 aa,
164 3681 193 3723 ut
211 3681 283 3725 tante
301 3671 399 3741 liberius
418 3672 587 3723 astronomicis
606 3674 631 3722 in
650 3681 773 3737 posterum
792 3672 921 3739 invigilare
939 3674 1037 3737 posslsn.
1059 3697 1092 3709 -
1118 3728 1122 3737 ¹

150 3744 216 3796 lluic
235 3744 368 3809 apologiae
394 3745 493 3795 tertiam
522 3744 592 3794 addit
609 3745 735 3794 Fabricius
764 3747 939 3795 correctionem
958 3742 1064 3803 (,nimia
1082 3741 1225 3795 testinatio“
1246 3739 1305 3800 dic.)
1331 3742 1420 3790 iterum

112 3814 363 3939 nmium,
387 3830 437 3880 qus
454 3814 562 3866 nondum
591 3818 731 3866 accuratius
757 3823 887 3880 perspecta
906 3816 1069 3880 Keplerus
1088 3814 1120 3864 ad
1139 3815 1276 3878 praemissa
1293 3812 1421 3876 respondit

150 3961 200 4021 Ad
225 3968 281 4022 tua
302 3978 372 4022 vero
388 3959 463 4020 haec
486 3957 609 4021 inventa
633 3959 669 4020 de
684 3959 795 4034 Marte,
821 3978 896 4039 quse
912 3956 1115 4041 Pythagorico
1134 3957 1243 4017 affectu
1267 3973 1419 4016 commen-

112 4066 247 4129 srneqae
271 4048 383 4111 invitas
407 4049 447 4111 ad
470 4066 507 4108 ea
530 4048 715 4124 admiranda,
741 4048 811 4129 quid
835 4048 932 4123 dicam
956 4067 1013 4109 non
1037 4046 1142 4110 habeo.
1188 4043 1329 4106 Ridebo?
1374 4043 1422 4106 At

113 4137 189 4201 liora
201 4139 329 4201 meritus
345 4157 379 4200 es
398 4135 520 4217 egregio
535 4137 635 4199 studio
651 4147 683 4198 et
696 4137 862 4218 cupiditate
877 4132 1040 4217 inculpata
1076 4134 1180 4215 Magni
1197 4152 1266 4194 vero
1286 4131 1421 4195 faciam?

129 4228 229 4291 minus
252 4227 310 4288 hoc
333 4228 390 4289 erit
413 4226 572 4289 candidum
596 4227 722 4290 lacinus.
768 4228 834 4289 lloc
858 4226 954 4288 solum
976 4225 1031 4288 tibi
1062 4225 1144 4299 dico,
1176 4233 1229 4285 aut
1252 4231 1283 4284 te
1305 4222 1420 4285 coinci-

113 4336 136 4381 τι·
158 4318 190 4381 in
216 4316 326 4378 ellectu
348 4336 414 4378 cnm
443 4315 618 4395 operatione
648 4336 716 4379 mea
743 4324 796 4377 aut
819 4315 1024 4377 aberraturum
1053 4312 1227 4393 longissime
1252 4312 1290 4374 ab
1314 4311 1421 4374 obser·

113 4405 152 4469 ’1.
200 4403 315 4476 Quidi-
342 4406 386 4467 Tu
409 4423 514 4485 parum
539 4405 650 4467 referre
674 4413 763 4485 putas
788 4406 826 4467 ad
850 4405 930 4466 orbis
952 4401 1044 4465 annui
1068 4402 1273 4482 aequationes,
1297 4400 1421 4481 prolon-

113 4504 173 4559 ηπ
202 4494 369 4557 distantiae
399 4494 510 4556 Martis
533 4515 554 4555 a
576 4493 648 4558 Sole
676 4494 758 4556 circa
780 4493 895 4557 medias
919 4491 1121 4572 longitudines
1149 4511 1186 4553 an
1204 4489 1422 4552 decurtentur?

113 4584 207 4669 tabi
230 4602 289 4663 ego
312 4583 446 4658 desorto,
471 4592 504 4645 tu
528 4583 616 4644 malie
639 4583 840 4663 prolongare?
886 4579 914 4643 Ο
938 4592 968 4643 te
992 4580 1150 4643 miserum!
1189 4578 1288 4651 Quam
1315 4598 1421 4659 parum

114 4673 181 4739 'ner
205 4692 240 4736 es
265 4690 379 4749 eorum,
404 4691 479 4753 quae
504 4672 574 4735 olim
598 4672 661 4751 ipse
677 4680 819 4754 expertus
843 4670 929 4751 inque
953 4670 1050 4733 literis
1075 4669 1114 4730 ad
1128 4688 1175 4730 me
1198 4668 1313 4749 prolixe
1338 4666 1419 4729 datie

113 4772 197 4827 tatus
227 4781 273 4825 es.
319 4761 387 4824 Non
412 4761 523 4828 sufficit
545 4760 714 4843 transigere
738 4781 804 4823 cunr
827 4759 1029 4842 acrooychiis,
1055 4766 1176 4839 oportet
1198 4765 1230 4820 et
1252 4756 1421 4843 reliqusia

113 4860 229 4936 qaae
249 4850 376 4923 babere.
