3278 5550
462 1109 513 1211 n.
545 1105 866 1216 RUDOLPHO
905 1116 968 1215 11

121 1320 126 1336 '
173 1316 463 1413 rotulorum
493 1317 788 1414 irrumpunt
826 1319 1009 1416 SllllPER
1033 1319 1257 1417 AUGUSTO.

118 1494 314 1577 waltun,
343 1499 617 1577 HUNGARIAE,
655 1500 876 1567 BOHEMlAE
904 1506 958 1568 duc.
992 1503 1107 1572 REGI.
1154 1501 1409 1569 Achrnucr

565 1623 780 1691 AUSTRIAE
803 1629 858 1691 dno.

406 1803 728 1885 Angustissime
766 1806 1013 1886 Imperator.
1051 1854 1054 1859 ,

118 1924 212 1999 Quod
235 1923 293 1989 Su
312 1922 370 1989 0⁸0
388 1926 454 1990 Mt·
472 1927 550 2001 Vas,
573 1929 725 2008 totiusque
749 1930 826 1990 adso
847 1929 962 1994 Domus
981 1928 1165 1993 Austriaoaa
1191 1928 1386 1992 serenissimo

118 2018 151 2083 η’
187 2015 283 2078 t'oelix
316 2015 505 2098 faustumque
528 2017 586 2092 sit,
617 2016 750 2097 imperiis
773 2018 839 2080 Mt·
858 2019 921 2080 Vas
939 2021 1061 2083 tandem
1084 2018 1244 2099 aliquando
1267 2018 1385 2098 publice

118 2105 233 2171 andum
259 2103 385 2167 exhibeo
410 2104 627 2186 Captivum
658 2107 896 2183 nobilissimum,
926 2108 992 2190 jam
1014 2108 1130 2190 pridem
1153 2107 1296 2188 auspiciis
1319 2107 1387 2169 lit·

118 2195 202 2259 lrsllo
235 2193 353 2258 difficili
383 2204 415 2258 et
443 2195 595 2258 laborioso
619 2216 638 2257 a
660 2215 707 2256 me
730 2197 918 2278 acquisitum.
964 2198 1071 2280 Neque
1094 2196 1172 2260 enim
1195 2214 1318 2271 vereor,
1352 2205 1388 2258 ut

118 2285 138 2348 ri
161 2302 278 2348 nomen
303 2292 468 2359 aversetur,
493 2285 542 2364 qui
561 2285 626 2366 jam
649 2285 720 2347 olim
740 2294 788 2347 est
807 2287 926 2363 solitus,
950 2287 1098 2368 depositis
1112 2286 1218 2368 clypeo
1231 2285 1387 2366 paulisper

119 2373 166 2441 aia
187 2392 262 2435 sese
276 2372 373 2453 ipanm
387 2372 563 2436 viucendum
579 2375 825 2456 vinciendumque
843 2377 989 2456 praebere
1004 2375 1156 2440 lubentem
1171 2382 1203 2437 et
1224 2374 1386 2450 ludentem,

119 2483 146 2529 Ι
165 2462 323 2537 custodia,
347 2481 451 2527 carcer
474 2471 528 2526 ant
550 2463 668 2527 vincula
689 2464 877 2544 placuerunt.

120 2552 215 2634 bins
258 2569 329 2615 vero
361 2552 526 2632 spectaculi
558 2572 617 2616 non
648 2553 745 2632 major
777 2554 890 2633 poterit
921 2570 990 2616 esse
1027 2551 1209 2627 celebritas,
1236 2569 1326 2654 qnam
1359 2551 1386 2614 si

119 2642 251 2725 mistim
274 2640 395 2722 captivo
417 2641 681 2722 praestantissimo
704 2641 851 2716 scribam,
883 2640 1060 2723 publicaque
1084 2658 1159 2704 voce
1182 2639 1384 2721 pronunciem.

120 2728 189 2819 psa·
222 2729 334 2792 hunc
325 2748 358 2792 ιιι
381 2749 518 2811 campum
532 2730 705 2812 ingressuro
723 2731 865 2835 splendor
891 2731 1021 2794 occurrit
1036 2729 1231 2806 admirabilis,
1254 2728 1385 2792 avertit-

119 2828 151 2887 Ι
174 2819 359 2904 perstringit
385 2820 501 2896 oculos,
540 2822 579 2884 ad
609 2829 697 2884 tanne
727 2820 827 2884 noctis
855 2821 954 2884 lumen
982 2821 1162 2903 umbraeque
1184 2816 1385 2883 scholasticas

119 2958 238 3081 traque
270 2996 405 3079 relinquo
438 2997 634 3078 scriptoribus
670 2997 863 3062 historiarum
894 2960 1103 3081 explicandam
1135 2996 1267 3078 hospitis
1288 2952 1385 3061 nostri

120 3088 286 3162 munem,
311 3106 343 3150 re
365 3087 476 3150 bellica
497 3094 712 3168 comparatam

119 3176 234 3242 lliaant
258 3175 302 3239 illi
325 3195 409 3251 sane,
432 3176 510 3240 lrnnc
533 3196 612 3252 esse,
635 3196 689 3257 per
712 3195 800 3280 quem
823 3196 926 3239 omnes
949 3176 1100 3239 exercitus
1122 3176 1254 3251 vineant,
1278 3194 1384 3240 onmes

126 3267 224 3331 ducas
249 3265 443 3346 triumphent,
469 3284 571 3329 omnes
585 3266 688 3345 Reges
711 3266 878 3346 imperent;
901 3267 966 3329 sine
979 3265 1065 3345 cnjus
1079 3284 1135 3345 ope
1150 3283 1236 3328 nemo
1255 3284 1397 3348 unquam-

120 3374 200 3438 qnam
234 3355 388 3435 captivum
415 3374 482 3418 cnm
514 3356 602 3418 lande
635 3355 803 3418 abduxerit.
850 3356 936 3418 Hunc
964 3356 1028 3437 jam
1050 3373 1116 3417 meo
1139 3354 1240 3417 Marta
1262 3362 1384 3436 captum

120 3444 202 3509 ando
231 3463 304 3507 snos
326 3443 370 3507 illi
393 3445 496 3507 oculos
520 3443 680 3508 exsatiant.

120 3533 238 3599 Dicant
259 3532 416 3597 Romanae
439 3533 654 3614 magnitudinis
678 3534 890 3608 admiratores,
918 3533 997 3594 hunc
1020 3550 1088 3594 esse
1112 3535 1242 3594 satorem
1265 3529 1385 3612 Regum

120 3622 157 3689 ali
180 3631 212 3685 et
235 3621 335 3707 Remi,
358 3631 600 3685 conservatorem
623 3623 714 3698 urbis,
738 3631 939 3702 protectorem
963 3619 1133 3698 Quiritium,
1157 3627 1304 3683 statorem
1318 3621 1382 3683 lm-

120 3733 129 3775 :
153 3731 213 3794 qno
238 3713 369 3792 propitio
392 3711 522 3773 Romani
545 3711 703 3775 militarem
728 3712 916 3793 disciplinam
938 3711 1115 3786 invenerint,
1139 3709 1286 3784 auxerint,
1309 3728 1381 3792 per·

120 3809 179 3876 nt,
212 3802 374 3881 orbemque
406 3801 564 3864 Terrarum
593 3801 829 3882 san'ngaverint
891 3801 977 3863 Hunc
1008 3800 1101 3881 igitur
1127 3798 1382 3879 circumscriptum

120 3891 198 3972 rique
226 3890 410 3953 Anstriacae
440 3889 540 3953 foelici
568 3891 665 3953 omine
689 3909 766 3953 nnnc
789 3889 967 3971 acquisitum
990 3889 1186 3970 gratulentur.

120 3979 188 4062 Ego
211 3999 260 4043 me
282 3979 351 4043 hinc
375 3978 413 4042 ad
436 3980 498 4042 alia
520 3979 648 4061 recipio,
672 3999 747 4062 qnae
771 3988 843 4043 sunt
864 3978 977 4041 viribus
999 3978 1075 4042 meis
1098 3973 1379 4042 accommodatiora.

123 4089 141 4133 s
178 4077 280 4132 tamen
303 4068 334 4132 in
357 4088 394 4131 ea
416 4068 611 4150 professionis
634 4088 719 4132 meae
742 4077 830 4151 parte
852 4069 960 4150 pedem
983 4068 1083 4150 figam,
1105 4067 1137 4132 in
1160 4085 1221 4149 qua
1240 4066 1314 4130 milri
1334 4066 1381 4132 ai-

120 4181 147 4223 rs
174 4158 335 4222 intercedit
358 4177 424 4221 cnm
446 4158 707 4221 commilitonibus.

121 4248 171 4312 illi
205 4268 279 4310 sane
311 4247 452 4327 gaudium
484 4247 565 4311 aliud
596 4248 669 4310 licet
695 4246 868 4329 gaudeant:
897 4245 1091 4310 constrictum
1114 4244 1241 4309 vinculis
1263 4243 1382 4320 calculi,

121 4338 209 4402 toties
241 4338 374 4418 ipsorum
405 4357 511 4400 manns
541 4345 573 4401 et
606 4337 709 4400 oculos
743 4335 886 4417 effugiens
927 4335 1014 4400 irrita
1045 4334 1152 4400 solitus
1179 4341 1228 4399 est
1254 4335 1380 4399 reddere

121 4427 179 4492 inis
210 4425 332 4489 maximi
354 4427 517 4490 momenti:
545 4426 653 4509 quippe
686 4425 840 4502 debello,
873 4424 910 4487 de
933 4425 1077 4501 victoria,
1110 4424 1147 4488 de
1170 4424 1308 4507 imperio,
1341 4423 1380 4487 de

121 4525 184 4581 tate
206 4515 339 4593 militari,
363 4516 400 4579 de
423 4516 608 4598 magisterio,
633 4516 670 4579 de
693 4517 775 4591 lusu,
800 4515 837 4578 de
860 4514 928 4597 ipsa
945 4514 1072 4597 deniqne
1091 4513 1156 4578 rita
1174 4514 1380 4579 abscindenda

121 4606 306 4689 roroganda
352 4606 402 4669 Illi
423 4606 480 4670 Md
496 4607 559 4669 vas
581 4605 768 4687 gratulentur
790 4606 828 4668 de
851 4603 1004 4668 domino
1027 4603 1248 4685 geniturae
1271 4604 1302 4668 in
1319 4621 1379 4685 pe-

121 4704 179 4760 tam
200 4695 337 4771 redacto,
359 4694 419 4758 imo
442 4714 514 4760 reto
537 4694 716 4770 conciliato;
749 4694 857 4778 quippe
880 4693 941 4757 illis
963 4694 1094 4757 testibus
1116 4693 1200 4758 Mara
1221 4692 1379 4775 scorpioni

121 4793 215 4864 natm,
229 4785 280 4868 qni
293 4803 345 4850 cor
358 4784 436 4848 coeli
448 4784 558 4862 habet3
581 4785 612 4849 in
626 4782 809 4865 Capricorno
824 4783 987 4861 exaltatur,
1007 4781 1057 4866 qni
1071 4783 1184 4865 oritm;
1206 4781 1376 4858 indancro,
