3278 5550
146 266 187 337 14
482 256 486 263 ’
517 299 521 307 -
578 272 608 323 In
627 272 809 324 commentaris
827 273 857 324 de
875 279 943 323 mutu
961 272 1049 323 Martis

25 432 31 459 '
142 465 186 515 per
203 463 295 500 unum
323 449 403 500 adfuit
428 449 535 512 illudque
554 457 673 514 exparte
694 450 793 516 quidem
819 451 957 514 descripsit,
979 450 1125 507 Oduutium,
1152 448 1256 515 posthac
1281 440 1510 514 professorem

142 522 326 572 matheseos
343 522 369 570 iu
387 521 518 570 academia
535 521 665 580 Altorfiua,
683 522 795 588 quidum
812 538 913 573 munere
930 523 977 572 hoc
995 523 1152 586 fungebatur,
1172 535 1237 575 anuo
1252 518 1327 571 lert.
1346 520 1410 571 haec
1423 522 1492 572 dedit

72 600 76 612 '
142 593 266 657 Keplero:
287 593 346 642 anni
363 599 422 641 suut
441 590 482 648 18,
501 608 529 642 ex
549 609 596 658 quo
614 600 723 656 tempore
742 608 788 659 ego
801 594 898 659 Pragae
917 594 1010 659 degens
1028 593 1091 644 Ncb.
1105 593 1174 644 Tuae
1193 607 1292 657 operam
1311 606 1392 642 meam
1410 593 1490 643 locavi

142 666 167 715 ln
185 663 341 729 perficiendis
360 665 581 727 supputationibus,
600 671 701 719 motum,
720 665 745 714 ni
764 663 843 723 fallor,
862 665 949 714 Martis
968 666 1179 715 concernentibus.
1214 664 1325 729 Siquam
1343 671 1438 728 partem
1459 666 1491 713 ad

143 735 352 786 elucubrationem
370 735 449 798 operia
467 736 531 784 illius
555 735 659 790 contuli,
686 735 749 799 quod
766 744 822 799 post
841 737 933 800 abitum
951 751 1033 786 meum
1058 736 1132 799 paulo
1153 742 1208 800 post
1231 737 1344 800 publicae
1362 734 1410 785 luci
1430 751 1490 785 con-

144 821 243 858 oessum
262 807 358 864 audivi,
379 806 497 870 estquod
513 807 574 856 mibi
598 808 721 872 gaudeam
746 809 834 872 jusque
857 823 983 871 superesse
1001 814 1098 872 putem,
1124 809 1155 858 ab
1175 813 1259 859 autore
1277 808 1341 857 illins
1366 808 1492 870 exemplar

142 879 244 943 petendi
261 877 325 927 dono
343 877 404 926 milii
421 878 539 928 oblatum.
566 878 665 928 Librum
683 878 781 942 quidem
799 877 867 930 illurn
895 880 1002 929 antehac
1030 894 1111 929 emere
1131 881 1227 930 animus
1244 880 1299 940 fuit,
1316 893 1398 927 rorum
1417 893 1490 942 prae·

142 949 249 999 sentium
274 956 409 1013 temporum
434 950 525 1013 injuris
547 957 630 1007 vetat,
653 965 700 1013 quo
722 951 802 1000 miuus
825 950 948 1001 tolerabili
970 951 1049 1016 aliquo
1073 952 1150 1014 pretio
1169 959 1260 1000 emtum
1283 950 1374 1000 habere
1391 963 1490 1014 queam.

141 1021 197 1071 alio
215 1027 323 1084 tempore
356 1020 454 1069 dabitur
483 1016 545 1070 farte
569 1021 633 1070 illius
656 1023 802 1085 procurandi
826 1023 985 1073 occasio-
1021 1022 1167 1085 Keplerua'
1161 1038 1212 1091 ipse
1231 1024 1256 1071 in
1278 1022 1405 1085 Epitome
1423 1022 1490 1070 Διιι.

144 1099 220 1166 vop.¹⁴
239 1099 303 1150 baso
321 1100 396 1150 doit:
419 1093 602 1154 Undecimus
626 1100 674 1153 est
694 1113 801 1168 ·‚annus
824 1113 862 1154 ex
885 1113 943 1176 quo
964 1086 1187 1157 Commentarius
1208 1113 1276 1155 mea
1299 1093 1335 1154 de
1358 1086 1491 1154 motibus

144 1179 252 1243 stellae
276 1181 387 1241 Martis
411 1181 500 1242 edidi
547 1181 607 1253 Qui
630 1182 723 1255 liber,
757 1203 823 1244 cum
846 1184 875 1245 in
898 1202 995 1263 pauca
1024 1182 1241 1263 multiplicatus
1274 1202 1323 1243 ess
1311 1189 1357 1242 et
1386 1200 1490 1242 exem-

142 1269 250 1351 plaria,
273 1269 496 1351 doctrinamque
521 1271 673 1332 decausis
697 1273 871 1334 coelestium
892 1272 971 1334 inter
986 1272 1103 1354 spineta
1126 1291 1313 1334 numeromm
1337 1279 1368 1333 et
1382 1270 1489 1351 reliqui

143 1364 316 1439 apparatus
339 1360 532 1421 astronomici
568 1361 652 1421 velut
688 1362 911 1436 abscondisset,
944 1381 1010 1424 oum
1044 1369 1075 1422 et
1108 1362 1205 1440 pretio
1238 1360 1306 1422 libri
1338 1360 1491 1420 tenuiores

143 1448 392 1522 absterrerentur,
408 1447 506 1509 visum
527 1456 575 1509 est
590 1448 705 1522 amicis,
728 1460 869 1513 recteme
885 1458 968 1512 etex
988 1451 1082 1512 officio
1107 1450 1263 1524 factumm,
1288 1450 1313 1511 si
1327 1449 1488 1529 Epitomen

144 1535 361 1599 conscriberem
386 1538 439 1598 ιιι.

230 1621 327 1675 hitoree
344 1624 450 1704 denique
470 1626 501 1676 ab
513 1625 639 1675 Hanschio
658 1626 777 1678 collectae
796 1634 920 1678 testantur
936 1629 1002 1678 hauc
1014 1628 1116 1691 Kepleri
1132 1613 1291 1682 renuntiem,
1311 1640 1367 1676 oum
1379 1627 1404 1675 in
1418 1625 1489 1676 nulla

144 1709 230 1789 aarum
248 1697 346 1759 propius
364 1686 397 1745 eil
414 1712 467 1747 rem
486 1697 627 1748 accedatur

186 1765 452 1831 Μιιιιιιιιιιιιιιι
474 1769 710 1831 Petropolitanorurn
732 1766 844 1821 volumen
861 1769 927 1820 xiv.
947 1771 1014 1821 foliis
1036 1770 1091 1834 plna
1113 1784 1187 1835 qnam
1214 1765 1281 1817 1000
1306 1769 1389 1819 studia
1411 1769 1488 1819 refert

142 1836 244 1901 Keplerl
263 1837 295 1887 ad
312 1837 401 1888 Martis
419 1847 499 1889 motus
517 1836 679 1904 indagandos.
705 1841 775 1926 Opus
790 1845 868 1908 ipsum
887 1844 985 1905 saepius
1003 1842 1158 1891 occasionem
1182 1840 1264 1896 dabit,
1283 1855 1312 1890 ex
1330 1840 1377 1889 hac
1397 1840 1486 1890 collec-

142 1911 209 1959 tione
237 1910 359 1973 quaedam
386 1911 539 1975 excerpendi.
576 1912 633 1961 Jaru
651 1915 789 1976 praemissis
817 1915 929 1963 addimus
948 1928 993 1971 ea,
1020 1914 1106 1980 quibus
1133 1911 1255 1962 exorditur
1281 1911 1341 1960 illud
1365 1911 1487 1960 volumen.

142 1980 226 2031 Prima
243 1980 320 2030 facies
345 1981 418 2030 affert
442 1983 559 2045 epistolae
577 1984 679 2047 Keplerl
704 1984 880 2049 fragmentum,
906 1985 938 2034 ad
961 1983 1101 2050 theologiae
1126 1983 1248 2047 quendam
1270 1983 1446 2045 professorem,
1468 1984 1490 2030 si

143 2066 174 2103 sa
192 2050 268 2102 literis
287 2048 533 2114 Rferereudisaime)
557 2053 696 2116 Dlomine)
714 2052 823 2117 Plator)
846 2056 908 2107 baec
927 2054 1071 2106 concludere
1098 2055 1164 2104 licet.
1201 2052 1337 2118 Sequentia
1354 2053 1413 2103 folia
1430 2069 1491 2103 con-

142 2126 254 2189 spectum
275 2137 357 2172 eorum
376 2124 505 2188 praebent,
525 2139 588 2188 qnae
606 2134 689 2176 mente
708 2127 830 2191 Keplerns
849 2127 963 2192 agitabat
981 2127 1160 2189 conscripturua
1179 2140 1238 2188 opus
1256 2139 1334 2174 suurn.

232 2193 342 2258 Epistola
359 2186 423 2245 haec
443 2203 497 2246 est:

718 2268 750 2332 S.
797 2271 831 2331 P.
876 2271 914 2331 D.

233 2354 367 2418 Obsecro
390 2355 535 2435 majorem
557 2353 587 2418 in
613 2357 745 2433 modum,
771 2367 804 2421 ut
823 2357 864 2422 R.
887 2360 925 2421 D.
950 2359 985 2419 P.
1011 2377 1062 2428 ee,
1092 2375 1167 2437 quae
1190 2355 1238 2418 hic
1262 2355 1364 2418 insunt
1385 2355 1489 2436 philo-

143 2443 269 2525 sophica
291 2462 357 2505 cum
379 2444 604 2526 metaphysicis,
628 2454 662 2507 ut
675 2446 729 2510 illa
745 2448 889 2510 docentur
904 2446 1016 2508 usitate
1032 2447 1063 2508 iu
1080 2445 1191 2509 scholis
1205 2445 1326 2519 vestris,
1352 2446 1491 2506 conferat

143 2541 243 2596 etms
267 2541 387 2595 moneat
410 2533 503 2595 sicubi
526 2533 666 2616 impingo.

230 2623 333 2684 Mente
363 2642 466 2684 carere
499 2633 627 2704 possunt
659 2626 819 2687 coelestia:
851 2626 893 2686 de
918 2632 1016 2685 mente
1046 2622 1138 2703 igitur
1168 2621 1289 2701 disputo
1317 2622 1465 2684 tautum
1456 2643 1489 2685 m

143 2731 209 2775 eum
239 2713 343 2787 finem,
375 2712 402 2773 si
432 2712 562 2774 fortasse
594 2714 756 2778 facultates
785 2715 973 2795 magneticae
997 2720 1028 2774 et
1049 2711 1218 2776 facultates
1250 2710 1395 2773 animales
1428 2731 1489 2813 nou

144 2800 280 2864 sufficere
304 2760 393 2863 alicui
416 2802 584 2864 videantur.

230 2890 418 2952 facultatem
440 2890 639 2969 magneticam
662 2885 772 2970 pono
765 2911 795 2950 m
819 2890 906 2963 Sole,
935 2910 993 2971 qua
1016 2889 1059 2950 sic
1088 2887 1153 2968 agit
1175 2887 1204 2949 in
1229 2906 1355 2968 corpora
1381 2887 1490 2967 plane-

143 2987 251 3053 tarum,
274 2984 310 3038 ut
332 2979 396 3058 agit
417 2997 542 3080 magnes
565 2979 596 3040 in
614 2980 746 3040 ferrum:
770 2978 828 3039 hoc
846 2986 946 3039 tamen
971 2977 1152 3052 discrimine,
1176 2977 1254 3058 quod
1276 2993 1401 3055 magnes
1425 2976 1488 3036 fer-

143 3087 208 3153 rum
231 3065 328 3146 magis
351 3066 512 3148 magisque
535 3067 662 3129 attrahit
682 3087 736 3148 per
764 3086 919 3146 egressam
945 3066 1067 3128 virtutis
1091 3085 1161 3128 suae
1190 3064 1388 3146 corporalis
1381 3084 1488 3126 imma-

142 3156 284 3220 sericum
315 3155 463 3235 speciem:
495 3156 549 3218 Sol
577 3156 716 3236 planetas
743 3176 797 3237 per
829 3156 953 3217 eandem
986 3157 1035 3229 (ut
1062 3156 1105 3217 sic
1138 3155 1251 3228 dicam)
1280 3170 1399 3215 manum
1428 3174 1487 3216 non

144 3245 272 3308 attrahit
294 3244 430 3320 ulterius,
454 3246 507 3307 sed
537 3245 667 3307 retinere
695 3265 854 3326 secumque
877 3245 1096 3307 circumducere
1119 3243 1233 3306 nititur.

231 3334 265 3395 In
289 3331 420 3413 pla'uetis
441 3352 520 3416 pono
545 3333 715 3410 facultates,
738 3334 916 3415 magneticis
939 3333 1110 3395 similiores.
1157 3333 1279 3395 Habent
1300 3331 1378 3392 enim
1399 3330 1487 3392 binos

141 3424 239 3505 polos,
263 3441 388 3504 quorum
402 3422 498 3486 altero
513 3424 630 3503 fugiunt
644 3445 662 3485 ι
678 3424 760 3499 Sole,
778 3425 874 3486 altero
889 3431 1033 3505 appetunt
1049 3423 1166 3497 Solem3
1182 3421 1251 3483 hinc
1268 3417 1485 3489 eccentricitas.

230 3513 295 3576 Nec
313 3533 374 3574 ιιι
387 3511 558 3592 hujusmodi
574 3513 703 3575 facultas
726 3512 833 3575 sufficit
854 3514 1003 3594 planetae.
1044 3512 1216 3592 Oportetet
1203 3511 1359 3572 talteram
1375 3509 1485 3570 addere

141 3620 197 3705 pru
219 3601 446 3663 latitudinibus:
471 3601 520 3663 ubi
543 3602 631 3664 valde
661 3604 788 3677 haereo,
819 3610 911 3664 anet
934 3602 1101 3702 quomodo
1111 3600 1233 3674 sedibus
1265 3598 1487 3677 distinguantur

142 3691 174 3753 in
195 3711 254 3753 uno
278 3698 310 3751 et
325 3690 437 3751 eodem
451 3691 591 3771 planetae
609 3711 742 3772 corpore.
781 3692 864 3753 Haec
887 3691 1017 3754 facultas
1032 3698 1080 3751 est
1091 3662 1138 3751 illi
1156 3688 1343 3812 magneticee
1368 3686 1486 3761 similis,

142 3799 202 3862 qua
224 3797 348 3859 magnes
371 3780 410 3840 ad
432 3779 534 3860 polum
556 3779 704 3860 dirigitur.

232 3867 365 3932 Cuilihet
386 3869 524 3931 facultati
546 3870 733 3950 magneticae
757 3869 885 3948 adjungo
910 3867 1084 3930 facultatem
1101 3865 1269 3940 animalem,
1294 3864 1487 3926 convertendi

144 3976 252 4037 corpus
271 3976 355 4019 suum
370 3957 450 4020 circa
464 3977 552 4020 axem
567 3960 712 4039 corporis,
735 3958 817 4020 nulla
831 3957 1029 4039 repugnantia
1045 3955 1209 4036 supposita,
1241 3953 1487 4036 aequabilissima

143 4046 335 4109 contentione
357 4048 474 4110 virium.
519 4048 603 4110 Haec
627 4048 753 4127 derogat
775 4046 971 4126 magneticae,
995 4045 1135 4125 illamque
1158 4044 1261 4106 vincit.

194 4190 196 4194 ,
233 4134 309 4198 Cum
336 4145 435 4198 autem
467 4144 613 4217 repugnet
638 4136 692 4198 illa
720 4135 797 4197 alias
829 4136 956 4209 fortius,
986 4134 1064 4195 alias
1096 4133 1289 4205 imbecillius,
1322 4131 1391 4192 hinc
1413 4131 1485 4192 mihi

143 4224 277 4288 nascitur
300 4225 430 4305 suspicio
453 4226 573 4301 mentis,
597 4245 672 4306 quae
692 4225 795 4299 dictet,
820 4224 890 4306 quid
915 4231 1055 4305 spectans
1078 4221 1217 4284 animalis
1249 4220 1378 4283 facultas
1405 4227 1492 4281 recte

142 4319 273 4396 pugnet:
298 4316 368 4394 quia
389 4314 588 4396 inaequaliter
611 4315 638 4376 ei
660 4321 852 4394 repugnatur.

232 4402 375 4475 Mentem,
399 4423 453 4466 seu
474 4405 621 4466 rationem
644 4403 711 4464 dico
730 4422 789 4464 non
811 4401 1051 4475 ratiocinantem,
1075 4399 1291 4462 discurrentem
1307 4396 1399 4468 (unde
1412 4404 1486 4476 puto

145 4490 218 4556 oriri
240 4492 414 4555 numerandi
438 4493 642 4569 facultatem),
671 4492 725 4553 sed
747 4491 921 4553 instinctam
944 4489 975 4551 iu
998 4489 1164 4562 creatione,
1189 4488 1286 4569 qualis
1308 4487 1340 4548 in
1361 4484 1486 4566 plantis,

143 4582 175 4646 in
197 4588 282 4644 utero
296 4581 350 4643 luc.
388 4580 486 4663 Saepe
502 4583 568 4663 quis
584 4582 736 4645 commode
753 4579 854 4654 sentit,
880 4588 913 4640 at
930 4579 1114 4641 incommode
1137 4584 1190 4647 aut
1207 4576 1360 4650 inusitate,
1385 4581 1417 4634 et
1439 4575 1483 4638 sic

143 4672 270 4735 obscure
292 4670 432 4752 loquitur.
481 4671 596 4735 Contra
618 4689 709 4751 saepe
732 4669 799 4751 quis
821 4688 916 4730 novas
940 4667 1106 4730 sententias
1134 4664 1256 4728 usitatis
1280 4672 1311 4726 et
1332 4665 1486 4726 consuetis

141 4761 265 4824 vocfbus
288 4760 425 4833 efferens,
448 4779 506 4823 non
527 4760 668 4842 exprimit
695 4767 748 4820 ιιι
765 4777 825 4831 ιιι
848 4757 990 4838 imprimit
1012 4756 1180 4819 lectoribus
1199 4754 1289 4815 animi
1314 4753 1359 4815 sui
1383 4772 1482 4816 ιιιιι

144 4925 207 5003 (uit'
229 4848 337 4990 Egp²¹
311 4868 338 5000 31
351 4869 473 4932 possem
487 4848 539 4913 via
551 4849 688 4913 incedere
704 4846 811 4923 media,
829 4866 890 4910 non
904 4846 1097 4928 negligerem,
1119 4844 1218 4927 itaque
1233 4843 1318 4925 cupio
1331 4841 1431 4925 juvari
1443 4875 1484 4888 -

206 4952 275 5005 sequi
