3278 5550
583 1088 1073 1190 commrrmmonum
1462 1196 1466 1219 ,

148 1282 247 1386 ns
305 1285 679 1411 mosmos
738 1287 1112 1390 urrunnu
1175 1230 1467 1471 msurri

559 1497 563 1505 '
662 1484 774 1552 PARS
797 1483 983 1559 QUARTA.

1420 1608 1467 1649 ..r

421 1690 752 1788 INVESTIGATIO
783 1693 943 1788 VERAE
980 1690 1229 1786 MENSURAE

519 1842 699 1936 PRIMAE
731 1841 1125 1952 INAEQUrt-LITATIS

284 2027 344 2099 nx
380 2026 531 2095 causrs
566 2026 762 2094 eursrors
797 2027 853 2090 nr
884 2027 1076 2125 rsuram
1112 2006 1366 2097 scurnum.

236 2452 322 2529 Quae
354 2455 447 2519 tertia
475 2461 562 2538 parte
592 2456 803 2520 demonstrata
835 2465 921 2532 suut,
958 2456 998 2518 ad
1013 2464 1131 2520 'omues
1158 2458 1302 2539 planetas
1332 2477 1371 2539 pe
1393 2456 1442 2532 (ψ

145 2571 224 2635 unde
247 2592 307 2641 uon
330 2571 441 2654 injuria
469 2571 590 2635 clavis
624 2572 874 2636 astronomiae
904 2571 1105 2677 penitioris
1135 2573 1194 2637 dici
1217 2544 1357 2658 qmsunt
1406 2582 1414 2615 ·

146 2695 232 2752 tanto
264 2688 362 2769 magis
390 2689 522 2770 gaudere
554 2688 696 2752 debemus
729 2688 902 2765 inventam,
937 2695 1049 2771 quanto
1085 2691 1197 2755 certius
1228 2697 1294 2768 est,
1324 2690 1405 2756 nulls

144 2805 264 2868 ratione
282 2802 464 2885 investigari
487 2805 638 2886 potuisse,
670 2813 883 2887 praeterquam
905 2824 960 2885 per
992 2807 1102 2872 stellae
1124 2808 1235 2870 Martis
1259 2808 1334 2872 obse

144 2921 225 2984 Nam
254 2920 312 2985 etsi
343 2920 462 3002 quidem
494 2920 732 2984 Ptolemaeus
761 2920 956 2984 bisectionem
988 2921 1066 2984 hanc
1098 2923 1335 2988 eccentricitatis
1362 2921 1421 2987 So'

145 3035 266 3100 Venere
290 3055 407 3117 quoque
429 3045 461 3099 et
483 3037 632 3100 Mercurio
656 3036 853 3118 deprehendit
860 3056 869 3113 ;
899 3056 992 3118 eoque
1016 3038 1134 3101 nomine
1162 3047 1320 3104 eoceutros
1343 3059 1432 3103 eci-¹1·

144 3170 221 3228 rum,
245 3171 300 3215 seu
318 3152 398 3233 quod
420 3153 499 3215 idem
514 3161 571 3229 est,
595 3153 769 3236 gyrationes
793 3152 888 3216 centri
913 3154 1040 3235 epicycli
1062 3154 1247 3233 introduxit,
1272 3176 1350 3247 quae
1374 3150 1452 3217 deos

145 3268 253 3333 stratio
276 3276 449 3333 reservatur
461 3269 492 3332 in
511 3269 648 3351 proprios
662 3270 699 3332 de
713 3268 762 3331 his
780 3270 912 3350 planetis
935 3278 1105 3333 tractatus:
1130 3271 1377 3335 observationum

143 3384 277 3468 ipsarum
309 3385 458 3463 conditio,
491 3393 524 3450 et
544 3364 660 3449 'breves
693 3385 824 3448 Veneris
846 3406 865 3447 a
888 3383 961 3448 Sole
984 3385 1222 3468 digressiones‚'
1237 3406 1317 3468 quae
1349 3407 1407 3451 non

142 3501 284 3566 humilem
316 3503 470 3567 observari
501 3504 538 3565 de
569 3512 658 3567 nocte
691 3502 865 3582 patiuntur,
898 3501 1086 3566 methodicae
1116 3502 1303 3585 inquisitioni
1334 3482 1447 3585 hiqm',

141 3617 300 3698 plurimum
322 3618 528 3699 impedimenti
551 3619 609 3682 fuit
631 3618 772 3690 allatura,
795 3617 821 3680 si
844 3617 922 3680 citra
944 3618 1076 3681 Martem
1099 3618 1248 3682 stetisset
1286 3622 1323 3684 ln
1346 3622 1398 3683 Me
1417 3647 1446 3669 o

142 3734 237 3798 multo
267 3734 426 3799 absurdius
456 3735 554 3798 adhuc
584 3734 647 3799 ista
675 3734 887 3797 tentabantur:
920 3732 1000 3813 quod
1022 3733 1050 3796 is
1074 3733 1229 3824 rarissime
1253 3755 1274 3798 a
1296 3733 1381 3831 Solia

142 3859 287 3934 emergat,
312 3860 343 3915 et
364 3851 485 3932 lougius
502 3853 604 3914 Marte
624 3858 656 3912 et
669 3851 789 3914 Venere
803 3870 823 3911 a
836 3850 931 3912 Terra
954 3850 1055 3927 distet,
1081 3870 1148 3913 cum
1170 3851 1202 3914 hi
1225 3850 1322 3915 citimi
1345 3851 1439 3915 vide·

140 3967 264 4034 Fuisset
285 3968 387 4052 itaque
410 3967 524 4030 veritas
547 3967 634 4029 nobie
649 3984 716 4029 cum
729 3966 907 4029 Ptolemaeo
930 3966 1152 4047 patentissimis
1175 3967 1353 4050 indaganda
1394 3960 1450 4023 ro'

141 4091 173 4146 et
193 4104 248 4168 per
271 4104 394 4149 crassas
416 4084 538 4149 umbras
560 4083 699 4147 manibus
723 4083 809 4169 quasi
831 4084 993 4165 palpanda.

231 4198 385 4275 Quantum
407 4208 508 4264 autem
531 4200 568 4262 de
591 4199 710 4280 prima
742 4199 1032 4282 inaequalitate,
1065 4217 1141 4280 quae
1172 4198 1333 4263 occasione
1371 4228 1439 4293 wa

141 4315 253 4379 accidit
275 4324 307 4379 et
327 4318 433 4400 cuique
456 4318 597 4398 planetae
619 4314 742 4396 propria
764 4321 821 4391 est,
845 4315 913 4378 huic
935 4313 1093 4389 communi,
1116 4321 1203 4395 parte
1226 4310 1323 4378 tertia
1344 4287 1450 4378 mvwf

141 4430 290 4495 secundae
312 4431 523 4516 inaequalitati
552 4431 734 4504 debeamus,
758 4431 825 4512 jam
849 4433 987 4512 exemplo
1011 4430 1119 4495 stellae
1142 4429 1255 4494 Martis
1279 4428 1439 4497 declaret
