3278 5550
98 258 102 271 ⁸
142 280 209 351 304
255 338 258 343 ,
620 282 661 336 De
678 282 786 334 Motibus
809 278 904 333 Sullae
919 277 1009 333 nst·

140 464 217 526 lucis
241 462 443 525 illustratione
466 460 623 523 confundit
645 469 677 523 ot
706 459 828 523 tertium
851 459 1003 540 quippiam
1026 457 1123 521 efficit
1170 460 1220 519 Ita
1246 455 1344 519 virtus
1369 473 1420 518 mo

141 553 171 615 in
195 571 280 614 mora
302 572 360 613 non
384 558 441 624 est,
466 550 535 632 quin
558 551 700 631 planctae
722 557 811 612 tanta
827 548 968 611 celeritas
982 549 1106 621 existat,
1129 554 1275 629 quantam
1297 545 1365 627 ipsa
1385 544 1420 607 br

142 650 254 705 utnon
278 641 345 702 ideo
368 648 456 702 tanta
480 648 529 702 est
551 640 690 720 planctae
714 638 864 714 celeritas,
888 647 1073 719 repugnante
1096 637 1146 698 vel
1170 635 1365 710 intermedio,
1387 652 1420 696 ne

142 750 233 792 aurae
249 729 409 791 aethereae
425 729 553 791 materia
569 729 776 811 qualicunque,
795 727 843 790 vel
862 727 1061 807 dispositione
1085 724 1206 788 mobilis
1230 724 1328 806 ipsius
1349 723 1420 805 adq

142 828 203 881 tem
226 818 294 892 (alii
308 818 452 891 dicerent,
476 819 618 899 pondere,
641 837 688 880 me
712 838 771 880 non
795 816 973 898 simpliciter
994 817 1151 897 probante,
1174 813 1351 896 nequidem
1368 830 1420 874 cun

142 910 236 971 Terra
259 907 391 987 agitur);
427 926 552 987 quarum
574 926 673 970 rerum
703 906 977 987 contemperatione
1001 924 1069 967 cum
1097 903 1235 967 metricis
1257 901 1420 966 virtutisu

142 997 273 1060 tionibus
296 996 422 1058 efficitur
444 995 630 1080 periodicum
652 997 793 1084 planctae
817 1004 944 1081 tempus.

727 1227 871 1241 ...a-——v---
882 1228 914 1235 --ι

651 1408 771 1509 Caput
808 1404 990 1482 XXXIV.

299 1571 420 1654 Oorpua
443 1567 531 1633 Solia
553 1590 619 1633 ease
640 1569 860 1652 conpunctionem,
883 1574 914 1629 et
933 1569 970 1631 iu
991 1528 1055 1630 suo!
1071 1562 1177 1648 spatio
1200 1564 1347 1627 cauom.

235 1713 282 1774 De
298 1711 353 1773 illa
375 1711 475 1793 itaque
491 1712 603 1774 virtute
616 1711 757 1786 diximus,
781 1730 856 1791 quae
872 1728 999 1790 corpora
1021 1709 1212 1790 planetarum
1225 1706 1362 1788 proxime
1376 1710 1420 1766 att

148 1808 181 1864 et
201 1799 307 1875 trabit,
331 1801 478 1882 quomodo
495 1809 679 1880 comparata,
703 1800 850 1882 quomodo
874 1799 931 1860 luci
955 1807 1084 1879 cognata
1108 1797 1158 1871 sit,
1182 1794 1309 1877 etquid
1332 1793 1420 1856 sitin

149 1909 217 1951 esse
239 1890 455 1972 metaphysica.
502 1890 658 1971 Sequitur,
682 1899 715 1953 ut
738 1888 835 1952 indice
858 1888 916 1950 hac
938 1889 1086 1950 defluente
1102 1885 1211 1967 ,specie
1233 1888 1302 1960 (ceu
1327 1883 1420 1944 arohel

149 1978 295 2058 imagine)
318 1979 415 2057 ipsam
429 1970 521 2042 etiam
543 1979 720 2061 penitiorem
743 1979 836 2040 sontis
853 1985 991 2040 naturam
1009 1976 1252 2054 contemplemur.
1292 1971 1420 2036 Viderir

150 2087 207 2149 que
238 2068 346 2148 possit,
379 2068 409 2130 in
440 2088 565 2149 corpore
588 2067 672 2131 Solis
704 2068 826 2131 latitare
857 2068 989 2129 divinum
1022 2066 1174 2147 quippiam
1205 2072 1237 2125 et
1268 2080 1420 2143 comparer

152 2157 268 2219 animae
292 2165 430 2230 nostrae,
463 2176 501 2219 ex
530 2177 587 2238 quo
612 2159 712 2220 effluat
742 2157 858 2239 species
880 2158 941 2219 ista
970 2157 1110 2238 planetas
1133 2153 1356 2232 circumagens,
1388 2156 1420 2211 nt

151 2245 252 2307 anima
269 2245 434 2324 jaculantis
467 2247 590 2327 lapillos
613 2247 731 2328 species
754 2255 853 2308 motus
875 2247 907 2307 in
929 2245 1044 2326 lapillis
1067 2242 1274 2317 adhaerescit,
1307 2260 1369 2323 qua
1389 2258 1420 2319 pr

150 2334 260 2402 huntur
283 2334 344 2410 illi,
377 2334 468 2398 etiam
497 2356 562 2398 cum
593 2338 643 2418 qui
670 2336 824 2418 jaculatus
853 2343 901 2397 est
932 2352 1052 2396 manum
1075 2334 1112 2395 ab
1145 2331 1207 2393 illis
1230 2330 1362 2393 reduxit
1407 2334 1420 2390 l

151 2423 250 2485 sobrie
273 2425 533 2503 progredientibus
556 2428 646 2506 paulo
669 2427 748 2489 aliae
772 2424 975 2509 cogitationes
999 2422 1278 2504 suppeditabantur.
1325 2420 1407 2482 Nam

151 2512 247 2575 virtus
270 2513 325 2574 illa
347 2533 385 2575 ex
400 2514 472 2577 Sole
496 2515 535 2576 ad
558 2515 698 2596 planetas
722 2523 900 2595 exporrecta
924 2513 953 2576 in
976 2532 1082 2595 gyrum
1105 2512 1176 2573 illos
1198 2515 1300 2571 movet
1323 2509 1406 2571 ciros

151 2620 260 2682 corpus
283 2601 561 2684 intransportabile,
584 2605 648 2667 fieri
672 2605 703 2666 id
726 2611 780 2665 aut
801 2599 1212 2683 cogitationecomprebendi
1235 2597 1318 2660 nullo
1335 2596 1420 2658 alior

149 2698 262 2772 potest,
285 2712 373 2773 quam
397 2693 468 2767 hoo,
497 2701 531 2755 ut
553 2694 649 2757 virtus
673 2694 797 2756 eandem
821 2693 902 2754 viam
925 2700 989 2764 eut,
1018 2710 1104 2772 quam
1129 2689 1207 2752 alios
1234 2688 1420 2768 planetaso

152 2779 278 2861 abripit:
311 2782 390 2862 quod
414 2782 498 2844 etin
520 2783 653 2846 ballistis
677 2790 708 2845 et
731 2783 867 2845 omnibns
890 2782 1020 2843 motibus
1043 2779 1186 2842 violentis
1209 2797 1246 2838 ex
1269 2784 1358 2856 parte
1382 2794 1420 2837 ce:

152 2877 209 2931 est
257 2868 324 2940 Quo
354 2878 445 2951 pacto
467 2872 493 2933 F
497 2873 733 2934 racastorius
762 2872 872 2953 aliique
896 2891 934 2932 ex
960 2870 1059 2932 relatu
1080 2867 1300 2949 Aegyptiorum
1329 2872 1420 2926 vetur

152 2976 265 3020 urorum
288 2957 467 3020 verisimilia
490 2960 569 3021 baud
586 2961 726 3036 dixerint,
750 2962 814 3023 fore
837 2970 870 3023 ut
891 2961 1081 3042 planetarum
1100 2956 1202 3039 aliqui,
1226 2954 1335 3017 orbitis
1358 2973 1420 3034 pau

151 3045 233 3108 ultra
255 3045 343 3127 polos
366 3047 467 3108 mundi
491 3049 633 3127 deflexis,
666 3051 745 3112 viam
778 3060 887 3130 postea
916 3057 988 3110 eant
1010 3047 1120 3110 ceteris
1144 3054 1186 3107 et·
1201 3043 1346 3106 moderno
1374 3043 1420 3122 ips

153 3134 253 3196 cursui
269 3136 458 3197 contrariam.
497 3138 578 3208 Quin
600 3140 700 3221 potius
722 3140 807 3203 illam
829 3140 860 3200 in
883 3140 1004 3220 plagam
1027 3139 1161 3199 teruntur
1175 3153 1303 3214 corpora
1316 3132 1421 3213 planet

152 3231 308 3305 perpetuo,
331 3224 362 3286 in
385 3244 473 3305 quam
495 3227 592 3290 virtus
615 3229 676 3290 ista
698 3248 736 3289 ex
759 3229 831 3292 Sole
854 3247 996 3290 emanans
1020 3224 1182 3288 contendit.

244 3313 319 3376 Cum
343 3322 443 3375 autem
466 3317 582 3395 species
605 3318 680 3379 h'aec
703 3317 904 3380 immateriata
928 3316 983 3391 sit,
1011 3315 1075 3377 sine
1098 3311 1243 3393 temporis
1266 3329 1353 3373 mora
1376 3328 1415 3371 cx

153 3420 225 3483 pore
249 3421 303 3464 sno
326 3403 356 3465 in
379 3403 457 3465 hauc
471 3404 647 3469 distantiam
671 3426 805 3487 egressa,
830 3415 860 3468 et
883 3406 942 3468 luci
965 3404 1132 3485 peremnia
1154 3401 1272 3481 reliqua
1294 3399 1420 3474 similis,

55 3526 57 3530 ·
154 3499 271 3553 tantum
294 3510 418 3555 necesse
441 3500 549 3557 estex
572 3503 680 3558 natura
703 3497 832 3577 speciei,
861 3496 916 3557 sed
940 3495 1030 3557 etiam
1052 3513 1106 3574 per
1129 3511 1162 3554 se
1185 3489 1343 3571 probabile
1367 3488 1405 3550 ob

154 3580 364 3661 cognationem
378 3602 444 3645 cum
468 3583 543 3659 luce,
567 3593 601 3647 ut
614 3605 680 3648 cum
695 3586 828 3666 corporis
853 3605 905 3647 seu
930 3585 1022 3646 sontis
1046 3583 1092 3645 sui
1115 3578 1272 3661 particulis
1289 3585 1322 3640 et
1343 3577 1412 3657 ipsa

153 3672 250 3744 datur,
276 3678 307 3731 et
324 3691 414 3751 quam
436 3672 466 3733 in
488 3674 612 3753 plagam
625 3674 726 3737 mundi
750 3674 850 3754 vergit
863 3694 922 3736 una
940 3673 1042 3754 aliqua
1063 3669 1213 3753 particula
1228 3667 1365 3748 corporis
1377 3667 1420 3731 So

152 3760 183 3822 iu
201 3760 326 3822 candem
344 3760 466 3840 plagam
488 3771 631 3844 perpetuo
647 3773 755 3843 vergat
772 3764 862 3825 etiam
880 3761 1029 3843 particula
1047 3760 1156 3841 speciei
1177 3755 1410 3831 immateriatae,

153 3848 199 3910 illi
214 3849 380 3930 particulae
396 3852 531 3931 corporis
546 3854 583 3914 ab
599 3853 683 3914 initio
699 3853 862 3915 creationis
877 3851 1086 3932 respondebat.
1120 3847 1188 3911 Nisi
1204 3847 1259 3908 hoo
1275 3854 1369 3922 esset,
1388 3864 1420 3927 sp

155 3959 215 4000 non
237 3947 329 4014 esset,
353 3958 408 4000 nec
431 3941 523 4002 rectis
547 3942 601 4002 sed
625 3941 723 4003 curvis
747 3941 835 4003 lineis
859 3962 878 4002 a
901 3959 1023 4021 corpore
1048 3939 1246 4000 delaberetur.
1294 3934 1403 4016 Specie

153 4036 238 4090 ruota
258 4027 420 4109 ingyrum,
444 4039 477 4090 ut
500 4050 535 4092 co
550 4040 632 4093 motu
655 4038 766 4092 motum
785 4029 916 4111 planetis
940 4030 1059 4102 inierat,
1083 4045 1191 4105 corpus
1210 4024 1293 4107 Solis
1317 4044 1371 4087 scu
1393 4025 1420 4086 fu

154 4138 214 4179 una
235 4117 348 4179 moveri
371 4137 495 4180 necesse
510 4128 573 4195 est;
598 4140 657 4182 non
681 4119 798 4199 quidem
813 4120 850 4180 de
874 4119 973 4198 spatio
987 4119 1018 4180 in
1040 4115 1172 4197 spatium
1194 4113 1312 4176 mundi:
1338 4114 1420 4176 dixit

154 4225 201 4267 me
224 4206 255 4267 id
278 4226 386 4287 corpus
411 4207 494 4270 Solis
518 4227 584 4270 oum
608 4206 776 4289 Cuperuico
808 4209 838 4270 in
862 4216 964 4269 centro
988 4206 1089 4269 mundi
1113 4204 1299 4285 relinquere:
1332 4203 1387 4265 sed
1415 4224 1420 4263 r

155 4314 208 4357 suo
233 4303 335 4359 centro
359 4315 412 4358 seu
437 4317 493 4359 axe
517 4286 735 4373 immobilibus,
759 4298 897 4378 partibus
922 4297 986 4377 ejus
1009 4296 1046 4356 de
1069 4295 1136 4355 loco
1159 4294 1190 4355 in
1214 4294 1312 4355 locum
1332 4293 1378 4366 (in
1400 4310 1420 4354 e

51 4424 56 4431 -
153 4391 255 4447 tamen
278 4384 376 4464 spatio
400 4393 466 4448 toto
489 4406 613 4468 corpore
636 4390 791 4461 manente)
815 4386 1049 4449 transeuntibus.

242 4474 286 4537 Ut
303 4473 350 4535 vis
369 4476 536 4554 argumenti
551 4497 570 4537 a
588 4476 678 4538 simili
696 4483 781 4538 tanto
801 4477 843 4537 sit
856 4475 1031 4555 evidentior,
1054 4470 1229 4535 meminisse
1248 4476 1279 4531 te
1293 4471 1385 4537 velim
1399 4470 1420 4533 lr

155 4562 233 4643 qnod
255 4562 285 4623 in
302 4562 422 4642 Optiois
436 4565 478 4627 sit
500 4564 748 4639 demonstratum,
772 4565 916 4627 visionem
938 4564 1002 4625 fieri
1024 4582 1078 4644 per
1096 4559 1317 4622 emanationem
1341 4559 1420 4624 lucul

155 4651 400 4732 asnperticiebne
423 4653 467 4714 rei
491 4653 574 4715 visae
598 4654 629 4716 in
652 4654 779 4716 oculum.
819 4653 913 4734 Finge
937 4672 1008 4733 ergo
1026 4659 1176 4714 oratorem
1198 4648 1331 4730 aliquem
1353 4650 1420 4714 inu

155 4749 243 4804 coetu
265 4740 417 4803 hominum
440 4762 508 4805 sese
531 4743 561 4805 in
582 4743 683 4804 orbem
701 4743 893 4822 cingentium,
916 4742 1025 4805 faciem
1041 4759 1126 4803 suam
1149 4757 1201 4800 sen
1225 4758 1285 4800 nna
1299 4758 1412 4822 corpus

155 4840 273 4895 vertere
296 4828 399 4893 semel.
447 4829 565 4905 Quibus
597 4850 668 4912 ergo
700 4831 870 4895 auditorum
900 4831 1003 4894 oculos
1035 4849 1107 4893 snos
1136 4828 1224 4891 offert
1251 4828 1378 4907 obvies,
1409 4830 1420 4893 i
