<?xml version="1.0" encoding="UTF-8"?>
<!DOCTYPE html PUBLIC "-//W3C//DTD XHTML 1.0 Transitional//EN"
    "http://www.w3.org/TR/xhtml1/DTD/xhtml1-transitional.dtd">
<html xmlns="http://www.w3.org/1999/xhtml" xml:lang="en" lang="en">
 <head>
  <title>
</title>
<meta http-equiv="Content-Type" content="text/html;charset=utf-8" />
  <meta name='ocr-system' content='tesseract 3.04.00' />
  <meta name='ocr-capabilities' content='ocr_page ocr_carea ocr_par ocr_line ocrx_word'/>
</head>
<body>
  <div class='ocr_page' id='page_1' title='image "./joanniskepleria12frisgoog/joanniskepleria12frisgoog_0186.png"; bbox 0 0 3278 5550; ppageno 0'>
   <div class='ocr_carea' id='block_1_1' title="bbox 585 272 1433 346">
    <p class='ocr_par' dir='ltr' id='par_1_1' title="bbox 585 272 1433 346">
     <span class='ocr_line' id='line_1_1' title="bbox 585 272 1433 346; baseline 0.022 -19"><span class='ocrx_word' id='word_1_1' title='bbox 585 272 648 327; x_wconf 77' lang='lat' dir='ltr'>Par·</span> <span class='ocrx_word' id='word_1_2' title='bbox 665 272 756 325; x_wconf 79' lang='lat' dir='ltr'>ana.</span> <span class='ocrx_word' id='word_1_3' title='bbox 794 274 876 342; x_wconf 79' lang='lat' dir='ltr'>capua</span> <span class='ocrx_word' id='word_1_4' title='bbox 891 273 927 327; x_wconf 92' lang='lat'>11.</span> <span class='ocrx_word' id='word_1_5' title='bbox 1370 274 1433 346; x_wconf 79' lang='grc'>177</span> 
     </span>
    </p>
   </div>
   <div class='ocr_carea' id='block_1_2' title="bbox 119 444 1448 2303">
    <p class='ocr_par' dir='ltr' id='par_1_2' title="bbox 119 444 1448 891">
     <span class='ocr_line' id='line_1_2' title="bbox 119 444 1432 535; baseline 0.003 -21"><span class='ocrx_word' id='word_1_6' title='bbox 119 451 160 514; x_wconf 83' lang='lat' dir='ltr'>ssi</span> <span class='ocrx_word' id='word_1_7' title='bbox 195 451 225 514; x_wconf 92' lang='lat' dir='ltr'>in</span> <span class='ocrx_word' id='word_1_8' title='bbox 249 444 367 515; x_wconf 80' lang='lat' dir='ltr'>certam</span> <span class='ocrx_word' id='word_1_9' title='bbox 391 461 422 516; x_wconf 92' lang='lat' dir='ltr'>et</span> <span class='ocrx_word' id='word_1_10' title='bbox 443 451 626 534; x_wconf 80' lang='lat' dir='ltr'>peculiarem</span> <span class='ocrx_word' id='word_1_11' title='bbox 650 453 847 533; x_wconf 77' lang='lat' dir='ltr'>provinciam,</span> <span class='ocrx_word' id='word_1_12' title='bbox 877 454 1052 517; x_wconf 82' lang='lat' dir='ltr'>immittere:</span> <span class='ocrx_word' id='word_1_13' title='bbox 1077 456 1155 535; x_wconf 92' lang='lat' dir='ltr'>quod</span> <span class='ocrx_word' id='word_1_14' title='bbox 1178 474 1284 519; x_wconf 90' lang='lat' dir='ltr'>munus</span> <span class='ocrx_word' id='word_1_15' title='bbox 1306 455 1432 519; x_wconf 84' lang='lat' dir='ltr'>Aristo-</span> 
     </span>
     <span class='ocr_line' id='line_1_3' title="bbox 122 543 1430 625; baseline 0.004 -21"><span class='ocrx_word' id='word_1_16' title='bbox 122 563 173 619; x_wconf 85' lang='lat' dir='ltr'>cs,</span> <span class='ocrx_word' id='word_1_17' title='bbox 210 543 260 622; x_wconf 90' lang='lat' dir='ltr'>qui</span> <span class='ocrx_word' id='word_1_18' title='bbox 287 543 324 604; x_wconf 93' lang='lat' dir='ltr'>de</span> <span class='ocrx_word' id='word_1_19' title='bbox 348 543 434 605; x_wconf 92' lang='lat' dir='ltr'>initio</span> <span class='ocrx_word' id='word_1_20' title='bbox 460 544 560 604; x_wconf 92' lang='lat' dir='ltr'>muudi</span> <span class='ocrx_word' id='word_1_21' title='bbox 584 543 658 604; x_wconf 91' lang='lat' dir='ltr'>nihil</span> <span class='ocrx_word' id='word_1_22' title='bbox 682 543 771 605; x_wconf 89' lang='lat' dir='ltr'>scivit</span> <span class='ocrx_word' id='word_1_23' title='bbox 796 552 848 605; x_wconf 91' lang='lat' dir='ltr'>aut</span> <span class='ocrx_word' id='word_1_24' title='bbox 870 544 1010 618; x_wconf 88' lang='lat' dir='ltr'>credidit,</span> <span class='ocrx_word' id='word_1_25' title='bbox 1040 544 1114 625; x_wconf 89' lang='lat' dir='ltr'>ipsis</span> <span class='ocrx_word' id='word_1_26' title='bbox 1138 554 1272 608; x_wconf 91' lang='lat' dir='ltr'>motuum</span> <span class='ocrx_word' id='word_1_27' title='bbox 1296 547 1430 609; x_wconf 87' lang='lat' dir='ltr'>auctori-</span> 
     </span>
     <span class='ocr_line' id='line_1_4' title="bbox 119 632 1448 716; baseline 0.003 -23"><span class='ocrx_word' id='word_1_28' title='bbox 119 653 131 694; x_wconf 86' lang='lat' dir='ltr'>s</span> <span class='ocrx_word' id='word_1_29' title='bbox 163 632 338 694; x_wconf 86' lang='lat' dir='ltr'>necessario</span> <span class='ocrx_word' id='word_1_30' title='bbox 362 633 580 712; x_wconf 79' lang='lat' dir='ltr'><strong>transscripsit.</strong></span> <span class='ocrx_word' id='word_1_31' title='bbox 628 632 669 694; x_wconf 87' lang='lat' dir='ltr'>Et</span> <span class='ocrx_word' id='word_1_32' title='bbox 693 641 860 695; x_wconf 82' lang='lat' dir='ltr'>sectatores</span> <span class='ocrx_word' id='word_1_33' title='bbox 884 634 1075 708; x_wconf 90' lang='lat' dir='ltr'>Aristotelis,</span> <span class='ocrx_word' id='word_1_34' title='bbox 1110 636 1180 716; x_wconf 91' lang='lat' dir='ltr'>quin</span> <span class='ocrx_word' id='word_1_35' title='bbox 1204 642 1235 697; x_wconf 91' lang='lat' dir='ltr'>et</span> <span class='ocrx_word' id='word_1_36' title='bbox 1258 633 1448 716; x_wconf 81' lang='lat' dir='ltr'>Scaliger·</span> 
     </span>
     <span class='ocr_line' id='line_1_5' title="bbox 119 720 1431 802; baseline 0.002 -19"><span class='ocrx_word' id='word_1_37' title='bbox 119 721 263 783; x_wconf 73' lang='lat' dir='ltr'>ascesione</span> <span class='ocrx_word' id='word_1_38' title='bbox 288 720 493 797; x_wconf 83' lang='lat' dir='ltr'>Christianus,</span> <span class='ocrx_word' id='word_1_39' title='bbox 523 730 627 802; x_wconf 87' lang='lat' dir='ltr'>aperte</span> <span class='ocrx_word' id='word_1_40' title='bbox 652 723 822 801; x_wconf 87' lang='lat' dir='ltr'>disputant,</span> <span class='ocrx_word' id='word_1_41' title='bbox 855 723 932 784; x_wconf 90' lang='lat' dir='ltr'>hunc</span> <span class='ocrx_word' id='word_1_42' title='bbox 957 731 1067 784; x_wconf 89' lang='lat' dir='ltr'>motum</span> <span class='ocrx_word' id='word_1_43' title='bbox 1092 725 1207 787; x_wconf 92' lang='lat' dir='ltr'>orbium</span> <span class='ocrx_word' id='word_1_44' title='bbox 1230 743 1298 785; x_wconf 90' lang='lat' dir='ltr'>esse</span> <span class='ocrx_word' id='word_1_45' title='bbox 1321 725 1431 789; x_wconf 86' lang='lat' dir='ltr'>voluu-</span> 
     </span>
     <span class='ocr_line' id='line_1_6' title="bbox 119 811 1432 891; baseline 0.002 -18"><span class='ocrx_word' id='word_1_46' title='bbox 119 811 189 873; x_wconf 89' lang='lat' dir='ltr'>rium</span> <span class='ocrx_word' id='word_1_47' title='bbox 219 820 252 873; x_wconf 89' lang='lat' dir='ltr'>et</span> <span class='ocrx_word' id='word_1_48' title='bbox 280 811 457 891; x_wconf 91' lang='lat' dir='ltr'>principium</span> <span class='ocrx_word' id='word_1_49' title='bbox 486 811 649 873; x_wconf 87' lang='lat' dir='ltr'>voluntatis</span> <span class='ocrx_word' id='word_1_50' title='bbox 678 811 737 873; x_wconf 91' lang='lat' dir='ltr'>illis</span> <span class='ocrx_word' id='word_1_51' title='bbox 766 831 833 873; x_wconf 90' lang='lat' dir='ltr'>esse</span> <span class='ocrx_word' id='word_1_52' title='bbox 865 812 1100 874; x_wconf 88' lang='lat' dir='ltr'>intellectionem</span> <span class='ocrx_word' id='word_1_53' title='bbox 1125 822 1155 876; x_wconf 94' lang='lat' dir='ltr'>et</span> <span class='ocrx_word' id='word_1_54' title='bbox 1179 813 1371 876; x_wconf 89' lang='lat' dir='ltr'>desiderium.</span> <span class='ocrx_word' id='word_1_55' title='bbox 1389 811 1432 889; x_wconf 76' lang='lat'>²⁸)</span> 
     </span>
    </p>

    <p class='ocr_par' dir='ltr' id='par_1_3' title="bbox 119 899 1432 1516">
     <span class='ocr_line' id='line_1_7' title="bbox 163 899 1432 984; baseline 0.002 -20"><span class='ocrx_word' id='word_1_56' title='bbox 163 901 209 964; x_wconf 92' lang='lat' dir='ltr'>Ut</span> <span class='ocrx_word' id='word_1_57' title='bbox 233 899 324 980; x_wconf 87' lang='lat' dir='ltr'>igitur</span> <span class='ocrx_word' id='word_1_58' title='bbox 347 901 385 961; x_wconf 89' lang='lat' dir='ltr'>ad</span> <span class='ocrx_word' id='word_1_59' title='bbox 409 899 660 962; x_wconf 88' lang='lat' dir='ltr'>Purbachium</span> <span class='ocrx_word' id='word_1_60' title='bbox 684 902 858 978; x_wconf 84' lang='lat' dir='ltr'>redeamus,</span> <span class='ocrx_word' id='word_1_61' title='bbox 883 921 949 963; x_wconf 93' lang='lat' dir='ltr'>cum</span> <span class='ocrx_word' id='word_1_62' title='bbox 973 920 1008 961; x_wconf 91' lang='lat' dir='ltr'>ec</span> <span class='ocrx_word' id='word_1_63' title='bbox 1033 903 1084 964; x_wconf 89' lang='lat' dir='ltr'>alii</span> <span class='ocrx_word' id='word_1_64' title='bbox 1109 903 1247 984; x_wconf 91' lang='lat' dir='ltr'>quidam,</span> <span class='ocrx_word' id='word_1_65' title='bbox 1270 901 1432 983; x_wconf 89' lang='lat' dir='ltr'>praecipue</span> 
     </span>
     <span class='ocr_line' id='line_1_8' title="bbox 119 989 1432 1072; baseline 0.002 -21"><span class='ocrx_word' id='word_1_66' title='bbox 119 990 247 1052; x_wconf 75' lang='lat' dir='ltr'>allorum</span> <span class='ocrx_word' id='word_1_67' title='bbox 271 989 492 1071; x_wconf 87' lang='lat' dir='ltr'>sphaericorum</span> <span class='ocrx_word' id='word_1_68' title='bbox 516 991 688 1070; x_wconf 82' lang='lat' dir='ltr'>scriptores,</span> <span class='ocrx_word' id='word_1_69' title='bbox 714 991 838 1070; x_wconf 91' lang='lat' dir='ltr'>primum</span> <span class='ocrx_word' id='word_1_70' title='bbox 866 992 989 1055; x_wconf 87' lang='lat' dir='ltr'>schema</span> <span class='ocrx_word' id='word_1_71' title='bbox 1012 989 1055 1051; x_wconf 90' lang='lat' dir='ltr'>sic</span> <span class='ocrx_word' id='word_1_72' title='bbox 1080 992 1241 1072; x_wconf 87' lang='lat' dir='ltr'>explicant,</span> <span class='ocrx_word' id='word_1_73' title='bbox 1265 999 1300 1053; x_wconf 89' lang='lat' dir='ltr'>ut</span> <span class='ocrx_word' id='word_1_74' title='bbox 1323 992 1432 1071; x_wconf 88' lang='lat' dir='ltr'>imagi-</span> 
     </span>
     <span class='ocr_line' id='line_1_9' title="bbox 119 1078 1431 1164; baseline 0.002 -24"><span class='ocrx_word' id='word_1_75' title='bbox 119 1086 184 1141; x_wconf 89' lang='lat' dir='ltr'>utur</span> <span class='ocrx_word' id='word_1_76' title='bbox 208 1078 267 1141; x_wconf 87' lang='lat' dir='ltr'>sibi</span> <span class='ocrx_word' id='word_1_77' title='bbox 290 1098 378 1141; x_wconf 92' lang='lat' dir='ltr'>unum</span> <span class='ocrx_word' id='word_1_78' title='bbox 401 1080 504 1141; x_wconf 91' lang='lat' dir='ltr'>orbem</span> <span class='ocrx_word' id='word_1_79' title='bbox 529 1080 656 1141; x_wconf 89' lang='lat' dir='ltr'>solidum</span> <span class='ocrx_word' id='word_1_80' title='bbox 690 1081 910 1142; x_wconf 89' lang='lat' dir='ltr'>concentricum</span> <span class='ocrx_word' id='word_1_81' title='bbox 940 1081 1140 1143; x_wconf 88' lang='lat' dir='ltr'>crassitudine</span> <span class='ocrx_word' id='word_1_82' title='bbox 1173 1081 1298 1164; x_wconf 92' lang='lat' dir='ltr'>epicycli</span> <span class='ocrx_word' id='word_1_83' title='bbox 1327 1082 1431 1152; x_wconf 85' lang='lat' dir='ltr'>totius,</span> 
     </span>
     <span class='ocr_line' id='line_1_10' title="bbox 133 1167 1432 1251; baseline 0.002 -22"><span class='ocrx_word' id='word_1_84' title='bbox 133 1167 221 1229; x_wconf 89' lang='lat' dir='ltr'>ineo</span> <span class='ocrx_word' id='word_1_85' title='bbox 246 1169 426 1251; x_wconf 89' lang='lat' dir='ltr'>epicyclum‚</span> <span class='ocrx_word' id='word_1_86' title='bbox 459 1170 488 1230; x_wconf 93' lang='lat' dir='ltr'>in</span> <span class='ocrx_word' id='word_1_87' title='bbox 514 1169 647 1250; x_wconf 86' lang='lat' dir='ltr'>epicyclo</span> <span class='ocrx_word' id='word_1_88' title='bbox 678 1169 842 1248; x_wconf 87' lang='lat' dir='ltr'>planetam.</span> <span class='ocrx_word' id='word_1_89' title='bbox 890 1171 946 1232; x_wconf 90' lang='lat' dir='ltr'>His</span> <span class='ocrx_word' id='word_1_90' title='bbox 970 1169 1062 1249; x_wconf 87' lang='lat' dir='ltr'>igitur</span> <span class='ocrx_word' id='word_1_91' title='bbox 1090 1170 1204 1232; x_wconf 87' lang='lat' dir='ltr'>duobus</span> <span class='ocrx_word' id='word_1_92' title='bbox 1228 1169 1349 1232; x_wconf 92' lang='lat' dir='ltr'>orbibus</span> <span class='ocrx_word' id='word_1_93' title='bbox 1373 1170 1432 1232; x_wconf 92' lang='lat' dir='ltr'>tri-</span> 
     </span>
     <span class='ocr_line' id='line_1_11' title="bbox 119 1254 1432 1341; baseline 0.002 -23"><span class='ocrx_word' id='word_1_94' title='bbox 119 1254 207 1319; x_wconf 79' lang='lat' dir='ltr'>erant</span> <span class='ocrx_word' id='word_1_95' title='bbox 241 1257 463 1320; x_wconf 87' lang='lat' dir='ltr'>duas.animas</span> <span class='ocrx_word' id='word_1_96' title='bbox 500 1258 641 1319; x_wconf 90' lang='lat' dir='ltr'>motrices</span> <span class='ocrx_word' id='word_1_97' title='bbox 676 1259 717 1331; x_wconf 90' lang='lat' dir='ltr'>(si</span> <span class='ocrx_word' id='word_1_98' title='bbox 753 1260 1024 1322; x_wconf 85' lang='lat' dir='ltr'>considerationem</span> <span class='ocrx_word' id='word_1_99' title='bbox 1060 1260 1216 1341; x_wconf 80' lang='lat' dir='ltr'>physicam</span> <span class='ocrx_word' id='word_1_100' title='bbox 1254 1262 1432 1340; x_wconf 73' lang='lat' dir='ltr'>pertonant)</span> 
     </span>
     <span class='ocr_line' id='line_1_12' title="bbox 119 1347 1432 1429; baseline 0.002 -20"><span class='ocrx_word' id='word_1_101' title='bbox 119 1347 184 1409; x_wconf 86' lang='lat' dir='ltr'>dem</span> <span class='ocrx_word' id='word_1_102' title='bbox 215 1354 373 1428; x_wconf 90' lang='lat' dir='ltr'>utramque</span> <span class='ocrx_word' id='word_1_103' title='bbox 405 1347 598 1427; x_wconf 88' lang='lat' dir='ltr'>proportione</span> <span class='ocrx_word' id='word_1_104' title='bbox 629 1348 766 1423; x_wconf 90' lang='lat' dir='ltr'>virtutis,</span> <span class='ocrx_word' id='word_1_105' title='bbox 800 1358 834 1410; x_wconf 90' lang='lat' dir='ltr'>ut</span> <span class='ocrx_word' id='word_1_106' title='bbox 857 1351 962 1411; x_wconf 88' lang='lat' dir='ltr'>eodem</span> <span class='ocrx_word' id='word_1_107' title='bbox 987 1357 1120 1429; x_wconf 90' lang='lat' dir='ltr'>tempore</span> <span class='ocrx_word' id='word_1_108' title='bbox 1144 1349 1283 1429; x_wconf 88' lang='lat' dir='ltr'>periodos</span> <span class='ocrx_word' id='word_1_109' title='bbox 1306 1368 1378 1410; x_wconf 88' lang='lat' dir='ltr'>euas</span> <span class='ocrx_word' id='word_1_110' title='bbox 1402 1349 1432 1413; x_wconf 91' lang='lat' dir='ltr'>iu</span> 
     </span>
     <span class='ocr_line' id='line_1_13' title="bbox 119 1437 697 1516; baseline 0.002 -18"><span class='ocrx_word' id='word_1_111' title='bbox 119 1453 185 1516; x_wconf 78' lang='lat' dir='ltr'>agas</span> <span class='ocrx_word' id='word_1_112' title='bbox 209 1443 312 1497; x_wconf 87' lang='lat' dir='ltr'>tamen</span> <span class='ocrx_word' id='word_1_113' title='bbox 336 1437 503 1498; x_wconf 88' lang='lat' dir='ltr'>contrarias</span> <span class='ocrx_word' id='word_1_114' title='bbox 527 1437 697 1499; x_wconf 85' lang='lat' dir='ltr'>absolvant.</span> 
     </span>
    </p>

    <p class='ocr_par' dir='ltr' id='par_1_4' title="bbox 119 1524 1436 2303">
     <span class='ocr_line' id='line_1_14' title="bbox 165 1524 1432 1606; baseline -0.002 -18"><span class='ocrx_word' id='word_1_115' title='bbox 165 1525 305 1589; x_wconf 85' lang='lat' dir='ltr'>Alterum</span> <span class='ocrx_word' id='word_1_116' title='bbox 335 1526 458 1588; x_wconf 86' lang='lat' dir='ltr'>schema</span> <span class='ocrx_word' id='word_1_117' title='bbox 489 1525 615 1606; x_wconf 87' lang='lat' dir='ltr'>requirit</span> <span class='ocrx_word' id='word_1_118' title='bbox 644 1527 719 1588; x_wconf 92' lang='lat' dir='ltr'>duos</span> <span class='ocrx_word' id='word_1_119' title='bbox 754 1527 924 1587; x_wconf 80' lang='lat' dir='ltr'>deferentes</span> <span class='ocrx_word' id='word_1_120' title='bbox 956 1526 1069 1598; x_wconf 91' lang='lat' dir='ltr'>(adhuc</span> <span class='ocrx_word' id='word_1_121' title='bbox 1104 1525 1223 1605; x_wconf 92' lang='lat' dir='ltr'>quidem</span> <span class='ocrx_word' id='word_1_122' title='bbox 1255 1524 1432 1601; x_wconf 91' lang='lat' dir='ltr'>immobiles,</span> 
     </span>
     <span class='ocr_line' id='line_1_15' title="bbox 119 1615 1434 1696; baseline 0.001 -19"><span class='ocrx_word' id='word_1_123' title='bbox 119 1634 151 1677; x_wconf 86' lang='lat' dir='ltr'>rm</span> <span class='ocrx_word' id='word_1_124' title='bbox 172 1615 201 1675; x_wconf 91' lang='lat' dir='ltr'>in</span> <span class='ocrx_word' id='word_1_125' title='bbox 226 1615 284 1676; x_wconf 88' lang='lat' dir='ltr'>hac</span> <span class='ocrx_word' id='word_1_126' title='bbox 307 1623 440 1677; x_wconf 90' lang='lat' dir='ltr'>motuum</span> <span class='ocrx_word' id='word_1_127' title='bbox 464 1615 657 1696; x_wconf 82' lang='lat' dir='ltr'>simplicitate</span> <span class='ocrx_word' id='word_1_128' title='bbox 690 1635 860 1688; x_wconf 87' lang='lat' dir='ltr'>manemus,</span> <span class='ocrx_word' id='word_1_129' title='bbox 896 1623 995 1677; x_wconf 89' lang='lat' dir='ltr'>mento</span> <span class='ocrx_word' id='word_1_130' title='bbox 1019 1623 1208 1676; x_wconf 89' lang='lat' dir='ltr'>removentes</span> <span class='ocrx_word' id='word_1_131' title='bbox 1242 1634 1434 1695; x_wconf 82' lang='lat' dir='ltr'>progressum</span> 
     </span>
     <span class='ocr_line' id='line_1_16' title="bbox 119 1704 1431 1785; baseline 0 -20"><span class='ocrx_word' id='word_1_132' title='bbox 119 1707 306 1784; x_wconf 82' lang='lat' dir='ltr'>ogaecmm)‚</span> <span class='ocrx_word' id='word_1_133' title='bbox 332 1714 363 1766; x_wconf 92' lang='lat' dir='ltr'>et</span> <span class='ocrx_word' id='word_1_134' title='bbox 377 1724 466 1766; x_wconf 92' lang='lat' dir='ltr'>unum</span> <span class='ocrx_word' id='word_1_135' title='bbox 486 1705 598 1777; x_wconf 90' lang='lat' dir='ltr'>orbem,</span> <span class='ocrx_word' id='word_1_136' title='bbox 623 1705 823 1766; x_wconf 90' lang='lat' dir='ltr'>crassitudine</span> <span class='ocrx_word' id='word_1_137' title='bbox 843 1705 977 1783; x_wconf 87' lang='lat' dir='ltr'>corporis</span> <span class='ocrx_word' id='word_1_138' title='bbox 1000 1704 1171 1784; x_wconf 85' lang='lat' dir='ltr'>planetarii,</span> <span class='ocrx_word' id='word_1_139' title='bbox 1196 1704 1226 1766; x_wconf 93' lang='lat' dir='ltr'>in</span> <span class='ocrx_word' id='word_1_140' title='bbox 1242 1724 1335 1785; x_wconf 92' lang='lat' dir='ltr'>eoque</span> <span class='ocrx_word' id='word_1_141' title='bbox 1360 1705 1431 1766; x_wconf 92' lang='lat' dir='ltr'>orbe</span> 
     </span>
     <span class='ocr_line' id='line_1_17' title="bbox 119 1793 1433 1873; baseline 0 -18"><span class='ocrx_word' id='word_1_142' title='bbox 119 1793 225 1868; x_wconf 82' lang='lat' dir='ltr'>imam,</span> <span class='ocrx_word' id='word_1_143' title='bbox 264 1812 338 1873; x_wconf 90' lang='lat' dir='ltr'>quae</span> <span class='ocrx_word' id='word_1_144' title='bbox 362 1795 512 1873; x_wconf 83' lang='lat' dir='ltr'>aequabili</span> <span class='ocrx_word' id='word_1_145' title='bbox 545 1794 735 1855; x_wconf 88' lang='lat' dir='ltr'>contentione</span> <span class='ocrx_word' id='word_1_146' title='bbox 771 1794 852 1855; x_wconf 91' lang='lat' dir='ltr'>illum</span> <span class='ocrx_word' id='word_1_147' title='bbox 883 1795 1068 1873; x_wconf 86' lang='lat' dir='ltr'>circumagat</span> <span class='ocrx_word' id='word_1_148' title='bbox 1091 1793 1119 1854; x_wconf 95' lang='lat' dir='ltr'>in</span> <span class='ocrx_word' id='word_1_149' title='bbox 1144 1793 1268 1873; x_wconf 84' lang='lat' dir='ltr'>plagam</span> <span class='ocrx_word' id='word_1_150' title='bbox 1291 1813 1379 1868; x_wconf 89' lang='lat' dir='ltr'>eam,</span> <span class='ocrx_word' id='word_1_151' title='bbox 1403 1793 1433 1855; x_wconf 92' lang='lat' dir='ltr'>in</span> 
     </span>
     <span class='ocr_line' id='line_1_18' title="bbox 119 1882 1436 1963; baseline 0 -19"><span class='ocrx_word' id='word_1_152' title='bbox 119 1901 166 1944; x_wconf 82' lang='grc' dir='ltr'>ιιι</span> <span class='ocrx_word' id='word_1_153' title='bbox 190 1903 209 1942; x_wconf 86' lang='lat' dir='ltr'>a</span> <span class='ocrx_word' id='word_1_154' title='bbox 231 1883 379 1962; x_wconf 91' lang='lat' dir='ltr'>principio</span> <span class='ocrx_word' id='word_1_155' title='bbox 412 1883 540 1963; x_wconf 91' lang='lat' dir='ltr'>impulsa</span> <span class='ocrx_word' id='word_1_156' title='bbox 570 1891 627 1944; x_wconf 87' lang='lat' dir='ltr'>est.</span> <span class='ocrx_word' id='word_1_157' title='bbox 676 1882 832 1945; x_wconf 84' lang='lat' dir='ltr'>Concessa</span> <span class='ocrx_word' id='word_1_158' title='bbox 861 1883 953 1962; x_wconf 89' lang='lat' dir='ltr'>igitur</span> <span class='ocrx_word' id='word_1_159' title='bbox 983 1882 1040 1945; x_wconf 91' lang='lat' dir='ltr'>hac</span> <span class='ocrx_word' id='word_1_160' title='bbox 1073 1882 1229 1944; x_wconf 88' lang='lat' dir='ltr'>soliditate</span> <span class='ocrx_word' id='word_1_161' title='bbox 1264 1883 1379 1945; x_wconf 91' lang='lat' dir='ltr'>orbium</span> <span class='ocrx_word' id='word_1_162' title='bbox 1403 1890 1436 1944; x_wconf 92' lang='lat' dir='ltr'>et</span> 
     </span>
     <span class='ocr_line' id='line_1_19' title="bbox 119 1969 1432 2054; baseline 0.001 -22"><span class='ocrx_word' id='word_1_163' title='bbox 119 1970 200 2054; x_wconf 88' lang='lat' dir='ltr'>liquis</span> <span class='ocrx_word' id='word_1_164' title='bbox 223 1973 378 2047; x_wconf 86' lang='lat' dir='ltr'>assumtis,</span> <span class='ocrx_word' id='word_1_165' title='bbox 403 1973 567 2034; x_wconf 88' lang='lat' dir='ltr'>manebunt</span> <span class='ocrx_word' id='word_1_166' title='bbox 589 1972 619 2033; x_wconf 92' lang='lat' dir='ltr'>in</span> <span class='ocrx_word' id='word_1_167' title='bbox 644 1974 736 2052; x_wconf 91' lang='lat' dir='ltr'>primo</span> <span class='ocrx_word' id='word_1_168' title='bbox 760 1973 913 2034; x_wconf 89' lang='lat' dir='ltr'>schemate</span> <span class='ocrx_word' id='word_1_169' title='bbox 933 1969 997 2047; x_wconf 84' lang='lat' dir='ltr'>BC,</span> <span class='ocrx_word' id='word_1_170' title='bbox 1013 1970 1077 2046; x_wconf 84' lang='lat' dir='ltr'>BE,</span> <span class='ocrx_word' id='word_1_171' title='bbox 1102 1972 1258 2053; x_wconf 89' lang='lat' dir='ltr'>paralleli;</span> <span class='ocrx_word' id='word_1_172' title='bbox 1282 1973 1312 2035; x_wconf 93' lang='lat' dir='ltr'>in</span> <span class='ocrx_word' id='word_1_173' title='bbox 1337 1971 1432 2034; x_wconf 89' lang='lat' dir='ltr'>altero</span> 
     </span>
     <span class='ocr_line' id='line_1_20' title="bbox 119 2059 1435 2141; baseline -0.001 -18"><span class='ocrx_word' id='word_1_174' title='bbox 119 2060 159 2123; x_wconf 83' lang='lat' dir='ltr'>bio</span> <span class='ocrx_word' id='word_1_175' title='bbox 180 2084 209 2141; x_wconf 75' lang='grc' dir='ltr'>γε</span> <span class='ocrx_word' id='word_1_176' title='bbox 233 2061 317 2122; x_wconf 89' lang='lat' dir='ltr'>circa</span> <span class='ocrx_word' id='word_1_177' title='bbox 338 2064 358 2138; x_wconf 82' lang='grc' dir='ltr'><strong><em>β</em></strong></span> <span class='ocrx_word' id='word_1_178' title='bbox 381 2069 515 2124; x_wconf 87' lang='lat' dir='ltr'>centrum</span> <span class='ocrx_word' id='word_1_179' title='bbox 538 2062 612 2123; x_wconf 90' lang='lat' dir='ltr'>ibit:</span> <span class='ocrx_word' id='word_1_180' title='bbox 642 2061 700 2123; x_wconf 88' lang='lat' dir='ltr'>etsi</span> <span class='ocrx_word' id='word_1_181' title='bbox 724 2069 855 2123; x_wconf 87' lang='lat' dir='ltr'>mutares</span> <span class='ocrx_word' id='word_1_182' title='bbox 879 2081 934 2123; x_wconf 90' lang='lat' dir='ltr'>nec</span> <span class='ocrx_word' id='word_1_183' title='bbox 957 2062 1019 2124; x_wconf 93' lang='lat' dir='ltr'>illic</span> <span class='ocrx_word' id='word_1_184' title='bbox 1043 2062 1081 2122; x_wconf 87' lang='lat' dir='ltr'>ad</span> <span class='ocrx_word' id='word_1_185' title='bbox 1103 2059 1176 2135; x_wconf 80' lang='lat' dir='ltr'>AC,</span> <span class='ocrx_word' id='word_1_186' title='bbox 1201 2080 1256 2123; x_wconf 93' lang='lat' dir='ltr'>uec</span> <span class='ocrx_word' id='word_1_187' title='bbox 1280 2060 1328 2123; x_wconf 90' lang='lat' dir='ltr'>hic</span> <span class='ocrx_word' id='word_1_188' title='bbox 1353 2061 1392 2122; x_wconf 88' lang='lat' dir='ltr'>ad</span> <span class='ocrx_word' id='word_1_189' title='bbox 1415 2063 1435 2138; x_wconf 85' lang='grc' dir='ltr'>β</span> 
     </span>
     <span class='ocr_line' id='line_1_21' title="bbox 119 2149 1432 2232; baseline 0 -21"><span class='ocrx_word' id='word_1_190' title='bbox 119 2150 263 2231; x_wconf 78' lang='lat' dir='ltr'>spiciaut3</span> <span class='ocrx_word' id='word_1_191' title='bbox 296 2150 465 2231; x_wconf 89' lang='lat' dir='ltr'>diriguntur</span> <span class='ocrx_word' id='word_1_192' title='bbox 488 2150 565 2214; x_wconf 91' lang='lat' dir='ltr'>enim</span> <span class='ocrx_word' id='word_1_193' title='bbox 588 2152 738 2215; x_wconf 89' lang='lat' dir='ltr'>materiali</span> <span class='ocrx_word' id='word_1_194' title='bbox 766 2151 950 2213; x_wconf 88' lang='lat' dir='ltr'>necessitate</span> <span class='ocrx_word' id='word_1_195' title='bbox 974 2171 1027 2213; x_wconf 90' lang='lat' dir='ltr'>seu</span> <span class='ocrx_word' id='word_1_196' title='bbox 1056 2150 1254 2232; x_wconf 87' lang='lat' dir='ltr'>dispositione</span> <span class='ocrx_word' id='word_1_197' title='bbox 1278 2158 1309 2212; x_wconf 87' lang='lat' dir='ltr'>et</span> <span class='ocrx_word' id='word_1_198' title='bbox 1332 2149 1432 2213; x_wconf 91' lang='lat' dir='ltr'>couti-</span> 
     </span>
     <span class='ocr_line' id='line_1_22' title="bbox 119 2236 342 2303; baseline 0 0"><span class='ocrx_word' id='word_1_199' title='bbox 119 2236 191 2303; x_wconf 58' lang='grc' dir='ltr'>ἤιε</span> <span class='ocrx_word' id='word_1_200' title='bbox 214 2239 342 2303; x_wconf 91' lang='lat' dir='ltr'>orbium.</span> 
     </span>
    </p>
   </div>
   <div class='ocr_carea' id='block_1_3' title="bbox 164 2327 1534 2410">
    <p class='ocr_par' dir='ltr' id='par_1_5' title="bbox 164 2327 1534 2410">
     <span class='ocr_line' id='line_1_23' title="bbox 164 2327 1534 2410; baseline -0.002 -18"><span class='ocrx_word' id='word_1_201' title='bbox 164 2330 209 2392; x_wconf 78' lang='lat' dir='ltr'>At</span> <span class='ocrx_word' id='word_1_202' title='bbox 232 2330 307 2409; x_wconf 89' lang='lat' dir='ltr'>quia</span> <span class='ocrx_word' id='word_1_203' title='bbox 329 2329 462 2410; x_wconf 86' lang='lat' dir='ltr'>Tycha</span> <span class='ocrx_word' id='word_1_204' title='bbox 486 2328 606 2392; x_wconf 89' lang='lat' dir='ltr'>Brahe</span> <span class='ocrx_word' id='word_1_205' title='bbox 630 2329 807 2391; x_wconf 89' lang='lat' dir='ltr'>certissimis</span> <span class='ocrx_word' id='word_1_206' title='bbox 832 2329 1016 2409; x_wconf 85' lang='lat' dir='ltr'>argumentis</span> <span class='ocrx_word' id='word_1_207' title='bbox 1040 2327 1225 2390; x_wconf 87' lang='lat' dir='ltr'>soliditatem</span> <span class='ocrx_word' id='word_1_208' title='bbox 1245 2327 1360 2390; x_wconf 90' lang='lat' dir='ltr'>orbium</span> <span class='ocrx_word' id='word_1_209' title='bbox 1377 2328 1433 2389; x_wconf 87' lang='lat' dir='ltr'>de·</span> <span class='ocrx_word' id='word_1_210' title='bbox 1526 2344 1534 2357; x_wconf 74' lang='lat'>⁶</span> 
     </span>
    </p>
   </div>
   <div class='ocr_carea' id='block_1_4' title="bbox 119 2416 1485 4921">
    <p class='ocr_par' dir='ltr' id='par_1_6' title="bbox 119 2416 1435 2767">
     <span class='ocr_line' id='line_1_24' title="bbox 119 2416 1434 2498; baseline -0.002 -17"><span class='ocrx_word' id='word_1_211' title='bbox 119 2418 206 2495; x_wconf 78' lang='lat' dir='ltr'>ruit,</span> <span class='ocrx_word' id='word_1_212' title='bbox 244 2438 322 2498; x_wconf 88' lang='lat' dir='ltr'>quae</span> <span class='ocrx_word' id='word_1_213' title='bbox 355 2419 501 2480; x_wconf 89' lang='lat' dir='ltr'>hactenus</span> <span class='ocrx_word' id='word_1_214' title='bbox 530 2419 683 2480; x_wconf 88' lang='lat' dir='ltr'>animabus</span> <span class='ocrx_word' id='word_1_215' title='bbox 707 2420 767 2480; x_wconf 94' lang='lat' dir='ltr'>illis</span> <span class='ocrx_word' id='word_1_216' title='bbox 790 2418 965 2480; x_wconf 86' lang='lat' dir='ltr'>matricibus</span> <span class='ocrx_word' id='word_1_217' title='bbox 988 2417 1101 2492; x_wconf 89' lang='lat' dir='ltr'>(caecis</span> <span class='ocrx_word' id='word_1_218' title='bbox 1125 2419 1231 2490; x_wconf 89' lang='lat' dir='ltr'>etiam)</span> <span class='ocrx_word' id='word_1_219' title='bbox 1249 2436 1303 2497; x_wconf 89' lang='lat' dir='ltr'>pro</span> <span class='ocrx_word' id='word_1_220' title='bbox 1327 2416 1434 2478; x_wconf 88' lang='lat' dir='ltr'>baculo</span> 
     </span>
     <span class='ocr_line' id='line_1_25' title="bbox 119 2505 1434 2588; baseline -0.004 -17"><span class='ocrx_word' id='word_1_221' title='bbox 119 2509 191 2571; x_wconf 74' lang='lat' dir='ltr'>mue</span> <span class='ocrx_word' id='word_1_222' title='bbox 219 2517 347 2588; x_wconf 90' lang='lat' dir='ltr'>poterat</span> <span class='ocrx_word' id='word_1_223' title='bbox 377 2510 416 2570; x_wconf 90' lang='lat' dir='ltr'>ad</span> <span class='ocrx_word' id='word_1_224' title='bbox 445 2508 505 2569; x_wconf 78' lang='lat' dir='ltr'>rim</span> <span class='ocrx_word' id='word_1_225' title='bbox 530 2508 662 2570; x_wconf 88' lang='lat' dir='ltr'>debitam</span> <span class='ocrx_word' id='word_1_226' title='bbox 691 2507 913 2581; x_wconf 67' lang='lat' dir='ltr'>inveniendam</span> <span class='ocrx_word' id='word_1_227' title='bbox 944 2515 975 2568; x_wconf 88' lang='lat' dir='ltr'>et</span> <span class='ocrx_word' id='word_1_228' title='bbox 997 2508 1119 2587; x_wconf 89' lang='lat' dir='ltr'>proinde</span> <span class='ocrx_word' id='word_1_229' title='bbox 1143 2508 1283 2586; x_wconf 90' lang='lat' dir='ltr'>planetae</span> <span class='ocrx_word' id='word_1_230' title='bbox 1306 2505 1335 2567; x_wconf 94' lang='lat' dir='ltr'>in</span> <span class='ocrx_word' id='word_1_231' title='bbox 1360 2525 1434 2587; x_wconf 94' lang='lat' dir='ltr'>puro</span> 
     </span>
     <span class='ocr_line' id='line_1_26' title="bbox 119 2594 1435 2705; baseline -0.002 -46"><span class='ocrx_word' id='word_1_232' title='bbox 119 2594 200 2659; x_wconf 68' lang='lat' dir='ltr'>ettae</span> <span class='ocrx_word' id='word_1_233' title='bbox 220 2597 350 2677; x_wconf 90' lang='lat' dir='ltr'>perinde</span> <span class='ocrx_word' id='word_1_234' title='bbox 374 2609 464 2677; x_wconf 85' lang='lat' dir='ltr'>atque</span> <span class='ocrx_word' id='word_1_235' title='bbox 489 2615 562 2658; x_wconf 89' lang='lat' dir='ltr'>aves</span> <span class='ocrx_word' id='word_1_236' title='bbox 585 2599 615 2659; x_wconf 91' lang='lat' dir='ltr'>in</span> <span class='ocrx_word' id='word_1_237' title='bbox 640 2604 709 2658; x_wconf 81' lang='lat' dir='ltr'>aere</span> <span class='ocrx_word' id='word_1_238' title='bbox 730 2617 834 2658; x_wconf 90' lang='lat' dir='ltr'>cursus</span> <span class='ocrx_word' id='word_1_239' title='bbox 850 2616 920 2658; x_wconf 90' lang='lat' dir='ltr'>suos</span> <span class='ocrx_word' id='word_1_240' title='bbox 935 2596 1110 2671; x_wconf 81' lang='lat' dir='ltr'>conficiunt3</span> <span class='ocrx_word' id='word_1_241' title='bbox 1134 2597 1223 2658; x_wconf 87' lang='lat' dir='ltr'>aliter</span> <span class='ocrx_word' id='word_1_242' title='bbox 1235 2594 1350 2705; x_wconf 83' lang='lat' dir='ltr'>uobis</span> <span class='ocrx_word' id='word_1_243' title='bbox 1342 2595 1435 2673; x_wconf 83' lang='lat' dir='ltr'>igitur</span> 
     </span>
     <span class='ocr_line' id='line_1_27' title="bbox 119 2680 936 2767; baseline 0.005 -22"><span class='ocrx_word' id='word_1_244' title='bbox 119 2680 191 2747; x_wconf 68' lang='lat' dir='ltr'>bitis</span> <span class='ocrx_word' id='word_1_245' title='bbox 206 2687 417 2750; x_wconf 84' lang='lat' dir='ltr'>schematibus</span> <span class='ocrx_word' id='word_1_246' title='bbox 437 2687 494 2748; x_wconf 94' lang='lat' dir='ltr'>erit</span> <span class='ocrx_word' id='word_1_247' title='bbox 515 2687 795 2767; x_wconf 89' lang='lat' dir='ltr'>philosophandum.</span> <span class='ocrx_word' id='word_1_248' title='bbox 931 2748 936 2757; x_wconf 81' lang='grc'><strong>,</strong></span> 
     </span>
    </p>

    <p class='ocr_par' dir='ltr' id='par_1_7' title="bbox 119 2768 1485 4914">
     <span class='ocr_line' id='line_1_28' title="bbox 142 2768 1434 2857; baseline -0.003 -18.911"><span class='ocrx_word' id='word_1_249' title='bbox 142 2768 210 2838; x_wconf 86' lang='lat' dir='ltr'>Sit</span> <span class='ocrx_word' id='word_1_250' title='bbox 244 2786 349 2838; x_wconf 89' lang='lat' dir='ltr'>autern</span> <span class='ocrx_word' id='word_1_251' title='bbox 382 2775 460 2837; x_wconf 92' lang='lat' dir='ltr'>inter</span> <span class='ocrx_word' id='word_1_252' title='bbox 493 2776 579 2837; x_wconf 89' lang='lat' dir='ltr'>initia</span> <span class='ocrx_word' id='word_1_253' title='bbox 608 2777 756 2857; x_wconf 89' lang='lat' dir='ltr'>positum,</span> <span class='ocrx_word' id='word_1_254' title='bbox 781 2777 842 2837; x_wconf 89' lang='lat' dir='ltr'>vim</span> <span class='ocrx_word' id='word_1_255' title='bbox 876 2793 1006 2848; x_wconf 89' lang='lat' dir='ltr'>omnem,</span> <span class='ocrx_word' id='word_1_256' title='bbox 1040 2793 1099 2854; x_wconf 89' lang='lat' dir='ltr'>qua</span> <span class='ocrx_word' id='word_1_257' title='bbox 1131 2781 1230 2835; x_wconf 91' lang='lat' dir='ltr'>motus</span> <span class='ocrx_word' id='word_1_258' title='bbox 1262 2771 1434 2851; x_wconf 84' lang='lat' dir='ltr'>hujusmodi</span> 
     </span>
     <span class='ocr_line' id='line_1_29' title="bbox 119 2860 1433 2944; baseline -0.002 -19"><span class='ocrx_word' id='word_1_259' title='bbox 119 2860 380 2938; x_wconf 60' lang='lat' dir='ltr'>hinistrantun</span> <span class='ocrx_word' id='word_1_260' title='bbox 372 2865 466 2944; x_wconf 80' lang='lat' dir='ltr'>ipsius</span> <span class='ocrx_word' id='word_1_261' title='bbox 489 2865 630 2944; x_wconf 90' lang='lat' dir='ltr'>planetae</span> <span class='ocrx_word' id='word_1_262' title='bbox 654 2882 761 2944; x_wconf 87' lang='lat' dir='ltr'>corpus</span> <span class='ocrx_word' id='word_1_263' title='bbox 785 2863 953 2927; x_wconf 87' lang='lat' dir='ltr'>inhabitare</span> <span class='ocrx_word' id='word_1_264' title='bbox 978 2882 1032 2925; x_wconf 90' lang='lat' dir='ltr'>nec</span> <span class='ocrx_word' id='word_1_265' title='bbox 1057 2870 1144 2924; x_wconf 82' lang='lat' dir='ltr'>extra</span> <span class='ocrx_word' id='word_1_266' title='bbox 1167 2863 1197 2924; x_wconf 93' lang='lat' dir='ltr'>id</span> <span class='ocrx_word' id='word_1_267' title='bbox 1222 2861 1433 2941; x_wconf 87' lang='lat' dir='ltr'>quaerendam.</span> 
     </span>
     <span class='ocr_line' id='line_1_30' title="bbox 131 2952 1433 3036; baseline -0.005 -19"><span class='ocrx_word' id='word_1_268' title='bbox 131 2958 134 2965; x_wconf 90' lang='lat'>&#39;</span> <span class='ocrx_word' id='word_1_269' title='bbox 166 2952 241 3016; x_wconf 90' lang='lat' dir='ltr'>Cum</span> <span class='ocrx_word' id='word_1_270' title='bbox 273 2955 365 3034; x_wconf 92' lang='lat' dir='ltr'>igitur</span> <span class='ocrx_word' id='word_1_271' title='bbox 391 2955 518 3032; x_wconf 89' lang='lat' dir='ltr'>planeta</span> <span class='ocrx_word' id='word_1_272' title='bbox 540 2954 633 3016; x_wconf 89' lang='lat' dir='ltr'>insita</span> <span class='ocrx_word' id='word_1_273' title='bbox 655 2955 685 3016; x_wconf 88' lang='lat' dir='ltr'>vi</span> <span class='ocrx_word' id='word_1_274' title='bbox 708 2955 737 3015; x_wconf 93' lang='lat' dir='ltr'>iu</span> <span class='ocrx_word' id='word_1_275' title='bbox 761 2974 835 3036; x_wconf 90' lang='lat' dir='ltr'>puro</span> <span class='ocrx_word' id='word_1_276' title='bbox 859 2954 982 3018; x_wconf 90' lang='lat' dir='ltr'>aethere</span> <span class='ocrx_word' id='word_1_277' title='bbox 1005 2954 1170 3031; x_wconf 83' lang='lat' dir='ltr'>perlectum</span> <span class='ocrx_word' id='word_1_278' title='bbox 1194 2952 1336 3014; x_wconf 90' lang='lat' dir='ltr'>circulum</span> <span class='ocrx_word' id='word_1_279' title='bbox 1359 2968 1433 3012; x_wconf 92' lang='lat' dir='ltr'>con-</span> 
     </span>
     <span class='ocr_line' id='line_1_31' title="bbox 119 3039 1433 3126; baseline -0.003 -22"><span class='ocrx_word' id='word_1_280' title='bbox 119 3058 166 3104; x_wconf 77' lang='lat' dir='ltr'>tere</span> <span class='ocrx_word' id='word_1_281' title='bbox 187 3045 313 3117; x_wconf 83' lang='lat' dir='ltr'>debeat,</span> <span class='ocrx_word' id='word_1_282' title='bbox 338 3044 366 3104; x_wconf 93' lang='lat' dir='ltr'>in</span> <span class='ocrx_word' id='word_1_283' title='bbox 391 3043 486 3123; x_wconf 90' lang='lat' dir='ltr'>primo</span> <span class='ocrx_word' id='word_1_284' title='bbox 507 3044 659 3104; x_wconf 80' lang='lat' dir='ltr'>schemate</span> <span class='ocrx_word' id='word_1_285' title='bbox 685 3044 861 3126; x_wconf 89' lang='lat' dir='ltr'>epicyclum‚</span> <span class='ocrx_word' id='word_1_286' title='bbox 883 3043 912 3104; x_wconf 92' lang='lat' dir='ltr'>in</span> <span class='ocrx_word' id='word_1_287' title='bbox 936 3043 1066 3104; x_wconf 89' lang='lat' dir='ltr'>secundo</span> <span class='ocrx_word' id='word_1_288' title='bbox 1091 3042 1309 3114; x_wconf 89' lang='lat' dir='ltr'>eccentricum,</span> <span class='ocrx_word' id='word_1_289' title='bbox 1333 3039 1433 3101; x_wconf 92' lang='lat' dir='ltr'>maui-</span> 
     </span>
     <span class='ocr_line' id='line_1_32' title="bbox 119 3130 1435 3212; baseline -0.003 -18"><span class='ocrx_word' id='word_1_290' title='bbox 119 3140 185 3194; x_wconf 88' lang='lat' dir='ltr'>stum</span> <span class='ocrx_word' id='word_1_291' title='bbox 210 3140 278 3206; x_wconf 87' lang='lat' dir='ltr'>est,</span> <span class='ocrx_word' id='word_1_292' title='bbox 315 3134 372 3193; x_wconf 93' lang='lat' dir='ltr'>duo</span> <span class='ocrx_word' id='word_1_293' title='bbox 400 3133 525 3194; x_wconf 89' lang='lat' dir='ltr'>motoris</span> <span class='ocrx_word' id='word_1_294' title='bbox 556 3133 645 3212; x_wconf 83' lang='lat' dir='ltr'>hujus</span> <span class='ocrx_word' id='word_1_295' title='bbox 675 3134 738 3194; x_wconf 82' lang='lat' dir='ltr'>iure</span> <span class='ocrx_word' id='word_1_296' title='bbox 766 3132 883 3207; x_wconf 91' lang='lat' dir='ltr'>munia;</span> <span class='ocrx_word' id='word_1_297' title='bbox 915 3133 1056 3204; x_wconf 90' lang='lat' dir='ltr'>alterurn,</span> <span class='ocrx_word' id='word_1_298' title='bbox 1094 3138 1128 3193; x_wconf 92' lang='lat' dir='ltr'>ut</span> <span class='ocrx_word' id='word_1_299' title='bbox 1152 3131 1297 3193; x_wconf 88' lang='lat' dir='ltr'>facultate</span> <span class='ocrx_word' id='word_1_300' title='bbox 1320 3130 1435 3210; x_wconf 88' lang='lat' dir='ltr'>polleat</span> 
     </span>
     <span class='ocr_line' id='line_1_33' title="bbox 119 3219 1433 3300; baseline -0.003 -16"><span class='ocrx_word' id='word_1_301' title='bbox 119 3221 308 3285; x_wconf 87' lang='lat' dir='ltr'>rusrectandi</span> <span class='ocrx_word' id='word_1_302' title='bbox 338 3221 486 3300; x_wconf 90' lang='lat' dir='ltr'>corporis,</span> <span class='ocrx_word' id='word_1_303' title='bbox 522 3223 665 3297; x_wconf 90' lang='lat' dir='ltr'>alterum,</span> <span class='ocrx_word' id='word_1_304' title='bbox 691 3231 724 3283; x_wconf 92' lang='lat' dir='ltr'>ut</span> <span class='ocrx_word' id='word_1_305' title='bbox 747 3221 876 3283; x_wconf 88' lang='lat' dir='ltr'>scientia</span> <span class='ocrx_word' id='word_1_306' title='bbox 899 3221 1053 3300; x_wconf 91' lang='lat' dir='ltr'>praeditus</span> <span class='ocrx_word' id='word_1_307' title='bbox 1077 3221 1118 3282; x_wconf 91' lang='lat' dir='ltr'>sit</span> <span class='ocrx_word' id='word_1_308' title='bbox 1140 3220 1311 3282; x_wconf 91' lang='lat' dir='ltr'>inveniendi</span> <span class='ocrx_word' id='word_1_309' title='bbox 1335 3219 1433 3281; x_wconf 89' lang='lat' dir='ltr'>circu-</span> 
     </span>
     <span class='ocr_line' id='line_1_34' title="bbox 119 3308 1434 3392; baseline -0.003 -19"><span class='ocrx_word' id='word_1_310' title='bbox 119 3330 169 3373; x_wconf 87' lang='lat' dir='ltr'>rem</span> <span class='ocrx_word' id='word_1_311' title='bbox 192 3312 323 3373; x_wconf 87' lang='lat' dir='ltr'>limitem</span> <span class='ocrx_word' id='word_1_312' title='bbox 346 3330 400 3391; x_wconf 90' lang='lat' dir='ltr'>per</span> <span class='ocrx_word' id='word_1_313' title='bbox 423 3310 505 3372; x_wconf 91' lang='lat' dir='ltr'>illam</span> <span class='ocrx_word' id='word_1_314' title='bbox 528 3331 634 3392; x_wconf 90' lang='lat' dir='ltr'>puram</span> <span class='ocrx_word' id='word_1_315' title='bbox 658 3331 761 3374; x_wconf 87' lang='lat' dir='ltr'>auram</span> <span class='ocrx_word' id='word_1_316' title='bbox 786 3313 959 3373; x_wconf 88' lang='lat' dir='ltr'>aetheream</span> <span class='ocrx_word' id='word_1_317' title='bbox 975 3310 1063 3371; x_wconf 92' lang='lat' dir='ltr'>nullis</span> <span class='ocrx_word' id='word_1_318' title='bbox 1079 3309 1247 3389; x_wconf 90' lang='lat' dir='ltr'>hujusmodi</span> <span class='ocrx_word' id='word_1_319' title='bbox 1263 3308 1434 3388; x_wconf 85' lang='lat' dir='ltr'>regionibus</span> 
     </span>
     <span class='ocr_line' id='line_1_35' title="bbox 119 3396 1434 3481; baseline -0.002 -20"><span class='ocrx_word' id='word_1_320' title='bbox 119 3400 270 3464; x_wconf 73' lang='lat' dir='ltr'>tinctam:</span> <span class='ocrx_word' id='word_1_321' title='bbox 298 3401 376 3481; x_wconf 89' lang='lat' dir='ltr'>quod</span> <span class='ocrx_word' id='word_1_322' title='bbox 400 3401 510 3462; x_wconf 90' lang='lat' dir='ltr'>mentis</span> <span class='ocrx_word' id='word_1_323' title='bbox 533 3419 608 3479; x_wconf 90' lang='lat' dir='ltr'>opus</span> <span class='ocrx_word' id='word_1_324' title='bbox 638 3410 693 3463; x_wconf 90' lang='lat' dir='ltr'>est.</span> <span class='ocrx_word' id='word_1_325' title='bbox 740 3401 824 3463; x_wconf 87' lang='lat' dir='ltr'>Nihil</span> <span class='ocrx_word' id='word_1_326' title='bbox 848 3401 920 3461; x_wconf 92' lang='lat' dir='ltr'>mihi</span> <span class='ocrx_word' id='word_1_327' title='bbox 945 3400 1044 3473; x_wconf 88' lang='lat' dir='ltr'>dicas,</span> <span class='ocrx_word' id='word_1_328' title='bbox 1074 3400 1171 3478; x_wconf 89' lang='lat' dir='ltr'>ipsam</span> <span class='ocrx_word' id='word_1_329' title='bbox 1204 3398 1360 3460; x_wconf 84' lang='lat' dir='ltr'>matricem</span> <span class='ocrx_word' id='word_1_330' title='bbox 1385 3396 1434 3457; x_wconf 84' lang='lat' dir='ltr'>sa-</span> 
     </span>
     <span class='ocr_line' id='line_1_36' title="bbox 119 3487 1435 3570; baseline -0.004 -19"><span class='ocrx_word' id='word_1_331' title='bbox 119 3490 237 3563; x_wconf 89' lang='lat' dir='ltr'>ltatem,</span> <span class='ocrx_word' id='word_1_332' title='bbox 263 3489 410 3570; x_wconf 88' lang='lat' dir='ltr'>simplicis</span> <span class='ocrx_word' id='word_1_333' title='bbox 434 3497 466 3549; x_wconf 88' lang='lat' dir='ltr'>ct</span> <span class='ocrx_word' id='word_1_334' title='bbox 489 3489 595 3551; x_wconf 89' lang='lat' dir='ltr'>brutae</span> <span class='ocrx_word' id='word_1_335' title='bbox 620 3492 736 3551; x_wconf 89' lang='lat' dir='ltr'>animae</span> <span class='ocrx_word' id='word_1_336' title='bbox 762 3490 904 3564; x_wconf 89' lang='lat' dir='ltr'>sobolem,</span> <span class='ocrx_word' id='word_1_337' title='bbox 930 3499 1033 3569; x_wconf 89' lang='lat' dir='ltr'>aptam</span> <span class='ocrx_word' id='word_1_338' title='bbox 1056 3497 1160 3551; x_wconf 89' lang='lat' dir='ltr'>natam</span> <span class='ocrx_word' id='word_1_339' title='bbox 1184 3508 1250 3550; x_wconf 86' lang='lat' dir='ltr'>esse</span> <span class='ocrx_word' id='word_1_340' title='bbox 1275 3487 1314 3547; x_wconf 87' lang='lat' dir='ltr'>ad</span> <span class='ocrx_word' id='word_1_341' title='bbox 1337 3487 1435 3547; x_wconf 90' lang='lat' dir='ltr'>circu-</span> 
     </span>
     <span class='ocr_line' id='line_1_37' title="bbox 119 3576 1434 3659; baseline -0.005 -17"><span class='ocrx_word' id='word_1_342' title='bbox 119 3598 167 3642; x_wconf 74' lang='lat' dir='ltr'>em</span> <span class='ocrx_word' id='word_1_343' title='bbox 193 3579 370 3653; x_wconf 90' lang='lat' dir='ltr'>motionem,</span> <span class='ocrx_word' id='word_1_344' title='bbox 395 3579 484 3658; x_wconf 90' lang='lat' dir='ltr'>plane</span> <span class='ocrx_word' id='word_1_345' title='bbox 509 3580 551 3640; x_wconf 94' lang='lat' dir='ltr'>uti</span> <span class='ocrx_word' id='word_1_346' title='bbox 577 3580 687 3659; x_wconf 91' lang='lat' dir='ltr'>lapidis</span> <span class='ocrx_word' id='word_1_347' title='bbox 711 3587 821 3641; x_wconf 89' lang='lat' dir='ltr'>natura</span> <span class='ocrx_word' id='word_1_348' title='bbox 843 3579 885 3640; x_wconf 90' lang='lat' dir='ltr'>sit</span> <span class='ocrx_word' id='word_1_349' title='bbox 902 3598 956 3658; x_wconf 91' lang='lat' dir='ltr'>per</span> <span class='ocrx_word' id='word_1_350' title='bbox 979 3586 1094 3639; x_wconf 88' lang='lat' dir='ltr'>rectam</span> <span class='ocrx_word' id='word_1_351' title='bbox 1108 3578 1218 3639; x_wconf 89' lang='lat' dir='ltr'>lineam</span> <span class='ocrx_word' id='word_1_352' title='bbox 1237 3576 1434 3645; x_wconf 89' lang='lat' dir='ltr'>descendere;</span> 
     </span>
     <span class='ocr_line' id='line_1_38' title="bbox 119 3667 1434 3751; baseline -0.002 -23"><span class='ocrx_word' id='word_1_353' title='bbox 119 3688 153 3751; x_wconf 77' lang='lat' dir='ltr'>go</span> <span class='ocrx_word' id='word_1_354' title='bbox 179 3670 271 3742; x_wconf 89' lang='lat' dir='ltr'>euim,</span> <span class='ocrx_word' id='word_1_355' title='bbox 298 3669 388 3730; x_wconf 89' lang='lat' dir='ltr'>ullum</span> <span class='ocrx_word' id='word_1_356' title='bbox 414 3677 526 3730; x_wconf 89' lang='lat' dir='ltr'>motum</span> <span class='ocrx_word' id='word_1_357' title='bbox 549 3688 710 3749; x_wconf 90' lang='lat' dir='ltr'>perennem</span> <span class='ocrx_word' id='word_1_358' title='bbox 733 3689 790 3730; x_wconf 87' lang='lat' dir='ltr'>non</span> <span class='ocrx_word' id='word_1_359' title='bbox 815 3679 929 3730; x_wconf 88' lang='lat' dir='ltr'>rectum</span> <span class='ocrx_word' id='word_1_360' title='bbox 953 3691 971 3729; x_wconf 88' lang='lat' dir='ltr'>a</span> <span class='ocrx_word' id='word_1_361' title='bbox 994 3668 1059 3729; x_wconf 88' lang='lat' dir='ltr'>Deo</span> <span class='ocrx_word' id='word_1_362' title='bbox 1084 3667 1235 3729; x_wconf 87' lang='lat' dir='ltr'>conditum</span> <span class='ocrx_word' id='word_1_363' title='bbox 1259 3685 1326 3726; x_wconf 89' lang='lat' dir='ltr'>esse</span> <span class='ocrx_word' id='word_1_364' title='bbox 1341 3685 1434 3746; x_wconf 91' lang='lat' dir='ltr'>prae-</span> 
     </span>
     <span class='ocr_line' id='line_1_39' title="bbox 119 3754 1434 3838; baseline -0.004 -18"><span class='ocrx_word' id='word_1_365' title='bbox 119 3758 150 3821; x_wconf 78' lang='grc' dir='ltr'>ιο</span> <span class='ocrx_word' id='word_1_366' title='bbox 176 3758 304 3820; x_wconf 88' lang='lat' dir='ltr'>mentali</span> <span class='ocrx_word' id='word_1_367' title='bbox 330 3756 515 3820; x_wconf 87' lang='lat' dir='ltr'>destitutum.</span> <span class='ocrx_word' id='word_1_368' title='bbox 562 3757 603 3818; x_wconf 90' lang='lat' dir='ltr'>Et</span> <span class='ocrx_word' id='word_1_369' title='bbox 627 3759 707 3820; x_wconf 85' lang='lat' dir='ltr'>intra</span> <span class='ocrx_word' id='word_1_370' title='bbox 732 3758 848 3838; x_wconf 89' lang='lat' dir='ltr'>quidem</span> <span class='ocrx_word' id='word_1_371' title='bbox 872 3777 980 3837; x_wconf 90' lang='lat' dir='ltr'>corpus</span> <span class='ocrx_word' id='word_1_372' title='bbox 1004 3756 1163 3818; x_wconf 90' lang='lat' dir='ltr'>humanum</span> <span class='ocrx_word' id='word_1_373' title='bbox 1186 3775 1288 3817; x_wconf 88' lang='lat' dir='ltr'>omnes</span> <span class='ocrx_word' id='word_1_374' title='bbox 1308 3754 1434 3816; x_wconf 92' lang='lat' dir='ltr'>musculi</span> 
     </span>
     <span class='ocr_line' id='line_1_40' title="bbox 119 3844 1434 3928; baseline -0.006 -17"><span class='ocrx_word' id='word_1_375' title='bbox 119 3847 233 3928; x_wconf 86' lang='lat' dir='ltr'>ncipiis</span> <span class='ocrx_word' id='word_1_376' title='bbox 262 3856 419 3908; x_wconf 90' lang='lat' dir='ltr'>moventur</span> <span class='ocrx_word' id='word_1_377' title='bbox 447 3844 668 3909; x_wconf 88' lang='lat' dir='ltr'>rectilineorum</span> <span class='ocrx_word' id='word_1_378' title='bbox 701 3855 851 3908; x_wconf 90' lang='lat' dir='ltr'>motuum:</span> <span class='ocrx_word' id='word_1_379' title='bbox 885 3866 990 3926; x_wconf 90' lang='lat' dir='ltr'>nempe</span> <span class='ocrx_word' id='word_1_380' title='bbox 1023 3854 1076 3908; x_wconf 91' lang='lat' dir='ltr'>aut</span> <span class='ocrx_word' id='word_1_381' title='bbox 1111 3846 1141 3906; x_wconf 90' lang='lat' dir='ltr'>iu</span> <span class='ocrx_word' id='word_1_382' title='bbox 1176 3865 1242 3907; x_wconf 88' lang='lat' dir='ltr'>sese</span> <span class='ocrx_word' id='word_1_383' title='bbox 1266 3844 1434 3906; x_wconf 88' lang='lat' dir='ltr'>recedendo</span> 
     </span>
     <span class='ocr_line' id='line_1_41' title="bbox 119 3933 1435 4019; baseline -0.003 -21"><span class='ocrx_word' id='word_1_384' title='bbox 119 3945 209 4019; x_wconf 76' lang='lat' dir='ltr'>gent,</span> <span class='ocrx_word' id='word_1_385' title='bbox 236 3942 291 3996; x_wconf 91' lang='lat' dir='ltr'>aut</span> <span class='ocrx_word' id='word_1_386' title='bbox 314 3936 449 3997; x_wconf 89' lang='lat' dir='ltr'>discessu</span> <span class='ocrx_word' id='word_1_387' title='bbox 473 3935 605 4016; x_wconf 92' lang='lat' dir='ltr'>capitum</span> <span class='ocrx_word' id='word_1_388' title='bbox 629 3944 843 4010; x_wconf 64' lang='lat' dir='ltr'>extenuantem</span> <span class='ocrx_word' id='word_1_389' title='bbox 868 3937 938 4011; x_wconf 92' lang='lat' dir='ltr'>illic,</span> <span class='ocrx_word' id='word_1_390' title='bbox 964 3943 996 3996; x_wconf 91' lang='lat' dir='ltr'>ut</span> <span class='ocrx_word' id='word_1_391' title='bbox 1020 3934 1183 3996; x_wconf 87' lang='lat' dir='ltr'>membrum</span> <span class='ocrx_word' id='word_1_392' title='bbox 1207 3935 1244 3996; x_wconf 90' lang='lat' dir='ltr'>ad</span> <span class='ocrx_word' id='word_1_393' title='bbox 1267 3933 1435 3994; x_wconf 90' lang='lat' dir='ltr'>musculum</span> 
     </span>
     <span class='ocr_line' id='line_1_42' title="bbox 119 4022 1433 4106; baseline -0.005 -17"><span class='ocrx_word' id='word_1_394' title='bbox 119 4026 223 4100; x_wconf 84' lang='lat' dir='ltr'>cedat,</span> <span class='ocrx_word' id='word_1_395' title='bbox 263 4025 326 4099; x_wconf 86' lang='lat' dir='ltr'>hic,</span> <span class='ocrx_word' id='word_1_396' title='bbox 351 4033 385 4086; x_wconf 92' lang='lat' dir='ltr'>ut</span> <span class='ocrx_word' id='word_1_397' title='bbox 408 4026 548 4087; x_wconf 87' lang='lat' dir='ltr'>recedat:</span> <span class='ocrx_word' id='word_1_398' title='bbox 574 4026 652 4106; x_wconf 92' lang='lat' dir='ltr'>quod</span> <span class='ocrx_word' id='word_1_399' title='bbox 676 4027 754 4088; x_wconf 89' lang='lat' dir='ltr'>idem</span> <span class='ocrx_word' id='word_1_400' title='bbox 777 4026 861 4087; x_wconf 89' lang='lat' dir='ltr'>etin</span> <span class='ocrx_word' id='word_1_401' title='bbox 886 4025 1080 4087; x_wconf 88' lang='lat' dir='ltr'>circularibus</span> <span class='ocrx_word' id='word_1_402' title='bbox 1104 4023 1245 4086; x_wconf 88' lang='lat' dir='ltr'>musculis</span> <span class='ocrx_word' id='word_1_403' title='bbox 1268 4041 1322 4083; x_wconf 91' lang='lat' dir='ltr'>suc</span> <span class='ocrx_word' id='word_1_404' title='bbox 1345 4022 1433 4083; x_wconf 92' lang='lat' dir='ltr'>modo</span> 
     </span>
     <span class='ocr_line' id='line_1_43' title="bbox 119 4111 1434 4196; baseline -0.004 -19"><span class='ocrx_word' id='word_1_405' title='bbox 119 4135 189 4178; x_wconf 81' lang='lat' dir='ltr'>:um-</span> <span class='ocrx_word' id='word_1_406' title='bbox 203 4113 310 4190; x_wconf 89' lang='lat' dir='ltr'>habet,</span> <span class='ocrx_word' id='word_1_407' title='bbox 335 4115 384 4194; x_wconf 93' lang='lat' dir='ltr'>qui</span> <span class='ocrx_word' id='word_1_408' title='bbox 409 4114 558 4177; x_wconf 87' lang='lat' dir='ltr'>meatibus</span> <span class='ocrx_word' id='word_1_409' title='bbox 583 4116 723 4177; x_wconf 82' lang='lat' dir='ltr'>custodes</span> <span class='ocrx_word' id='word_1_410' title='bbox 747 4114 888 4196; x_wconf 88' lang='lat' dir='ltr'>appositi,</span> <span class='ocrx_word' id='word_1_411' title='bbox 912 4115 961 4176; x_wconf 93' lang='lat' dir='ltr'>ubi</span> <span class='ocrx_word' id='word_1_412' title='bbox 985 4113 1145 4176; x_wconf 90' lang='lat' dir='ltr'>filamentis</span> <span class='ocrx_word' id='word_1_413' title='bbox 1170 4111 1363 4174; x_wconf 87' lang='lat' dir='ltr'>circularibus</span> <span class='ocrx_word' id='word_1_414' title='bbox 1380 4130 1434 4172; x_wconf 84' lang='lat' dir='ltr'>ex-</span> 
     </span>
     <span class='ocr_line' id='line_1_44' title="bbox 119 4201 1436 4285; baseline -0.005 -17"><span class='ocrx_word' id='word_1_415' title='bbox 119 4206 158 4268; x_wconf 82' lang='lat' dir='ltr'>rsi</span> <span class='ocrx_word' id='word_1_416' title='bbox 183 4203 308 4278; x_wconf 83' lang='lat' dir='ltr'>luerint,</span> <span class='ocrx_word' id='word_1_417' title='bbox 331 4204 438 4266; x_wconf 80' lang='lat' dir='ltr'>laxant</span> <span class='ocrx_word' id='word_1_418' title='bbox 461 4211 603 4278; x_wconf 87' lang='lat' dir='ltr'>meatum,</span> <span class='ocrx_word' id='word_1_419' title='bbox 628 4206 837 4285; x_wconf 89' lang='lat' dir='ltr'>constringunt</span> <span class='ocrx_word' id='word_1_420' title='bbox 859 4223 930 4266; x_wconf 84' lang='lat' dir='ltr'>vero</span> <span class='ocrx_word' id='word_1_421' title='bbox 955 4203 1063 4266; x_wconf 89' lang='lat' dir='ltr'>iisdem</span> <span class='ocrx_word' id='word_1_422' title='bbox 1087 4204 1115 4264; x_wconf 93' lang='lat' dir='ltr'>in</span> <span class='ocrx_word' id='word_1_423' title='bbox 1135 4201 1317 4283; x_wconf 83' lang='lat' dir='ltr'>augustioris</span> <span class='ocrx_word' id='word_1_424' title='bbox 1332 4201 1436 4264; x_wconf 92' lang='lat' dir='ltr'>circuli</span> 
     </span>
     <span class='ocr_line' id='line_1_45' title="bbox 119 4291 1434 4375; baseline -0.004 -18"><span class='ocrx_word' id='word_1_425' title='bbox 119 4315 204 4357; x_wconf 90' lang='lat' dir='ltr'>nram</span> <span class='ocrx_word' id='word_1_426' title='bbox 230 4293 461 4357; x_wconf 89' lang='lat' dir='ltr'>recurrentibus.</span> <span class='ocrx_word' id='word_1_427' title='bbox 507 4294 628 4356; x_wconf 92' lang='lat' dir='ltr'>Nullum</span> <span class='ocrx_word' id='word_1_428' title='bbox 653 4297 728 4356; x_wconf 90' lang='lat' dir='ltr'>adeo</span> <span class='ocrx_word' id='word_1_429' title='bbox 751 4296 913 4356; x_wconf 93' lang='lat' dir='ltr'>membrum</span> <span class='ocrx_word' id='word_1_430' title='bbox 938 4302 994 4368; x_wconf 93' lang='lat' dir='ltr'>est,</span> <span class='ocrx_word' id='word_1_431' title='bbox 1020 4294 1097 4373; x_wconf 91' lang='lat' dir='ltr'>quod</span> <span class='ocrx_word' id='word_1_432' title='bbox 1122 4291 1321 4375; x_wconf 87' lang='lat' dir='ltr'>aequabiliter</span> <span class='ocrx_word' id='word_1_433' title='bbox 1335 4298 1366 4353; x_wconf 92' lang='lat' dir='ltr'>et</span> <span class='ocrx_word' id='word_1_434' title='bbox 1379 4311 1434 4352; x_wconf 84' lang='lat' dir='ltr'>ex-</span> 
     </span>
     <span class='ocr_line' id='line_1_46' title="bbox 119 4380 1435 4465; baseline -0.002 -20"><span class='ocrx_word' id='word_1_435' title='bbox 119 4382 183 4445; x_wconf 86' lang='lat' dir='ltr'>dite</span> <span class='ocrx_word' id='word_1_436' title='bbox 208 4391 341 4464; x_wconf 83' lang='lat' dir='ltr'>gyretur.</span> <span class='ocrx_word' id='word_1_437' title='bbox 389 4384 500 4444; x_wconf 82' lang='lat' dir='ltr'>Flexus</span> <span class='ocrx_word' id='word_1_438' title='bbox 523 4403 594 4445; x_wconf 90' lang='lat' dir='ltr'>vero</span> <span class='ocrx_word' id='word_1_439' title='bbox 619 4385 737 4464; x_wconf 89' lang='lat' dir='ltr'>capitis,</span> <span class='ocrx_word' id='word_1_440' title='bbox 763 4385 881 4465; x_wconf 88' lang='lat' dir='ltr'>pedum,</span> <span class='ocrx_word' id='word_1_441' title='bbox 908 4382 1095 4444; x_wconf 88' lang='lat' dir='ltr'>brachiorum</span> <span class='ocrx_word' id='word_1_442' title='bbox 1118 4391 1149 4443; x_wconf 92' lang='lat' dir='ltr'>et</span> <span class='ocrx_word' id='word_1_443' title='bbox 1174 4382 1293 4462; x_wconf 89' lang='lat' dir='ltr'>linguae</span> <span class='ocrx_word' id='word_1_444' title='bbox 1309 4380 1435 4462; x_wconf 89' lang='lat' dir='ltr'>quibus-</span> 
     </span>
     <span class='ocr_line' id='line_1_47' title="bbox 119 4470 1438 4552; baseline -0.002 -17"><span class='ocrx_word' id='word_1_445' title='bbox 119 4492 152 4535; x_wconf 85' lang='grc' dir='ltr'>ιιι</span> <span class='ocrx_word' id='word_1_446' title='bbox 182 4470 318 4534; x_wconf 89' lang='lat' dir='ltr'>artificiis</span> <span class='ocrx_word' id='word_1_447' title='bbox 346 4473 528 4534; x_wconf 87' lang='lat' dir='ltr'>mechanicis</span> <span class='ocrx_word' id='word_1_448' title='bbox 551 4492 605 4552; x_wconf 92' lang='lat' dir='ltr'>per</span> <span class='ocrx_word' id='word_1_449' title='bbox 628 4475 737 4535; x_wconf 91' lang='lat' dir='ltr'>multos</span> <span class='ocrx_word' id='word_1_450' title='bbox 762 4482 862 4534; x_wconf 89' lang='lat' dir='ltr'>rectos</span> <span class='ocrx_word' id='word_1_451' title='bbox 886 4472 1035 4534; x_wconf 89' lang='lat' dir='ltr'>musculos</span> <span class='ocrx_word' id='word_1_452' title='bbox 1058 4473 1116 4533; x_wconf 93' lang='lat' dir='ltr'>huc</span> <span class='ocrx_word' id='word_1_453' title='bbox 1140 4473 1210 4533; x_wconf 89' lang='lat' dir='ltr'>illuc</span> <span class='ocrx_word' id='word_1_454' title='bbox 1234 4471 1438 4550; x_wconf 87' lang='lat' dir='ltr'>transpositos</span> 
     </span>
     <span class='ocr_line' id='line_1_48' title="bbox 119 4548 1485 4642; baseline -0.001 -20"><span class='ocrx_word' id='word_1_455' title='bbox 119 4561 137 4623; x_wconf 79' lang='lat' dir='ltr'>u</span> <span class='ocrx_word' id='word_1_456' title='bbox 158 4568 297 4622; x_wconf 85' lang='lat' dir='ltr'>attensos</span> <span class='ocrx_word' id='word_1_457' title='bbox 321 4562 457 4642; x_wconf 84' lang='lat' dir='ltr'>expressi</span> <span class='ocrx_word' id='word_1_458' title='bbox 482 4569 561 4625; x_wconf 90' lang='lat' dir='ltr'>sunt.</span> <span class='ocrx_word' id='word_1_459' title='bbox 610 4560 678 4633; x_wconf 81' lang='lat' dir='ltr'>Qua</span> <span class='ocrx_word' id='word_1_460' title='bbox 702 4564 818 4625; x_wconf 87' lang='lat' dir='ltr'>ratione</span> <span class='ocrx_word' id='word_1_461' title='bbox 838 4562 974 4635; x_wconf 84' lang='lat' dir='ltr'>efficitur,</span> <span class='ocrx_word' id='word_1_462' title='bbox 1002 4570 1035 4623; x_wconf 94' lang='lat' dir='ltr'>ut</span> <span class='ocrx_word' id='word_1_463' title='bbox 1050 4561 1180 4623; x_wconf 87' lang='lat' dir='ltr'>facultas</span> <span class='ocrx_word' id='word_1_464' title='bbox 1195 4560 1314 4636; x_wconf 87' lang='lat' dir='ltr'>matrix,</span> <span class='ocrx_word' id='word_1_465' title='bbox 1330 4567 1438 4622; x_wconf 86' lang='lat' dir='ltr'>natura</span> <span class='ocrx_word' id='word_1_466' title='bbox 1471 4548 1485 4583; x_wconf 76' lang='lat'>&#39;¹</span> 
     </span>
     <span class='ocr_line' id='line_1_49' title="bbox 119 4648 1436 4734; baseline 0 -25"><span class='ocrx_word' id='word_1_467' title='bbox 119 4668 150 4710; x_wconf 88' lang='lat' dir='ltr'>ua</span> <span class='ocrx_word' id='word_1_468' title='bbox 176 4650 205 4712; x_wconf 92' lang='lat' dir='ltr'>iu</span> <span class='ocrx_word' id='word_1_469' title='bbox 229 4659 343 4713; x_wconf 89' lang='lat' dir='ltr'>rectum</span> <span class='ocrx_word' id='word_1_470' title='bbox 367 4652 508 4726; x_wconf 91' lang='lat' dir='ltr'>tendens,</span> <span class='ocrx_word' id='word_1_471' title='bbox 542 4652 705 4714; x_wconf 89' lang='lat' dir='ltr'>membrum</span> <span class='ocrx_word' id='word_1_472' title='bbox 731 4653 804 4714; x_wconf 90' lang='lat' dir='ltr'>illud</span> <span class='ocrx_word' id='word_1_473' title='bbox 828 4658 1025 4731; x_wconf 90' lang='lat' dir='ltr'>contorqueat</span> <span class='ocrx_word' id='word_1_474' title='bbox 1049 4651 1078 4713; x_wconf 92' lang='lat' dir='ltr'>in</span> <span class='ocrx_word' id='word_1_475' title='bbox 1104 4668 1218 4734; x_wconf 87' lang='lat' dir='ltr'>gyrum</span> <span class='ocrx_word' id='word_1_476' title='bbox 1265 4648 1317 4712; x_wconf 88' lang='lat' dir='ltr'>Sic</span> <span class='ocrx_word' id='word_1_477' title='bbox 1341 4669 1436 4730; x_wconf 86' lang='lat' dir='ltr'>aquae</span> 
     </span>
     <span class='ocr_line' id='line_1_50' title="bbox 119 4737 1437 4822; baseline 0 -23"><span class='ocrx_word' id='word_1_478' title='bbox 119 4737 332 4803; x_wconf 80' lang='lat' dir='ltr'>achinamentis</span> <span class='ocrx_word' id='word_1_479' title='bbox 366 4741 576 4821; x_wconf 86' lang='lat' dir='ltr'>quibusdam</span> <span class='ocrx_word' id='word_1_480' title='bbox 568 4762 597 4802; x_wconf 87' lang='grc' dir='ltr'>ιιι</span> <span class='ocrx_word' id='word_1_481' title='bbox 623 4742 749 4803; x_wconf 92' lang='lat' dir='ltr'>sublime</span> <span class='ocrx_word' id='word_1_482' title='bbox 773 4749 866 4821; x_wconf 85' lang='lat' dir='ltr'>agunt</span> <span class='ocrx_word' id='word_1_483' title='bbox 868 4762 921 4817; x_wconf 92' lang='lat' dir='ltr'>ur,</span> <span class='ocrx_word' id='word_1_484' title='bbox 959 4760 1017 4802; x_wconf 92' lang='lat' dir='ltr'>uon</span> <span class='ocrx_word' id='word_1_485' title='bbox 1050 4741 1129 4822; x_wconf 94' lang='lat' dir='ltr'>quod</span> <span class='ocrx_word' id='word_1_486' title='bbox 1162 4747 1271 4801; x_wconf 89' lang='lat' dir='ltr'>natura</span> <span class='ocrx_word' id='word_1_487' title='bbox 1294 4738 1437 4819; x_wconf 88' lang='lat' dir='ltr'>corporis,</span> 
     </span>
     <span class='ocr_line' id='line_1_51' title="bbox 119 4822 1438 4921; baseline 0.004 -33.008"><span class='ocrx_word' id='word_1_488' title='bbox 119 4828 172 4907; x_wconf 80' lang='lat' dir='ltr'>pod</span> <span class='ocrx_word' id='word_1_489' title='bbox 199 4836 308 4892; x_wconf 89' lang='lat' dir='ltr'>motum</span> <span class='ocrx_word' id='word_1_490' title='bbox 336 4822 442 4910; x_wconf 83' lang='lat' dir='ltr'>insert,</span> <span class='ocrx_word' id='word_1_491' title='bbox 471 4832 501 4896; x_wconf 91' lang='lat' dir='ltr'>in</span> <span class='ocrx_word' id='word_1_492' title='bbox 525 4830 651 4895; x_wconf 88' lang='lat' dir='ltr'>sublime</span> <span class='ocrx_word' id='word_1_493' title='bbox 676 4832 801 4908; x_wconf 90' lang='lat' dir='ltr'>tendat,</span> <span class='ocrx_word' id='word_1_494' title='bbox 826 4833 879 4894; x_wconf 89' lang='lat' dir='ltr'>sed</span> <span class='ocrx_word' id='word_1_495' title='bbox 905 4830 974 4912; x_wconf 89' lang='lat' dir='ltr'>qnia</span> <span class='ocrx_word' id='word_1_496' title='bbox 997 4830 1249 4921; x_wconf 85' lang='lat' dir='ltr'>dispositione</span> <span class='ocrx_word' id='word_1_497' title='bbox 1218 4829 1367 4894; x_wconf 84' lang='lat' dir='ltr'>canalium</span> <span class='ocrx_word' id='word_1_498' title='bbox 1391 4827 1438 4893; x_wconf 84' lang='lat' dir='ltr'>ef·</span> 
     </span>
    </p>
   </div>
   <div class='ocr_carea' id='block_1_5' title="bbox 171 4908 1251 5001">
    <p class='ocr_par' dir='ltr' id='par_1_8' title="bbox 171 4908 1251 5001">
     <span class='ocr_line' id='line_1_52' title="bbox 171 4908 1251 5001; baseline 0.01 -24"><span class='ocrx_word' id='word_1_499' title='bbox 171 4908 340 5001; x_wconf 52' lang='lat' dir='ltr'>affinibus.</span> <span class='ocrx_word' id='word_1_500' title='bbox 358 4937 395 4979; x_wconf 86' lang='grc' dir='ltr'>ιιι.</span> <span class='ocrx_word' id='word_1_501' title='bbox 1194 4930 1251 4988; x_wconf 80' lang='lat'>12</span> 
     </span>
    </p>
   </div>
   <div class='ocr_carea' id='block_1_6' title="bbox 660 5054 721 5179">
    <p class='ocr_par' dir='ltr' id='par_1_9' title="bbox 660 5054 721 5179">
     <span class='ocr_line' id='line_1_53' title="bbox 660 5054 721 5179; baseline 0 -26"><span class='ocrx_word' id='word_1_502' title='bbox 660 5054 721 5179; x_wconf 70' lang='grc' dir='ltr'>ιι.</span> 
     </span>
    </p>
   </div>
   <div class='ocr_carea' id='block_1_7' title="bbox 0 0 1646 5550">
    <p class='ocr_par' dir='ltr' id='par_1_10' title="bbox 0 0 1646 5550">
     <span class='ocr_line' id='line_1_54' title="bbox 0 0 1646 5550; baseline 0 0"><span class='ocrx_word' id='word_1_503' title='bbox 0 0 1646 5550; x_wconf 95' lang='lat' dir='ltr'> </span> 
     </span>
    </p>
   </div>
  </div>
 </body>
</html>
