3278 5550
148 288 214 377 cro
472 364 474 369 ,
751 302 893 358 mm

149 507 209 568 qua
230 486 423 548 Ptolemaeus
447 490 494 545 est
516 504 597 557 usus,
622 483 857 546 demonstrande
880 483 945 562 ejus
968 481 1017 544 vel
1039 481 1176 561 pericula
1199 481 1252 542 vel
1277 480 1431 562 dispendia
1449 485 1488 547 rel

147 595 286 639 errores:
312 573 520 653 subjungenda
543 592 658 635 summa
681 573 824 646 methodi,
849 591 936 653 quam
960 590 1014 632 uos
1037 589 1208 650 sequemur.

238 664 401 744 Postquam
424 662 616 725 Ptolemaeus
639 662 690 723 lib.
705 662 730 724 1.
755 671 785 724 et
808 662 847 724 11.
872 661 998 740 primurn
1022 667 1143 733 motum,
1170 659 1223 721 lib.
1251 660 1309 723 III.
1334 660 1488 741 motum&

148 755 402 826 demonstrasset,
435 771 559 833 quorum
589 750 721 831 cognitio
751 752 840 832 plane
872 748 1093 828 praemittenda
1121 749 1195 823 fuit,
1222 749 1278 812 lib.
1302 750 1360 826 IV,
1386 751 1424 824 V,
1445 752 1489 815 Vl.

148 843 216 922 jam·
234 843 371 903 Lunares
394 850 493 902 motus
516 839 679 920 subjungit,
705 849 737 902 et
759 840 812 902 lib.
836 840 893 901 IV.
917 838 1044 920 primum
1073 834 1197 933 inquirit
1218 847 1325 901 motus
1353 841 1490 921 aequales,

148 931 371 1010 comparatione
394 929 668 1010 antiquissimarum
691 928 935 993 observationum
957 947 1022 989 cum
1041 927 1115 989 suis.
1153 927 1299 991 Secundo
1324 930 1491 992 anomaliae

148 1020 174 1092 )
200 1019 342 1098 primam,
375 1017 579 1098 suppositione
603 1036 675 1079 usus
707 1017 834 1099 epinycli
861 1017 891 1078 iu
916 1015 1120 1090 comentrico,
1153 1016 1360 1079 demonstrat.
1407 1015 1491 1090 Quen

147 1108 264 1170 adrem
279 1126 353 1187 opus
371 1107 430 1186 ipsi
447 1106 503 1167 fuit
517 1106 690 1185 cognitione
704 1105 874 1187 aequalium
893 1113 1025 1168 motuum
1047 1105 1226 1186 praemissa,
1254 1106 1492 1186 quemadmodum

148 1196 300 1258 anomalia
322 1196 397 1257 haec
416 1195 455 1256 ad
473 1203 647 1276 sequentem
670 1195 933 1274 investigationem
957 1194 1137 1256 vertentium
1162 1194 1391 1258 noviluniorum
1417 1196 1492 1276 plane

147 1285 320 1348 necessaria
342 1292 399 1345 est.
442 1283 573 1345 Rursum
596 1303 653 1344 non
677 1284 819 1347 deliciunt
841 1283 954 1345 lumina
977 1283 1007 1345 iu
1031 1283 1109 1344 omni
1133 1282 1213 1344 coitu
1238 1284 1289 1345 vel
1314 1285 1492 1365 oppositione

147 1381 301 1448 vertente,
333 1373 387 1434 sed
410 1380 532 1434 tuentur
555 1380 668 1435 certum
692 1373 813 1443 orbem,
846 1391 903 1453 quo
936 1372 1115 1433 circumacto
1148 1373 1256 1433 eodem
1289 1374 1492 1454 propemodu

147 1461 251 1525 ordine
283 1461 418 1525 redeunt.
463 1462 538 1541 Ejus
568 1461 648 1523 orbis
678 1461 874 1541 investigatio
908 1461 1013 1522 eadem
1036 1468 1084 1521 est
1106 1480 1174 1522 cnm
1205 1470 1292 1523 motu
1324 1462 1491 1526 latitudiuis.

146 1551 232 1613 Hunc
252 1569 323 1630 ergo
340 1551 392 1612 lat
407 1558 518 1611 motum
533 1550 727 1614 Ptolemaeus
748 1552 796 1613 via
814 1550 931 1612 directa
945 1549 1027 1630 prins
1051 1548 1302 1629 investigaverat,
1331 1571 1373 1614 ea
1391 1570 1492 1633 nempe,

146 1658 235 1720 qnam
259 1649 292 1702 et
314 1639 502 1719 Hipparchus
524 1639 665 1719 praeivit.
712 1639 806 1721 Cujus
830 1638 992 1719 explicatio
1016 1638 1073 1700 etsi
1097 1657 1156 1699 uon
1179 1646 1248 1700 tota
1271 1639 1302 1701 in
1328 1641 1493 1704 Ptolemaeo

146 1738 259 1802 exstat,
284 1748 375 1789 ausus
399 1736 499 1789 tamen
523 1747 589 1790 sum
613 1747 679 1790 eam
703 1749 741 1790 ex
764 1730 810 1804 iis,
835 1747 921 1810 quoe¹
935 1747 991 1809 ego
1015 1739 1170 1789 secuturus
1193 1747 1275 1803 sum,
1305 1730 1494 1808 problemati

146 1817 304 1896 conjicere,
329 1817 408 1896 quod
431 1816 502 1879 talis
527 1816 625 1878 suerit.
663 1818 752 1881 Initio
767 1818 871 1879 Lunae
895 1816 1053 1879 dimetiens
1076 1816 1253 1897 capiebatur
1276 1837 1336 1898 per
1355 1819 1494 1900 dioptron,

147 1913 289 1986 quotnam
312 1917 395 1967 esset
423 1907 639 1984 scrupulorum.
685 1909 751 1970 lloe
777 1906 895 1968 initium
917 1914 948 1967 et
970 1907 1075 1967 Theou
1098 1906 1129 1967 in
1152 1903 1395 1970 Commentariis
1418 1927 1496 1989 super

147 1994 203 2056 hoc
236 2002 328 2074 caput
358 1993 444 2056 uobis
477 2002 637 2056 monstrat.
683 1995 801 2058 Deinde
824 2014 862 2056 cx
890 2003 960 2057 aute
990 1995 1204 2057 demonstratis
1234 1995 1381 2059 horarius
1401 1998 1496 2059 unae

147 2081 351 2162 inquirebatur
374 2084 412 2144 ad
435 2083 621 2163 propositum
651 2092 769 2165 tempus
799 2082 956 2166 eclipseos.
1003 2081 1145 2164 Sequitur
1175 2092 1279 2147 autem
1301 2085 1447 2149 horarius
1465 2104 1497 2147 ex

148 2170 308 2253 hypothesi
332 2170 579 2254 inaequalitatem
604 2173 837 2236 demonstrante.

232 2261 304 2323 Jam
328 2269 415 2322 erant
435 2260 467 2322 iu
490 2269 608 2340 promtu
631 2263 743 2325 multae
772 2261 901 2342 eclipses
924 2261 1059 2322 Lunares
1083 2280 1149 2323 cum
1171 2282 1274 2337 mora,
1300 2264 1495 2344 eligebantur,

146 2367 222 2430 quae
246 2350 415 2412 diutissime
438 2350 632 2412 duraverant.
677 2353 726 2413 Ex
748 2359 882 2431 tempore
906 2368 978 2429 ergo
1002 2348 1184 2426 durationis,
1214 2360 1302 2415 motu
1327 2353 1450 2416 horario
1470 2362 1495 2413 et

147 2436 295 2500 diametro
310 2440 349 2513 h,
374 2440 422 2500 vel
442 2439 534 2501 etiam
549 2439 614 2502 sine
633 2441 738 2502 horum
754 2441 910 2511 alterutro,
934 2439 1151 2518 colligebantur
1165 2442 1387 2522 proportiones
1409 2442 1495 2514 dime-

146 2525 284 2590 tientlum
307 2528 412 2589 Lunae
436 2535 467 2590 et
489 2528 620 2590 umbrae.
667 2531 715 2591 Ac
748 2529 871 2610 cognita
891 2527 996 2590 Lunae
1028 2528 1203 2592 dimetiente
1235 2531 1268 2593 in
1295 2532 1493 2613 gradibuset

145 2616 312 2696 scrupulis,
329 2616 569 2697 cognoscebatur
592 2626 623 2679 et
646 2618 803 2680 dimetiens
826 2616 949 2679 umbrae
972 2617 1002 2679 iu
1025 2619 1131 2680 eadem
1154 2638 1307 2683 mensura.

232 2706 283 2768 Ad
306 2706 382 2767 haec
405 2705 444 2767 ab
466 2706 640 2786 Hipparcho
664 2708 874 2768 demonstrata
887 2705 1078 2769 Ptolemaeus
1102 2707 1241 2786 adjunxit
1263 2710 1423 2790 angulum,
1445 2727 1491 2791 quo

146 2794 249 2855 Lunae
273 2793 356 2856 orbis
377 2795 416 2856 ad
440 2794 612 2874 eclipticam
639 2796 815 2869 inclinatur,
840 2795 876 2856 de
901 2815 958 2876 quo
982 2815 1052 2857 mox
1079 2797 1222 2883 dicemus.
1271 2800 1362 2862 Haec
1387 2799 1415 2862 si
1436 2798 1490 2880 quir

146 2882 185 2944 sd
206 2882 330 2945 duarum
355 2883 510 2963 eclipsium
533 2885 707 2963 partialium
730 2884 1001 2947 considerationem
1025 2885 1144 2960 afferet,
1170 2886 1328 2964 inveniet,
1361 2898 1490 2970 quantun

146 2974 271 3053 dtrsqne
293 2994 313 3032 a
335 2972 435 3034 vicina
457 2973 673 3035 intersectione
697 2973 812 3035 orbium
841 2972 1002 3047 distiterit,
1036 2994 1071 3036 ac
1093 2976 1217 3054 proinde
1242 2987 1381 3058 quantus
1404 2984 1489 3039 motus

146 3058 317 3123 latitudinis
340 3061 466 3141 tempori
489 3062 569 3123 inter
592 3064 722 3145 eclipses
746 3061 906 3140 interjecto
930 3063 1084 3126 debeatur.

976 3151 1025 3214 Sit
1047 3155 1077 3215 A
1109 3162 1244 3216 centrum
1277 3154 1405 3218 umbrae
1434 3151 1488 3227 Bc,

890 3239 947 3305 ΔΙ)
970 3242 1120 3320 ecliptica,
1144 3261 1232 3323 quam
1252 3252 1342 3307 secet
1363 3245 1392 3306 iu
1406 3244 1435 3307 D
1448 3242 1489 3304 vir

887 3331 990 3394 Lunae
1020 3331 1076 3393 DE
1107 3332 1162 3394 sub
1195 3341 1279 3395 certo
1313 3343 1349 3396 et
1379 3333 1487 3413 cognito

887 3419 997 3498 angulo
1024 3418 1120 3484 EDA.
1167 3422 1209 3483 Et
1241 3442 1280 3484 ex
1302 3422 1337 3485 A
1368 3440 1484 3505 perpen-

887 3508 1030 3570 dicularis
1052 3509 1082 3571 lu
1105 3509 1161 3573 DE
1185 3512 1331 3587 ducatur,
1358 3531 1434 3595 quae
1453 3511 1487 3572 sit

886 3597 953 3659 ΑΕ.
1006 3597 1139 3681 Cumque
1172 3600 1303 3662 omnium
1338 3623 1378 3664 ex
1408 3603 1437 3663 A
1463 3600 1486 3660 iu

886 3684 942 3748 DE
964 3685 1143 3750 brevissima
1161 3690 1203 3751 sit
1215 3689 1284 3764 ΔΕ,
1309 3685 1486 3772 punctumll

887 3775 978 3837 situm
1001 3778 1142 3839 ostendet
1163 3776 1267 3840 Lunae
1290 3779 1324 3841 iu
1349 3780 1486 3843 obscura·

886 3863 966 3925 tione
990 3865 1128 3940 maxima,
1154 3875 1302 3947 quaeest
1327 3871 1410 3932 circa
1431 3885 1485 3929 me·

886 3952 966 4015 diam
988 3955 1185 4017 durationem.
1215 3954 1376 4020 Scribatur
1393 3965 1485 4021 centro

885 4041 930 4116 Ε,
968 4042 1115 4107 distantia
1150 4045 1221 4120 EF,
1265 4066 1344 4127 quae
1383 4055 1486 4110 certam

885 4131 996 4193 habeat
1025 4134 1254 4213 proportionem
1276 4136 1318 4196 ad
1352 4137 1410 4199 AB
1441 4138 1486 4209 (ex

885 4220 1049 4300 Hipparchi
1074 4223 1232 4284 traditione
1263 4219 1294 4307 Ἰ,
1327 4226 1409 4306 ejus)
1433 4225 1486 4286 cir·

143 4299 227 4364 culus
250 4301 356 4364 Lunae
376 4299 443 4379 PG,
468 4323 575 4367 secans
601 4305 742 4370 circulum
767 4308 899 4382 umbrae,
924 4320 959 4370 ut
982 4311 1103 4391 eclipsis
1127 4313 1179 4373 fiat
1201 4312 1354 4392 partialis,
1378 4306 1485 4395 produ·

142 4395 227 4453 cetur
248 4390 306 4452 ΑΕ
329 4391 358 4452 in
384 4389 423 4465 G,
448 4411 556 4454 secans
580 4394 721 4457 circulum
746 4398 867 4459 umbrae
891 4397 920 4458 iu
944 4398 970 4459 Β
978 4418 988 4473 ;
1013 4408 1044 4461 et
1067 4400 1108 4462 sit.
1131 4401 1268 4480 cognitus
1292 4403 1432 4466 delectus
1455 4418 1486 4463 ex

141 4477 353 4540 observatione
384 4481 414 4541 in
446 4482 566 4561 digitis,
603 4483 630 4546 h.
657 4505 682 4546 e.
708 4486 889 4549 duodecimis
920 4489 1074 4567 partibus,
1091 4489 1229 4552 diametri
1254 4492 1381 4569 Lunae,
1413 4502 1446 4555 ut
1465 4490 1486 4551 si

140 4564 201 4631 BG
231 4586 302 4648 pars
335 4569 456 4631 residua
485 4571 522 4632 de
556 4571 703 4635 diametro
726 4575 831 4636 Lunae
861 4576 902 4638 sit
925 4572 945 4636 2
969 4572 1139 4657 digitorum.
1172 4570 1263 4642 'Cum
1295 4596 1372 4662 ergo
1407 4583 1487 4643 detur

141 4656 296 4736 proportio
318 4654 377 4718 EG
401 4659 439 4719 ad
464 4657 520 4720 GH
544 4668 576 4721 et
599 4662 750 4724 residuam
773 4664 842 4739 BE,
871 4668 1023 4744 proportio
1047 4667 1119 4730 item
1140 4664 1199 4730 EG
1222 4669 1262 4730 ad
1278 4670 1338 4732 ΑΒ
1363 4671 1485 4739 dabitur,

456 3218 510 3285 Flg.
533 3218 573 3269 15.
608 3250 615 3265 .

141 4743 349 4826 etproportio
372 4746 426 4808 ΒΕ
450 4748 490 4808 ad
513 4748 570 4809 AB
603 4757 634 4810 et
656 4751 807 4814 residuam
834 4753 909 4828 ΕΑ,
939 4775 1015 4834 quae
1039 4765 1088 4819 est
1109 4757 1205 4819 centri
1227 4759 1254 4833 h
1280 4758 1431 4823 distantia
1452 4758 1485 4819 ab

142 4833 290 4914 ecliptica
329 4831 392 4897 Sed
415 4838 569 4917 proportio
585 4836 646 4900 EG
667 4839 707 4902 ad
725 4835 808 4904 ³60⁰
829 4842 919 4906 datur
937 4842 1201 4911 ex‘obserratione
1220 4834 1378 4928 dioptrae,
1400 4850 1485 4931 quart
