3278 5550
541 291 604 345 Pars
620 291 713 343 Tertia.
751 288 833 357 Caput
850 289 965 343 xxxm.
1366 286 1431 359 303
1472 248 1497 274 Ἰ

108 470 302 547 ometricum,
328 471 383 534 sed
405 471 499 533 veluti
523 470 695 552 superficies
719 471 876 552 quaedam,
900 471 989 550 plane
1013 477 1046 532 ut
1068 471 1135 532 lux:
1167 477 1202 532 ut
1223 471 1281 533 hoc
1303 470 1428 532 univer-

109 562 131 623 le
156 561 210 636 sit,
236 562 356 643 species
379 581 477 623 rerum
497 560 697 623 immateriate
713 561 957 622 descendentium
971 563 1119 622 descensu
1145 560 1209 639 ipso
1224 581 1282 622 non
1307 560 1428 622 extendi

109 671 121 715 r
143 650 285 732 corporis
299 650 513 725 dimensiones,
537 649 673 732 quamvis
690 671 708 710 a
723 669 847 731 corpore
867 652 916 722 (ut
933 651 1007 712 haec
1031 672 1049 711 a
1074 669 1197 729 corpore
1212 649 1310 721 Solis)
1326 651 1429 725 orian-

109 760 131 803 τε
167 741 229 803 hoc
252 759 328 802 sane
353 740 478 820 exlege
502 741 569 820 ipsa
592 740 745 814 defluxus,
770 759 803 800 se
831 739 897 820 ipso
920 759 980 800 non
1002 739 1171 815 terminati,
1196 740 1251 800 sed
1271 747 1373 800 tamen
1397 745 1432 800 ut

109 830 248 911 perficies
270 847 371 891 rerum
394 829 641 891 illustrandamm
664 829 802 903 efficiunt,
826 838 860 891 ut
882 830 934 890 lux
955 829 1161 891 consideretur
1181 828 1266 909 quasi
1282 828 1430 909 quaedam

109 918 264 1000 perficies,
296 918 368 999 quia
397 918 547 998 recipiunt
573 926 605 979 et
633 918 797 980 terminant
819 919 884 997 ejus
908 918 1076 980 defluxum:
1109 918 1152 979 ita
1175 937 1303 997 corpora
1331 936 1431 978 rerum

109 1008 289 1069 tuendarum
307 1009 422 1069 efficere
446 1007 594 1082 videntur,
619 1015 653 1069 ut
675 1007 771 1068 virtus
785 1008 860 1069 haec
878 1009 988 1069 motrix
1005 1006 1211 1070 consideretur
1226 1006 1312 1086 quasi
1333 1006 1430 1086 quod-

109 1117 138 1161 ιιι
162 1116 276 1178 corpus
300 1097 528 1177 geometricum,
552 1097 622 1177 quia
645 1097 832 1176 corpulentia
855 1104 920 1158 tota
944 1118 998 1158 sua
1021 1097 1184 1158 terminant
1208 1115 1260 1156 seu
1283 1095 1431 1175 recipiunt

109 1204 147 1249 nc
175 1186 290 1266 speciei
320 1187 456 1248 motricis
480 1186 648 1247 defluxum:
684 1186 793 1247 utilia
822 1188 959 1266 nuspiam
987 1186 1017 1248 in
1049 1193 1114 1247 toto
1142 1185 1251 1247 mundo
1280 1204 1347 1246 esse
1378 1191 1431 1247 aut

109 1275 240 1338 bsistere
264 1277 373 1356 possit,
397 1275 456 1337 nisi
470 1277 501 1336 iu
523 1276 599 1356 ipsis
616 1275 789 1354 corporibus
813 1274 985 1337 mobilium:
1011 1294 1065 1336 nec
1090 1275 1140 1349 sit,
1166 1275 1218 1336 sed
1235 1274 1321 1355 quasi
1341 1274 1432 1336 fuerit

123 1363 309 1426 intermedio
333 1365 411 1425 inter
434 1364 546 1426 fontem
571 1373 601 1426 et
624 1363 745 1438 mobile,
768 1364 856 1443 plane
881 1372 913 1426 ut
936 1365 996 1426 lux.

159 1454 266 1534 Atque
289 1453 339 1514 hic
363 1454 451 1515 simul
475 1453 638 1533 objectioni
661 1453 751 1514 alicui
775 1453 949 1533 responderi
971 1460 1082 1534 potest.
1129 1453 1251 1515 Dictum
1276 1451 1354 1512 enim
1383 1458 1431 1513 est

127 1542 351 1622 superioribus,
385 1543 527 1605 uirtutem
550 1544 627 1603 banc
651 1542 806 1604 motricem
835 1552 992 1605 extensam
1023 1562 1091 1604 esse
1121 1541 1228 1621 spatiis
1251 1542 1369 1615 mundi,
1401 1549 1431 1601 et

110 1630 186 1693 icnbi
210 1630 409 1711 sparsiorem,
442 1632 552 1693 alicubi
576 1631 795 1706 collectionem,
829 1651 904 1712 quas
928 1632 1102 1694 affectiones
1127 1631 1214 1691 simul
1248 1630 1376 1691 intensio
1401 1640 1432 1692 et

110 1721 214 1785 missio
238 1727 339 1781 motus
363 1721 551 1800 planetarum
575 1729 726 1801 sequatur.
766 1723 836 1783 Jam
859 1741 931 1783 vero
955 1722 1077 1794 dictum,
1102 1721 1242 1782 virtutem
1265 1719 1343 1780 banc
1363 1739 1431 1780 esse

110 1810 209 1871 taciem
235 1809 468 1872 immateriatam
491 1811 537 1872 sui
561 1810 664 1884 fontis,
687 1829 742 1871 nec
766 1811 858 1891 recipi
882 1811 999 1892 uspiam
1023 1810 1081 1873 nisi
1107 1809 1135 1871 in
1160 1809 1295 1888 subjecto
1316 1809 1429 1883 mobili,

110 1898 161 1961 tiu
178 1917 307 1978 corpore
325 1899 477 1980 planetae,
515 1899 667 1962 Videntur
682 1908 782 1960 autem
795 1901 971 1979 pugnantia,
995 1901 1123 1962 materia
1149 1917 1251 1959 carere
1275 1907 1306 1960 et
1329 1907 1430 1960 tamen

110 1987 311 2051 mansionibus
344 1989 535 2067 geometricis
566 1989 738 2068 subjacere,
774 1990 899 2051 diffundi
928 2008 982 2070 per
1012 1978 1112 2051 mundi
1144 1987 1371 2067 amplitudinem
1399 1995 1432 2048 et

110 2090 177 2145 nau
199 2077 342 2156 nuspiam
365 2096 432 2139 esse
456 2077 515 2139 nisi
538 2079 588 2139 ubi
613 2087 661 2141 est
683 2079 801 2140 mobile.
847 2080 1061 2159 Respondetur
1084 2086 1184 2139 autem
1209 2077 1266 2137 sic:
1292 2075 1430 2157 quamvis

110 2158 172 2251 bus
194 2167 309 2226 metria
338 2186 396 2227 non
425 2170 467 2230 sit
489 2168 645 2228 materiale
669 2168 837 2248 quippiam,
871 2170 941 2249 quia
971 2178 1070 2230 tamen
1100 2167 1258 2239 materiae,
1292 2167 1349 2227 hoc
1382 2172 1430 2227 est

110 2253 190 2335 :pori
214 2255 361 2334 planetae
375 2256 521 2330 vehendo,
547 2257 725 2331 destinatur,
749 2277 808 2318 non
827 2258 952 2319 liberam
970 2278 1037 2319 esse
1052 2278 1070 2318 a
1087 2257 1203 2336 legibus
1228 2254 1429 2333 geometricis,

111 2340 184 2411 hu
209 2343 248 2404 ob
272 2343 351 2405 hanc
374 2346 561 2407 materialem
584 2347 733 2407 actionem
757 2349 999 2410 transvectionis.
1047 2349 1111 2409 Nec
1136 2365 1211 2426 opus
1240 2351 1289 2404 est
1315 2344 1427 2405 multis.

111 2428 222 2497 flamus
254 2432 335 2494 onim
363 2443 463 2496 motus
493 2435 570 2496 istos
599 2437 700 2515 perfici
725 2436 755 2497 in
778 2437 845 2498 loco
869 2445 899 2498 et
929 2445 1080 2516 tempore,
1113 2446 1144 2496 et
1173 2452 1311 2494 emanare
1340 2440 1429 2512 atquo

111 2508 196 2583 bui
222 2521 368 2584 virtutem
390 2525 467 2586 hanc
491 2545 510 2585 a
533 2525 616 2584 fonte
638 2544 692 2605 per
716 2524 817 2605 spatia
838 2527 955 2601 mundi;
979 2544 1055 2608 quae
1079 2533 1149 2586 sunt
1168 2522 1266 2583 ornuia
1289 2541 1338 2582 res
1352 2540 1428 2600 geo-

111 2606 228 2761 ἔπιε.
288 2610 367 2682 Quin
400 2613 492 2692 igitur
524 2621 556 2673 et
587 2616 697 2676 ceteris
729 2615 920 2694 geometricis
959 2614 1193 2677 necessitatibus
1227 2610 1357 2671 obnoxia
1388 2610 1430 2672 sit

173 2700 279 2762 virtus.

111 2784 142 2841 ἓν
164 2789 208 2851 Ac
233 2806 272 2849 ue
295 2788 417 2852 nimium
441 2790 607 2852 insolenter
629 2790 836 2872 philosophari
860 2791 978 2868 videar,
1008 2809 1172 2872 proponam
1196 2787 1301 2851 lectori
1325 2805 1428 2848 exem-

111 2870 163 2959 ῂ
180 2877 258 2940 lucis
282 2879 372 2957 plane
396 2880 566 2960 genuinum,
591 2901 657 2942 cum
680 2881 710 2942 in
730 2881 813 2944 Solis
833 2900 957 2961 corpore
981 2890 1013 2943 et
1035 2882 1103 2962 ipsa
1125 2880 1276 2943 nidulatur
1299 2875 1426 2958 indeque

111 2966 176 3027 hes
198 2966 268 3028 huic
293 2967 397 3030 virtuti
420 2969 538 3031 metrici
563 2971 593 3031 in
616 2978 713 3031 totum
735 2970 875 3033 muudum
900 2972 1015 3033 emicet.
1064 2969 1141 3042 Quis
1171 2986 1284 3050 quaeso
1307 2966 1428 3041 dixerit,

111 3068 174 3116 m
196 3075 265 3117 esse
290 3057 446 3119 materiale
466 3058 637 3140 quippiam?
660 3059 719 3120 Illa
742 3067 843 3121 tamen
863 3061 1055 3139 operationes
1080 3079 1150 3122 suas
1166 3063 1288 3120 exercet
1309 3055 1427 3117 ratione

111 3143 152 3217 ui,
180 3153 213 3205 et
235 3152 369 3207 mutuum
391 3146 522 3227 patitur,
555 3148 754 3228 repercutitur
778 3159 809 3210 et
838 3149 1011 3230 refringitur
1040 3157 1070 3211 et
1097 3149 1283 3229 quantitates
1311 3145 1427 3220 induit;

112 3228 154 3303 lto
174 3241 207 3295 ut
231 3233 326 3296 densa
349 3237 397 3297 vel
427 3256 602 3312 ramesse,
637 3247 667 3299 et
695 3257 749 3317 pro
779 3239 934 3318 superficie
962 3239 1066 3300 haberi
1096 3237 1207 3318 possit,
1242 3235 1282 3297 ibi
1312 3235 1362 3295 ubi
1390 3235 1428 3295 ab

112 3316 248 3384 humili
273 3323 374 3404 aliquo
398 3325 548 3406 recipitur.
595 3327 673 3389 Nam
697 3328 782 3388 utin
807 3328 926 3407 Opticis
951 3329 1078 3401 dictum,
1103 3328 1153 3388 lux
1177 3343 1309 3406 quoque,
1334 3342 1428 3404 aeque

112 3414 166 3492 ique
188 3412 264 3473 haec
289 3413 385 3475 virtus
409 3415 535 3488 motrir,
570 3417 598 3477 in
622 3417 721 3496 spatio
747 3417 822 3478 inter
846 3418 959 3478 sontem
983 3427 1014 3478 et
1037 3416 1217 3479 illustrabile
1241 3413 1428 3486 intermedio,

112 3514 141 3560 Ι
159 3511 227 3575 est,
251 3502 311 3563 etsi
335 3503 391 3563 hoc
414 3505 545 3578 transiit,
571 3505 623 3566 sed
647 3506 687 3566 ibi
711 3507 796 3586 quasi
821 3506 898 3567 luit.
943 3508 989 3567 Ac
1013 3507 1071 3568 etsi
1096 3507 1147 3567 lux
1170 3504 1237 3584 ipsa
1259 3504 1325 3564 sine
1347 3509 1427 3563 tem-

112 3604 152 3649 trc
172 3590 293 3670 quidem
318 3593 434 3666 effluat,
467 3594 563 3655 virtus
587 3614 657 3655 vero
682 3595 757 3656 haec
780 3605 900 3656 moveat
928 3595 1133 3676 intempore:
1167 3602 1268 3654 tamen
1297 3591 1323 3651 si
1346 3599 1428 3652 recte
1526 3667 1529 3674 Ι

112 3679 241 3757 upendas,
267 3680 422 3762 utriusque
437 3683 516 3744 ratio
531 3691 579 3745 est
600 3685 688 3763 plane
705 3685 818 3745 eadem.
857 3686 933 3759 Lux,
958 3704 1032 3765 quae
1048 3705 1103 3745 sua
1119 3690 1198 3757 suut,
1224 3682 1252 3742 in
1276 3687 1428 3742 momento

112 3776 228 3844 uestat3
262 3788 321 3849 qua
351 3772 479 3832 materia
509 3773 676 3846 concurrit,
710 3773 776 3853 ipsa
805 3793 919 3855 quoque
953 3785 1086 3854 tempore
1118 3772 1244 3853 proficit.
1290 3769 1429 3831 illustrat

112 3857 250 3935 perficies
276 3858 307 3918 in
329 3867 497 3935 momento,
528 3862 597 3941 quia
620 3862 694 3923 nihil
717 3863 766 3923 hic
789 3865 945 3924 materiam
968 3865 1032 3943 pati
1056 3866 1130 3943 opus
1154 3870 1216 3934 est,
1248 3878 1314 3920 cum
1338 3858 1427 3920 illus-

112 3945 170 4006 uto
192 3946 290 4011 omnis
318 3948 435 4010 ratione
459 3950 679 4029 superficierum
708 3952 880 4031 perficiatur
908 3952 958 4012 vel
981 3953 1067 4034 quasi
1096 3949 1335 4030 superficierum,
1369 3967 1428 4008 non

112 4031 192 4096 abone
223 4036 428 4115 corpulentiae
457 4049 604 4119 quatenus
632 4040 826 4121 corpulentia.
875 4041 989 4104 Contra
1021 4042 1072 4102 lux
1102 4039 1226 4100 dealbat
1248 4036 1365 4099 colores
1398 4036 1428 4098 in

112 4122 229 4204 flpore3
264 4124 334 4205 quia
366 4126 414 4188 hic
445 4127 475 4188 in
507 4131 663 4191 materiam
691 4130 756 4209 agit
787 4138 933 4210 quatenus
963 4130 1108 4203 materia,
1142 4147 1265 4208 eamque
1295 4125 1428 4199 calfacit,

113 4213 234 4290 mellens
265 4216 448 4277 contrarium
480 4217 575 4298 frigus
607 4219 638 4279 in
666 4219 799 4300 corporis
823 4220 949 4281 materia
972 4221 1076 4291 fixum,
1108 4238 1167 4279 non
1200 4218 1229 4278 in
1262 4215 1427 4295 superficie.

113 4294 240 4382 laplane
265 4302 392 4365 ethaeo
416 4305 512 4368 virtus
543 4326 665 4369 movens
694 4316 838 4388 perpetuo
863 4316 894 4370 et
916 4309 980 4370 sine
1004 4308 1148 4388 temporis
1175 4304 1335 4367 intervallo
1365 4304 1428 4365 illic

113 4390 216 4454 uSole
241 4391 343 4466 adest,
367 4393 416 4455 ubi
440 4402 489 4456 est
511 4396 648 4459 idoneum
671 4398 794 4470 mobile,
819 4398 887 4478 quia
911 4397 982 4459 nihil
1009 4399 1119 4476 accipit
1141 4416 1160 4457 a
1182 4394 1287 4457 mobili
1309 4394 1349 4455 ad
1371 4394 1428 4455 hoc
1528 4426 1533 4433 ·

113 4480 226 4553 ladsit
273 4483 379 4544 Movet
401 4491 501 4546 autem
523 4485 555 4546 iu
577 4494 727 4566 tempore,
761 4487 830 4566 quia
852 4487 962 4547 mobile
993 4487 1262 4548 materiatum'est.
1310 4484 1369 4546 Vel
1403 4485 1428 4545 si

113 4563 216 4645 detur,
247 4572 500 4652 comparationem
522 4575 554 4636 in
577 4576 654 4637 hunc
677 4576 795 4637 modum
819 4576 960 4637 institue:
995 4577 1074 4657 quod
1098 4576 1177 4637 sicut
1207 4592 1239 4635 se
1262 4572 1355 4635 habet
1378 4574 1428 4634 lux

113 4656 136 4720 l·
150 4659 398 4736 illustrationem,
429 4662 472 4723 sic
495 4671 610 4725 certum
639 4672 686 4726 est
715 4684 782 4727 sese
814 4665 924 4726 habere
955 4665 1094 4728 virtutem
1126 4664 1164 4725 ad
1191 4669 1314 4725 motum.
1359 4663 1427 4725 Lux

113 4749 180 4813 nnis
201 4749 297 4824 facit,
330 4770 405 4833 quae
433 4752 496 4814 fieri
526 4760 654 4833 possunt
683 4754 722 4816 ad
750 4773 894 4816 summam
922 4754 1171 4830 illustrationem,
1204 4771 1299 4832 neque
1327 4761 1426 4813 tamen

113 4832 205 4916 >linet
229 4846 265 4903 ut
278 4840 361 4903 color
384 4859 496 4904 summe
520 4841 702 4906 illustretur:
727 4862 795 4905 nam
819 4843 902 4906 color
925 4844 1075 4909 diversam
1099 4864 1182 4906 suam
1206 4842 1338 4922 speciem
1361 4859 1426 4902 curu
