3278 5550
133 270 216 349 800
624 268 1018 331 bumannum

145 459 256 521 bantur
278 455 336 518 duo
360 454 463 517 cuculi
493 455 638 535 aequales
660 456 706 518 Ill
729 463 761 517 et
782 452 848 525 DC,
873 463 904 517 et
926 463 1144 519 connectantur
1174 462 1279 519 centra
1300 458 1342 533 A,

147 549 330 626 duceturque
352 544 419 619 AB,
441 545 539 605 donec
563 552 647 605 secet
670 544 811 607 circulum
835 564 872 606 ex
895 546 924 606 A
949 546 978 606 in
1002 548 1026 620 I,
1051 546 1095 619 Κ,
1121 545 1266 608 circulum
1288 565 1328 608 ex
1348 548 1353 610 ζ

145 638 184 700 L.
194 634 228 710 *)
273 634 357 696 Tunc
385 633 514 696 cuculus
537 652 575 694 ex
596 634 627 695 A
650 634 803 695 dividatur
826 634 857 696 in
880 645 982 714 partes
1015 635 1159 716 aequales
1190 644 1353 717 quotcunqr

145 727 178 788 in
200 721 277 794 360,
308 721 394 785 initio
426 724 507 784 iacto
537 722 576 784 ab
599 722 623 783 1.
669 721 711 783 Et
734 742 772 784 ex
796 724 903 802 Aper
934 732 1045 804 puncta
1078 725 1273 800 divisionum,
1303 726 1328 800 Ι,

145 814 261 894 reliqua
282 821 387 873 rectae
411 812 557 874 ducantur
578 812 636 886 AI,
658 812 728 886 All,
752 812 813 873 ΑΚ
836 820 867 873 et
889 813 1038 893 reliquae,
1068 822 1207 875 secantes
1232 813 1353 877 circnlm

144 905 176 966 in
199 903 238 977 D,
262 900 299 975 0,
321 901 349 963 L
371 901 500 981 punctis.
538 901 622 962 Tunc
644 901 698 962 fiat
721 908 755 962 nt
777 900 823 963 AI
847 901 886 962 ad
909 902 979 976 AD,
1005 903 1048 964 sic
1070 903 1131 964 AD
1153 904 1192 964 ad
1214 901 1294 979 AG;
1319 903 1353 965 sir

144 992 185 1054 sd
206 989 274 1066 Aa,
299 990 343 1052 sin
364 988 423 1054 AC
447 991 485 1051 ad
507 990 583 1065 AF3
613 990 740 1070 deniqne
770 998 803 1051 ut
825 989 886 1052 ΑΚ
909 991 947 1051 ad
973 992 1044 1066 AL,
1068 992 1113 1053 sic
1134 993 1193 1054 AL
1217 992 1257 1053 ad
1278 993 1347 1055 AM

145 1082 182 1143 ds
206 1079 342 1143 omnibus
366 1079 498 1159 reliquis.
537 1079 751 1153 Demonstret,
776 1080 913 1161 inquam,
938 1090 1107 1158 geometra,
1131 1081 1255 1143 ultimas
1279 1077 1348 1144 360

143 1178 217 1250 puts
240 1168 313 1244 AG,
336 1169 402 1242 AF,
425 1168 491 1230 AM
514 1168 657 1249 aequales
685 1187 754 1229 esse
784 1169 888 1248 primis
912 1166 977 1231 360
996 1171 1129 1248 junctis,
1153 1178 1227 1250 puta
1248 1171 1306 1245 ΑΙ,
1330 1172 1353 1233 A

232 1259 339 1339 Itaque
362 1255 460 1337 primo
483 1258 571 1319 modo
594 1276 648 1338 per
670 1276 803 1319 summas
832 1258 1044 1320 distantiarum
1078 1259 1162 1321 aliud
1190 1260 1353 1321 instituens

144 1367 268 1413 errones
299 1354 330 1408 et
352 1346 598 1426 impertinenter,
631 1346 774 1425 colligere
803 1367 846 1409 so.
881 1366 969 1408 arcus
994 1347 1049 1409 CD
1072 1349 1121 1408 vel
1149 1349 1278 1429 angulos
1304 1348 1353 1412 Cli

142 1446 245 1500 minen
268 1435 290 1498 ii
313 1435 455 1497 darentur
478 1435 590 1509 initio),
615 1434 697 1496 alind
720 1435 874 1514 praestiti,
898 1456 1015 1499 mrsum
1039 1457 1152 1500 errans.
1199 1438 1281 1500 Nam
1306 1438 1354 1500 col

143 1546 242 1601 meus,
266 1545 325 1588 uon
348 1525 485 1603 angulos,
509 1544 569 1586 non
591 1524 712 1598 itinera,
737 1525 791 1586 sed
815 1545 913 1587 moras
938 1526 967 1586 in
991 1526 1121 1587 arcubus
1144 1526 1353 1607 inaequalibus

144 1617 293 1697 planetae,
319 1613 405 1693 quasi
428 1621 532 1675 esseut
555 1614 714 1693 aequales3
739 1622 770 1675 et
792 1614 822 1675 in
844 1616 949 1693 regula
971 1615 1196 1695 proportionum
1221 1616 1305 1678 dixi:
1331 1636 1353 1677 u

144 1704 310 1767 mediarum
332 1702 402 1770 AD.
425 1702 493 1777 ΑΕ,
516 1702 584 1778 AL,
609 1701 727 1765 scilicet
751 1699 926 1767 35924252
949 1705 988 1765 sd
1017 1724 1131 1766 moram
1155 1702 1247 1778 3600,
1270 1706 1317 1766 ita
1345 1726 1353 1767 ι

145 1813 262 1857 summa
285 1791 498 1854 distantiamm
520 1791 560 1852 ad
583 1810 696 1853 moram
721 1810 816 1867 snam,
840 1792 871 1853 in
895 1793 1011 1873 spatio,
1035 1794 1113 1874 qnod
1137 1793 1303 1856 distantias
1333 1795 1353 1857 h

220 1953 275 2021 rig.
297 1949 355 2000 000·
433 1880 668 2033 Edidrtdddrtderter
683 1879 958 2035 &2023quss
980 1887 1353 2037 dmdunobrdcgmgid

433 2062 500 2124 tiae
514 2057 571 2121 CA
590 2061 723 2138 sumunt
744 2060 998 2123 accmnnaodatae
1019 2062 1064 2122 ad
1080 2063 1203 2142 padua
1225 2065 1353 2144 intepra

436 2148 531 2222 OAD,
556 2154 586 2211 et
604 2155 774 2230 prepterea
796 2150 841 2210 ad
863 2170 958 2213 meus
979 2148 1162 2233 inaequales
1183 2151 1300 2215 airardi
1323 2152 1353 2216 CJ

371 2243 382 2287 ¹
434 2258 484 2302 me
498 2234 671 2321 fefellerat
718 2237 771 2300 Sit
796 2239 896 2319 ipitur
919 2236 1004 2301 CAD
1028 2234 1099 2303 450.
1143 2242 1259 2304 Datur
1287 2260 1353 2304 ea¹

436 2325 572 2410 anpndns
596 2323 678 2389 CBD
701 2322 762 2390 480
784 2324 838 2390 420
862 2324 936 2391 5900.
983 2327 1105 2410 Itaque,
1130 2331 1160 2391 εἰ
1181 2328 1273 2392 nrdta
1296 2344 1353 2393 esse

431 2410 570 2501 pbpsiea'
601 2418 800 2497 aequationis
823 2424 852 2479 et
875 2416 957 2480 CBD
980 2438 1128 2480 manure
1156 2422 1308 2502 temporis
1335 2439 1352 2480 s

370 2556 390 2607 B
435 2504 537 2568 melia
563 2505 686 2578 media,
720 2512 793 2568 tunc
822 2508 853 2568 ee'
882 2507 1084 2588 responderet
1112 2508 1189 2570 baec
1220 2508 1295 2591 ipsa
1318 2507 1353 2573 (L

336 2634 343 2645 κ
436 2601 616 2676 compasta.
655 2592 723 2656 Sed
736 2596 812 2675 quia
829 2593 960 2679 planeta
974 2597 1009 2658 in
1024 2594 1078 2658 CD
1096 2598 1223 2661 tardior
1239 2606 1295 2671 est,
1317 2600 1353 2660 ob

372 2670 392 2718 l
436 2686 477 2748 ao
498 2685 528 2745 A
557 2684 762 2756 amantum,
792 2691 822 2746 e
850 2685 928 2765 qnia
957 2685 1129 2749 aaronita
1159 2695 1232 2749 uu
1263 2686 1353 2772 nuru

434 2790 615 2835 mensurnas:
641 2770 753 2854 oollepi
773 2771 873 2854 ipitur
895 2773 940 2835 ad
962 2774 1156 2837 memnaliam
1178 2772 1264 2838 CAD
1285 2774 1347 2840 450

370 2857 395 2905 ¹
434 2863 501 2925 tias
528 2857 571 2923 45
605 2861 650 2923 ad
678 2861 773 2925 initia
800 2882 935 2927 arcuum
963 2865 1027 2926 sine
1058 2862 1236 2947 lespiam,-
1270 2886 1353 2929 sumn

436 2943 610 3013 4869307ε
635 2946 746 3031 coltepi
767 2950 863 3014 etiarn
876 2949 918 3014 45
942 2954 1097 3017 breuiores
1115 2975 1170 3017 seu
1185 2954 1230 3016 ad
1243 2955 1330 3035 fines
1351 2995 1353 3009 ι

435 3040 597 3101 subtracta
614 3036 798 3120 lonpissima
811 3040 871 3102 AD
891 3038 1016 3105 109165
1033 3062 1054 3103 a
1068 3063 1190 3105 summa
1203 3039 1246 3105 46
1266 3044 1353 3108 dista

435 3147 477 3188 sc.
493 3122 657 3201 4975577,
680 3132 842 3191 restabant
854 3125 1016 3204 4866412,
1043 3136 1073 3192 et
1085 3133 1170 3213 quod
1184 3139 1254 3195 erat
1268 3135 1352 3196 inter

432 3236 493 3297 que
503 3218 895 3292 sumanamintermedium,
911 3240 952 3281 so.
964 3215 1126 3295 4867852,
1141 3221 1178 3283 id
1191 3222 1302 3303 redepi
1314 3223 1351 3285 in

145 3303 287 3389 qualium
309 3298 484 3367 35924252
513 3303 618 3367 raderet
641 3300 732 3380 360⁰,
763 3304 810 3369 nel
841 3307 983 3387 qualium
1006 3304 1114 3372 99790
1137 3308 1241 3373 ualent
1269 3307 1312 3373 10.

143 3397 202 3460 noe
218 3402 315 3478 pacto
337 3390 398 3456 480
411 3389 466 3455 460
480 3390 555 3456 510.
593 3393 697 3476 Atque
719 3396 776 3457 doc
798 3396 904 3459 debuit
926 3417 992 3459 esse
1014 3405 1141 3480 tempus,
1165 3401 1353 3483 respondere

145 3484 240 3548 OAD.
284 3482 351 3546 tea
372 3489 402 3546 et
424 3503 519 3545 arares
541 3479 597 3544 CD
619 3481 667 3544 oet
690 3483 827 3567 capnias
849 3483 932 3547 CBD
954 3487 1095 3549 inuentus
1117 3495 1187 3549 erat
1205 3490 1353 3568 proxime

143 3572 263 3638 scilieet
284 3568 347 3637 480
368 3569 421 3635 420
444 3568 524 3642 510,
562 3571 646 3651 quod
675 3575 849 3635 absurdum
876 3582 904 3636 et
933 3583 1042 3638 contra
1073 3578 1274 3659 hypothesin,
1307 3602 1353 3663 qu

139 3662 303 3747 planetam
331 3681 398 3725 esse
427 3661 602 3723 tardiorem
630 3662 665 3721 tn
697 3661 761 3724 CD.
815 3662 933 3726 Statim
960 3666 1060 3745 initur
1096 3687 1195 3730 cansa
1228 3668 1326 3752 liujus

141 3753 269 3837 potnit,·
291 3750 375 3832 quod
396 3770 506 3832 nempe
528 3751 574 3814 ad
586 3750 751 3814 edendam
772 3771 894 3814 rnorane
915 3753 952 3814 in
966 3752 1021 3815 01)
1045 3755 1200 3818 decuisset
1222 3757 1353 3823 distanti

143 3841 256 3916 sutore,
279 3840 502 3923 respondentes
530 3836 715 3918 aequalibus
744 3844 880 3904 arcubus
901 3842 1003 3922 ipsius
1027 3840 1092 3917 CD,
1124 3864 1192 3906 cum
1220 3846 1281 3908 bae
1301 3849 1353 3932 jar

140 3939 239 4014 patae
262 3929 435 3993 distantiae
456 3929 668 4008 respondeant
688 3929 910 4009 inaequalibus
931 3932 1035 4012 ipsius
1058 3932 1123 4006 CD,
1148 3941 1177 3996 et
1199 3941 1287 3999 tanto
1309 3957 1353 3999 rat

144 4026 260 4103 quanto
283 4024 356 4082 sant
377 4019 467 4100 ipsae
496 4018 668 4081 distantiae
694 4015 851 4100 lonpiores
874 4040 935 4102 per
957 4041 1025 4102 cap.
1048 4021 1217 4085 XXXII.
1263 4026 1353 4107 Itaqn

139 4130 266 4192 paucae
293 4126 423 4172 nummo
452 4114 544 4170 eram
574 4106 634 4169 leae
662 4104 841 4170 distantiae.
889 4109 952 4171 Sed
981 4118 1096 4184 tamen,
1125 4119 1160 4174 nt
1187 4133 1246 4174 non
1270 4115 1353 4176 trust:

145 4199 279 4261 laborem
296 4197 462 4278 perderem,
486 4212 643 4256 excessum
661 4197 776 4258 numeri
790 4216 892 4258 morae
908 4199 994 4277 hujus
1013 4218 1104 4278 supra
1120 4198 1205 4263 CAD
1222 4203 1353 4282 nugulis

145 4285 281 4349 subtraxi
300 4284 429 4359 acan,
453 4292 488 4344 ut
504 4291 635 4345 restaret
656 4282 743 4347 EAD
766 4282 961 4363 41013090,
986 4295 1018 4349 et
1038 4286 1106 4362 AO,
1122 4289 1180 4351 ΑΕ
1204 4292 1348 4371 aequales

145 4374 195 4437 ubi
218 4375 394 4457 ponebatur,
417 4380 551 4452 tempore
576 4372 658 4436 CBD
682 4375 825 4436 conficere
848 4374 1001 4455 planetum
1025 4377 1106 4440 circa
1128 4386 1264 4442 centrum
1289 4398 1353 4444 ecce

233 4581 262 4654 ⁸)
283 4585 348 4641 cum
378 4586 449 4641 alias
480 4594 535 4641 tres
565 4588 620 4641 sint
649 4586 811 4652 anomaliae,
842 4605 955 4659 quarum
978 4583 1003 4643 1.
1025 4590 1123 4645 dicitur
1142 4592 1238 4657 medis,
1261 4590 1289 4650 2.
1309 4612 1353 4648 eos

145 4674 314 4736 coaequata:
335 4685 384 4721 nos
405 4667 432 4720 in
447 4668 499 4721 hoe
520 4668 659 4721 schemate
680 4674 710 4720 et
722 4669 774 4721 hoc
794 4670 1001 4738 particulariter
1022 4679 1122 4725 conatu
1144 4674 1178 4726 ad
1193 4674 1351 4730 confusions

145 4749 207 4801 dam
227 4747 425 4818 intelligamur,
447 4748 561 4818 primam
582 4749 611 4801 in
627 4763 694 4801 arou
708 4748 764 4811 CD,
786 4751 832 4803 rel
852 4752 956 4821 angulo
972 4751 1052 4816 CBD,
1073 4755 1223 4809 secundam
1243 4754 1274 4810 in
1287 4770 1353 4827 Aac!

145 4825 191 4882 rol
212 4838 278 4882 usn
297 4826 358 4892 ΕΙ),
379 4825 490 4881 tertiam
509 4825 539 4880 in
559 4827 663 4899 angulo
683 4826 769 4883 ΕΔΒ.
