3278 5550
432 296 495 349 raa
513 294 618 360 Qum
655 293 737 363 Caput
753 293 868 348 xuvm
1259 284 1322 360 351

115 475 157 540 ria
178 475 300 557 planum
323 493 381 537 non
405 481 471 537 erat
494 473 645 555 exquisita
667 495 807 538 mensura
829 494 961 538 summae
985 472 1206 550 distantiarum,
1230 472 1324 535 misso

116 567 182 629 lano
214 565 376 627 distantias
406 565 488 644 ipsas
516 566 686 644 computavi
710 566 892 645 singularum
915 563 1171 627 circumferentiae
1194 562 1324 643 partium

116 676 141 718 rr
176 654 300 717 divisae.
356 654 509 729 Secundo,
540 655 609 734 qnia
631 656 788 735 proportio
808 675 865 716 nou
889 654 1031 717 manebat
1053 653 1177 725 eadem,
1212 651 1325 715 additis

117 765 224 808 carum
247 744 362 825 aliquot
382 744 608 825 proportionum
631 745 775 818 terminis,
799 744 890 824 igitur
913 743 1046 823 singulas
1070 742 1254 821 singularum
1276 742 1325 803 di·

117 855 158 897 nn
194 833 402 914 proportiones
434 835 472 894 ad
506 853 576 894 suos
599 855 686 897 arcus
709 835 846 896 minimos
870 832 1004 895 consului
1028 830 1163 894 seorsim.
1210 830 1324 906 Tertio,

117 943 186 986 nma
209 924 322 1003 aliquot
343 923 553 985 distantiarum
569 943 635 1002 cap.
654 924 771 985 XLVI.
792 943 849 984 non
865 923 963 1002 potnit
977 921 1119 983 constitui
1134 920 1325 1000 geometrice,

117 1066 119 1074 ,
148 1032 205 1093 ego
228 1012 276 1074 hic
300 1013 505 1087 arithmetice,
536 1011 608 1075 nihil
642 1014 719 1074 enim
754 1012 947 1092 impediebat.
1003 1008 1134 1081 Quarto,
1166 1009 1223 1071 hoc
1254 1008 1326 1070 mihi

122 1102 236 1164 nullum
259 1110 326 1164 erat
348 1102 500 1182 negotium
524 1120 591 1164 cum
614 1102 781 1164 sectoribus
806 1102 869 1162 sive
889 1099 990 1162 circuli
1010 1101 1073 1161 sive
1087 1099 1201 1161 oralia:
1225 1098 1326 1189 itaqpe

140 1191 258 1272 quidem
280 1192 351 1252 mihi
375 1193 496 1254 obstare
519 1193 636 1272 potuit,
675 1193 751 1273 quod
780 1191 824 1252 illi
847 1198 980 1252 sectores
1003 1189 1082 1250 inter
1105 1208 1137 1250 se
1160 1187 1324 1251 diffensus

117 1291 146 1342 ta
169 1300 249 1341 nova
272 1282 426 1343 molitione
451 1281 480 1341 in
504 1282 533 1342 id
559 1282 692 1354 incubui,
716 1290 749 1343 ut
772 1280 879 1342 scirem
903 1279 952 1340 vel
975 1274 1106 1352 tandein,
1131 1297 1167 1339 an
1192 1296 1231 1339 ax
1254 1296 1325 1339 sus-

117 1378 248 1432 ustarum
279 1371 490 1433 distantiarum
520 1371 680 1453 hypothesi
713 1370 867 1443 (nimimm
891 1388 928 1430 ex
956 1368 1095 1449 opinione
1125 1385 1190 1449 cap.
1213 1362 1326 1439 XLV.)

117 1468 176 1521 rtur
199 1459 290 1520 etiarn
313 1460 509 1540 aequationes
532 1480 585 1539 per
608 1461 751 1522 vicariam
776 1459 863 1521 nobis
886 1457 1109 1520 manifestatae.

117 1569 143 1611 m
167 1548 212 1609 ita
234 1568 300 1610 sum
324 1569 496 1629 aggressus.
535 1550 648 1613 Centro
671 1552 707 1624 B,
732 1549 912 1610 diastemate
935 1547 1001 1620 BD,
1027 1545 1176 1610 scribatur
1198 1543 1328 1605 circulus

118 1658 134 1699 n
168 1657 226 1718 qno
258 1638 299 1701 sit
331 1640 411 1701 linea
441 1639 577 1719 apsidum
600 1639 675 1713 DR,
700 1648 732 1701 et
753 1641 782 1701 A
805 1640 873 1700 fons
903 1635 1034 1710 virtutis,
1137 1706 1142 1717 Ι

120 1735 202 1788 trum
224 1724 317 1790 Solis.
364 1728 507 1791 Sumatur
539 1729 568 1789 in
601 1728 712 1790 circulo
739 1726 800 1790 DG
828 1733 971 1808 punctum
995 1723 1034 1799 G,
1116 1705 1169 1772 ¹⁸¹⁸·
1190 1700 1249 1752 ¹⁰¹·

119 1823 280 1879 nneotatur
309 1837 375 1879 cum
396 1820 423 1880 B
447 1825 479 1879 et
500 1817 544 1892 A,
569 1824 600 1878 et
623 1818 663 1879 sit
691 1818 777 1879 initio
802 1816 888 1880 GBD
911 1814 1038 1894 angulus

118 1951 119 1957 κ
147 1906 292 1986 temporis
322 1907 539 1986 computandae
568 1907 741 1969 distantiae.
787 1907 857 1969 Erit
877 1912 1039 1986 propterea

118 2103 182 2163 ique
205 2104 264 2145 non
294 2086 475 2165 pervenerit.
521 2086 600 2150 Nam
632 2086 706 2147 haec
736 2085 814 2147 ratio
848 2081 1039 2163 computandi
1064 2078 1068 2087 '

118 2174 299 2235 monstrandi
333 2175 497 2236 distantias
533 2175 679 2237 hactenus
717 2195 754 2235 ex
785 2193 851 2253 cap.
880 2172 979 2235 XLV.
1009 2170 1040 2230 iu
1085 2170 1089 2180 '
1117 2212 1150 2265 Γ,

118 2264 215 2341 posito
244 2271 299 2325 est.
348 2262 396 2325 Sit
427 2276 526 2325 autem
549 2263 610 2325 DG
632 2284 704 2344 pars
737 2262 841 2326 circuli
872 2261 976 2334 exilis,
1007 2265 1042 2320 nt
1120 2328 1125 2349 ,Ι

118 2347 197 2413 1600.
244 2354 290 2414 Ac
315 2372 381 2414 cnm
403 2352 573 2432 hujusmodi
603 2354 766 2416 distantiae
789 2351 851 2415 AG
875 2369 979 2412 omnes
1002 2349 1041 2409 ad
1125 2390 1137 2421 -·,

138 2442 285 2519 graduum
308 2441 368 2503 DG
392 2443 536 2504 terminos
559 2442 587 2504 D
612 2449 644 2504 et
666 2442 696 2505 G
719 2444 775 2504 hoc
803 2442 892 2503 modo
917 2457 1041 2518 compu-

119 2530 194 2591 ssint
221 2549 276 2610 per
307 2531 517 2593 demonstrata
549 2551 616 2612 cap.
648 2532 775 2606 XXIX,
813 2529 921 2609 collegi
951 2528 1042 2607 igitur
1146 2528 1166 2567 ‘N
1199 2576 1203 2587 .
1295 2561 1298 2589 r

119 2615 186 2682 360
219 2620 381 2682 distantias
412 2619 474 2682 AG
503 2621 680 2698 longissima
711 2621 863 2683 additione
895 2619 925 2679 in
953 2634 1043 2678 unam
1199 2605 1321 2708 &a

119 2728 138 2783 r,
164 2728 238 2789 quae
263 2709 385 2770 inventa
408 2719 455 2771 est
479 2706 655 2775 36075562
680 2708 918 2783 (eccentricitate
937 2701 1039 2776 9165)

119 2817 168 2860 ens
190 2798 326 2877 integrae
351 2800 477 2861 semitae
502 2800 581 2862 ovali
604 2802 722 2863 Martis.
767 2797 837 2861 Jam
865 2804 967 2859 centro
991 2796 1030 2869 A,
1055 2787 1234 2849 diastemate
1256 2783 1329 2860 AG,

119 2907 131 2950 r
155 2907 243 2948 arcus
266 2906 372 2950 versus
395 2888 433 2963 D,
458 2888 508 2970 qui
532 2889 574 2950 sit
597 2888 663 2952 GC.
707 2889 748 2951 Et
770 2889 849 2969 quia,
873 2905 930 2968 quo
954 2883 1071 2963 longior
1094 2875 1250 2949 distantia,
1272 2874 1331 2936 hoc

125 2975 185 3037 iter
207 2976 359 3057 planetae,
384 2977 455 3039 data
479 2995 549 3056 ergo
574 2979 720 3041 distantia
742 2997 830 3040 arcus
853 2974 957 3038 circuli
976 2970 1037 3035 DG
1059 2966 1124 3048 ((1111
1148 2983 1236 3026 310111
1255 2963 1329 3065 jem,

119 3065 323 3128 idistantiam
347 3074 562 3147 computamus,
585 3068 659 3130 nihil
681 3068 763 3130 aliud
786 3067 907 3129 metitur
931 3082 1019 3146 quam
1042 3056 1188 3135 tempus),
1211 3052 1332 3115 d⁸b¹i¹¹f

119 3155 192 3216 tudo
215 3155 333 3216 itineris
356 3156 452 3216 uvalis
471 3153 536 3229 DC,
562 3158 638 3238 quod
661 3157 785 3238 planeta
807 3155 838 3217 in
862 3163 1002 3234 suscepto
1025 3158 1159 3225 tempore
1176 3139 1239 3202 DG
1262 3143 1332 3214 (⁸⁰1¹

120 3243 278 3323 asimplici
296 3240 345 3317 1⁰)
365 3245 491 3309 conficit.
530 3245 609 3308 Nam
627 3253 661 3307 nt
673 3245 830 3327 longitudo
847 3244 941 3306 totins
957 3239 1053 3304 uvalis
1072 3231 1331 3295 circumferentiae

120 3351 193 3394 nam
218 3333 428 3394 distantiarum
452 3335 591 3409 omnium,
617 3335 660 3396 ita
676 3355 708 3395 se
732 3334 823 3397 habet
846 3331 992 3394 distantia
1011 3343 1099 3389 arcus
1113 3318 1169 3382 Dc
1193 3320 1333 3392 (inventa

120 3440 164 3484 rm
187 3419 261 3493 DG)
286 3424 323 3482 ad
348 3423 565 3500 longitudinem
589 3425 635 3485 sui
659 3440 746 3485 arcus
771 3422 867 3485 ovalis
891 3420 956 3485 Dc.
996 3416 1161 3479 Probatum
1184 3407 1263 3511 enim
1286 3414 1335 3469 est

120 3529 163 3591 ap.
188 3511 337 3574 XXXIII.
363 3520 394 3573 et
416 3520 592 3592 usurpatum
615 3532 680 3592 cap.
705 3513 819 3575 XLVI.
845 3512 909 3584 (nbi
932 3509 1020 3589 hujus
1044 3500 1227 3583 operationis
1246 3497 1334 3578 jacta

120 3600 286 3673 rdamcnta)
311 3620 432 3662 arcuum
455 3603 659 3665 confectorum
683 3602 722 3663 ad
741 3601 902 3664 distantias
925 3594 1148 3679 proportionem
1170 3605 1239 3648 esse
1260 3603 1333 3668 per-

120 3698 154 3753 ι.’
176 3689 249 3755 Fuit
271 3698 372 3751 autem
395 3691 469 3752 haec
493 3691 591 3753 cantio
615 3711 635 3752 a
656 3710 703 3752 me
726 3691 871 3765 adhibita,
895 3688 1145 3769 sejungerentur
1172 3674 1240 3752 ΑΙ),
1264 3672 1334 3748 ΑΟ»
1421 3704 1429 3724 ⁴

127 3778 323 3843 terminorum
359 3776 385 3843 (i
416 3788 448 3841 et
475 3779 504 3842 D
536 3780 698 3842 distantiae
726 3780 765 3842 ab
789 3780 828 3867 A,
852 3787 884 3841 et
1041 3807 1094 3874 rig.
1115 3799 1175 3852 102,

138 3886 271 3930 summae
296 3877 489 3949 usurparetur
507 3889 562 3950 pro
585 3869 885 3950 genuina-distantia

121 3957 193 4019 Itius
215 3954 281 4020 DC.
327 3957 489 4020 Dividatur
516 3960 594 4021 enim
624 3958 752 4021 circulus
775 3957 885 4039 aliquis

121 4066 171 4108 sus
199 4046 277 4120 DK,
310 4056 412 4108 centro
442 4048 468 4108 B
502 4046 687 4129 descriptus,
719 4048 749 4109 in
781 4055 884 4128 partes
960 4081 979 4128 ο

121 4154 175 4218 que
199 4135 230 4196 in
254 4135 291 4211 D,
316 4133 355 4205 G,
379 4137 416 4211 L,
440 4136 479 4211 K,
502 4138 545 4210 M,
567 4139 612 4211 N,
636 4146 667 4199 et
689 4158 709 4199 a
730 4136 885 4217 principiis

127 4271 138 4299 ,
169 4231 274 4287 centro
298 4226 400 4286 mundi
422 4226 468 4301 A,
502 4227 647 4289 ducantur
677 4245 765 4289 arcus
793 4245 885 4306 usque

121 4333 148 4376 ss
175 4332 213 4374 ex
236 4314 267 4375 A
288 4333 343 4394 per
365 4315 439 4377 fines
463 4335 583 4378 arcuum
608 4315 736 4395 ejectas,
761 4322 795 4376 ut
816 4312 885 4390 DO,

121 4401 241 4477 altit,
264 4401 332 4476 MS,
355 4403 412 4466 NT
420 4424 430 4479 ;
463 4412 550 4467 emnt
580 4405 672 4485 plana
702 4405 732 4466 in
762 4405 886 4466 sinistro

121 4492 177 4555 mlo
192 4490 292 4567 ADO,
307 4490 405 4566 AGP‚
425 4492 514 4565 ALQ
535 4494 651 4573 majora
667 4493 772 4573 justo;
794 4492 888 4573 plana

121 4600 158 4644 ro
189 4581 286 4656 Anu,
319 4581 418 4656 AMS,
445 4582 541 4645 ΑΚΒ
572 4582 688 4644 minora
713 4583 806 4664 justo.
851 4582 925 4665 Inp

121 4712 123 4721 ·
144 4669 235 4750 igitur
259 4670 387 4733 alterum
410 4672 448 4732 ab
478 4672 573 4734 altero
602 4679 831 4752 compensatur,
853 4677 889 4733 ut

121 4758 190 4825 lDA
206 4779 296 4844 quam
319 4760 452 4842 proxime
472 4767 603 4842 aequant
622 4758 742 4824 GDNA
756 4759 887 4843 planum.
