3278 5550
526 279 588 331 Pars
605 278 712 341 Quarta.
749 282 831 349 Caput
848 281 964 335 xlm
1355 273 1420 344 353

105 466 145 523 rte
166 461 245 535 ΒΗ,
274 459 403 522 circulus
427 459 501 534 HK,
525 466 653 538 tangens
676 459 806 539 priorem
829 463 859 525 in
882 461 921 525 Κ.
966 461 1162 525 Manifestum
1185 464 1252 533 εει,
1277 457 1420 522 circulum

105 550 125 611 K
152 550 301 612 minorem
329 569 397 611 esse
422 569 509 629 quam
533 549 605 622 DK,
636 556 667 610 et
691 550 830 615 circulum
854 552 946 615 DGR
973 552 1115 632 majorem
1145 569 1214 612 esse
1237 568 1327 629 quam
1349 546 1419 612 ΒΚ.

105 680 107 698 .
134 638 391 719 quia'circulares
414 638 672 700 circumferentiae
696 642 828 703 suntad
852 641 979 704 invicem
1002 649 1036 702 nt
1060 659 1162 703 earum
1186 634 1420 700 semidiametri:

122 727 215 806 igitur
236 728 294 790 BD
318 728 357 789 ad
381 727 426 789 Dl
449 736 480 788 et
496 728 563 799 BH,
589 727 633 788 sic
656 727 784 791 circulus
808 730 903 809 major
917 729 980 792 ΒΟ
1003 731 1040 791 ad
1064 730 1195 790 minores
1217 726 1277 788 ΒΚ
1300 733 1332 787 et
1350 724 1420 787 KH.

105 817 129 878 d
159 816 207 880 DI
238 824 285 878 εει
315 816 444 877 medium
468 816 689 878 arithmeticum
712 819 791 881 inter
814 820 868 880 DB
893 828 925 881 et
947 819 1013 892 ΗΒ,
1039 819 1109 897 quia
1130 817 1172 878 Bl
1195 823 1244 877 est
1267 813 1422 877 dimidium
1461 807 1465 821 ⁸

105 905 160 968 rina
181 906 251 968 HD.
289 905 371 985 Ergo
396 907 489 967 etiam
511 902 638 967 circulus
653 904 721 976 ΒΚ,
746 915 876 991 tangens
891 907 1035 970 minorem
1054 916 1086 967 ει
1099 906 1244 986 majorem
1260 924 1297 966 ex
1316 903 1421 964 eodem

115 1004 219 1057 centro
251 995 434 1074 descriptor,
468 1002 516 1054 est
549 994 678 1056 medium
710 996 932 1060 arithmeticum
962 998 1040 1059 inter
1071 996 1144 1057 illos
1170 994 1315 1066 circulos,
1346 1010 1421 1072 quos

105 1083 175 1163 ugit.
221 1082 340 1155 Quodsi
361 1083 530 1147 viaovalis
555 1084 752 1160 continuetur,
778 1104 816 1147 ex
839 1087 995 1166 supposito
1019 1094 1126 1163 tanget
1142 1092 1174 1145 et
1191 1083 1259 1162 ipsa
1277 1082 1421 1161 maj0rem

105 1173 207 1235 reulum
231 1175 262 1235 in
285 1173 404 1253 aphelio
428 1172 457 1233 D
480 1181 512 1233 et
534 1173 679 1251 perihelio
702 1174 746 1247 R,
778 1175 922 1237 minorem
952 1192 1024 1238 vero
1046 1174 1107 1235 ΗΚ
1129 1173 1161 1234 in
1184 1169 1419 1251 longitudinibus

105 1261 180 1336 siliis,
204 1269 239 1324 ut
263 1263 308 1323 ita
331 1262 373 1323 sit
394 1263 490 1339 major
513 1261 618 1322 minori
641 1263 714 1336 HK,
748 1265 844 1325 minor
867 1265 972 1342 majori
997 1263 1107 1325 circulo
1130 1261 1199 1324 DR.
1246 1260 1419 1323 Consenta-

105 1369 153 1413 ιιιιι
184 1348 276 1430 igitur
304 1363 366 1424 εει,
401 1370 459 1411 non
490 1352 577 1426 longe
610 1350 717 1412 abesse
751 1355 868 1415 ovalem
899 1352 1171 1415 circumferentiam
1194 1369 1213 1411 a
1235 1348 1421 1429 longitudine

105 1440 219 1503 toulads
244 1439 503 1510 circumferentiae
526 1438 595 1501 ΒΚ.

151 1529 248 1591 Paulo
265 1537 366 1591 ιειιιειι
382 1529 526 1606 majorem
545 1529 667 1589 credere
685 1529 760 1591 facit
774 1531 850 1592 haec
870 1528 1098 1601 demonstratio,
1122 1527 1265 1591 Sumatur
1288 1524 1418 1588 medium

105 1618 292 1699 opertionale
315 1618 394 1679 inter
416 1619 473 1678 BH
497 1626 528 1678 ει
551 1617 621 1691 BD,
645 1619 725 1698 quod
748 1620 788 1680 sit
811 1619 882 1693 ΒΟ,
910 1627 941 1680 ει
963 1627 1067 1682 centro
1089 1618 1127 1693 B,

105 1707 169 1787 ”tio
198 1707 256 1770 ΒΟ
286 1707 436 1768 scribatur
460 1706 513 1769 ΟΡ
543 1706 681 1768 circulus.
729 1709 835 1788 ltaque
865 1727 918 1788 per
941 1708 980 1768 V.
1007 1708 1128 1788 Sphae-
1208 1688 1262 1752 Fig.
1283 1683 1342 1736 ¹⁰¹·

105 1794 193 1858 tideon
215 1796 411 1858 Archimedis
436 1795 579 1874 planities
604 1796 691 1872 hujus
715 1797 818 1858 circuli
836 1796 890 1859 ΟΡ
914 1796 971 1858 erit
994 1795 1129 1877 aequalis

105 1882 204 1953 initiet
229 1886 385 1962 ellipseos,
408 1886 492 1962 cujus
516 1892 563 1944 εει
587 1884 704 1963 longior
727 1887 950 1947 semidiameter
969 1885 1035 1960 BD,
1059 1885 1130 1946 bre·
1188 1940 1210 1987 Ἠ

153 1975 222 2037 ΒΗ.
261 1976 307 2036 At
329 1973 400 2053 quia
422 1975 583 2050 figurarum
606 1973 834 2053 isoperimetron
859 1975 1060 2054 capacissima
1084 1980 1132 2034 est
1172 1999 1192 2045 p

147 2063 212 2137 lus,
238 2063 405 2123 conversim
429 2063 520 2141 igitur
544 2063 613 2140 (per
643 2081 829 2127 communem
859 2064 1013 2135 notitiam)
1037 2082 1131 2143 aeque

105 2148 222 2232 Dacium
247 2152 407 2230 figurarum
430 2150 610 2212 brevissima
632 2152 810 2229 perimetros
828 2153 886 2215 erit
905 2152 1019 2214 circuli.
1056 2150 1131 2213 Cum
1198 2154 1205 2233 ᾗ

105 2254 142 2321 p
166 2240 301 2319 ellipsis,
334 2259 410 2321 quae
439 2239 532 2300 habet
564 2240 806 2303 semidiametros
830 2243 894 2315 DB,
919 2241 992 2314 BH,
1017 2247 1049 2301 et
1071 2239 1131 2301 cir·
1187 2196 1203 2341 Κ

105 2326 153 2401 Μ
175 2327 230 2391 ΟΡ
260 2329 408 2408 propositi
440 2329 502 2389 sint
530 2347 624 2407 aeque
657 2349 786 2409 capaces
818 2352 855 2391 ex
880 2331 945 2408 jorn
979 2329 1131 2408 allegatis,
1197 2324 1213 2380 (ἓ

105 2412 108 2427 ’
178 2418 311 2480 ferentia
344 2418 487 2496 ellipseos
511 2418 568 2478 erit
598 2417 734 2497 longior,
770 2440 858 2520 quarn
891 2417 1133 2480 circumferentia
1178 2334 1239 2500 Di,
1348 2458 1367 2483 ..

160 2506 260 2569 ΟΡ.
306 2506 366 2567 Εει
388 2515 489 2568 autern
512 2506 568 2569 ΒΟ
594 2508 760 2569 insensibili
784 2509 881 2571 minor
904 2527 993 2587 quam
1016 2507 1070 2579 ID,
1096 2524 1131 2565 co
1238 2520 1304 2589 χχι,

105 2594 225 2685 *BD
251 2596 329 2656 inter
353 2596 477 2656 eosdem
505 2595 651 2657 terminos
680 2597 800 2674 ponitur
824 2617 893 2659 esse
907 2595 1132 2696 geometricum

105 2682 211 2759 Um,
238 2684 282 2745 ID
315 2684 446 2744 medium
480 2684 711 2745 arithmeticum.
759 2687 817 2748 Per
851 2685 1017 2747 doctrinam
1052 2683 1129 2744 enim

152 2773 332 2845 Euclidis,
358 2773 428 2851 qnia
446 2771 502 2834 ΒΟ
526 2781 574 2834 εει
596 2774 726 2835 medium
751 2774 977 2855 proportionale
1000 2773 1078 2834 iuter
1100 2769 1167 2844 ΗΒ,
1183 2769 1249 2847 BD,
1274 2780 1308 2833 ut
1331 2772 1423 2852 igitur

145 2862 268 2936 adBD,
292 2862 388 2922 minor
411 2862 451 2922 ad
474 2862 626 2941 majorem,
651 2863 695 2923 sic
719 2862 777 2925 ΗΟ
802 2883 944 2925 excessus
975 2863 1092 2924 mediae
1116 2860 1155 2922 ad
1178 2857 1237 2922 OD
1260 2862 1422 2925 defectum.

105 2964 172 3033 ’με
196 2971 265 3013 curn
288 2951 409 3011 ΗΒι
367 2950 409 3010 ε1ι
433 2951 527 3011 minor
552 2971 639 3029 quarn
662 2952 728 3027 BD,
753 2954 812 3014 erit
835 2961 866 3014 et
888 2953 946 3015 ΗΟ
971 2950 1067 3012 minor
1091 2968 1179 3028 quam
1204 2948 1271 3011 OD.
1313 2950 1358 3014 At
1380 2951 1424 3014 BI

105 3040 277 3121 torquatis
301 3038 442 3100 dimidiae
461 3039 529 3111 HD,
554 3040 651 3119 major
675 3041 764 3118 igitur
788 3051 836 3102 est
859 3042 901 3103 ΒΙ
924 3060 1012 3121 quarn
1028 3039 1097 3113 ΗΟ,
1121 3037 1217 3100 ιιιίιιοι
1240 3058 1329 3120 quarn
1353 3038 1420 3104 OD.

105 3126 338 3199 lcomrnunem
375 3147 447 3206 ergo
482 3128 596 3189 minimi
634 3129 736 3191 circuli
766 3129 826 3192 HK
861 3130 1115 3192 semidiametrum
1145 3128 1203 3190 ΗΒ
1233 3137 1422 3208 apponuntur

105 3218 248 3300 aqualia,
274 3235 378 3296 nempe
403 3216 499 3278 minus
524 3216 645 3279 dimidio
669 3218 763 3296 ipsius
787 3220 846 3281 DH
869 3220 898 3280 in
921 3217 987 3292 ΒΟ,
1012 3227 1045 3278 ει
1068 3215 1221 3278 dimidium
1244 3216 1338 3298 ipsius
1362 3218 1422 3280 ΒΗ

116 3308 184 3383 ΒΙ;
219 3325 291 3383 ergo
321 3305 419 3384 major
441 3306 486 3366 Dl
515 3325 602 3385 quam
631 3305 696 3367 ΒΟ.
743 3309 845 3385 ltlaj0r
877 3309 969 3388 igitur
991 3306 1052 3370 ΒΚ
1083 3305 1211 3368 circulus
1244 3326 1332 3386 qnam
1357 3306 1421 3369 ΟΡ.

105 3406 239 3471 ¹tanuen
273 3393 507 3469 insensibiliter,
538 3415 603 3478 cum
627 3396 686 3459 ΒΗ
719 3396 813 3457 minor
845 3397 887 3458 sit
918 3415 1007 3476 quam
1038 3394 1205 3458 centesima
1238 3395 1332 3475 ipsius
1354 3396 1421 3460 DB.

105 3505 173 3569 tque
197 3483 307 3567 positis
331 3483 379 3544 his
404 3483 522 3545 circulis
547 3484 772 3546 exabundanti
805 3487 999 3566 aequalibus,
1025 3493 1056 3547 et
1078 3484 1196 3562 posito,
1221 3485 1300 3564 qnod
1324 3486 1421 3547 ovalis

105 3575 270 3659 .perfecta
293 3572 425 3652 ellipsis:
452 3573 508 3633 erit
496 3573 627 3634 tovalis
652 3574 893 3637 circumferentia
916 3574 1005 3654 paulo
1029 3573 1146 3652 longior
1175 3592 1263 3652 qnam
1291 3574 1420 3639 circulus

105 3664 153 3757 l,
157 3673 244 3725 certe
268 3662 385 3742 longior
409 3680 497 3740 quam
521 3662 648 3723 circulus
669 3661 733 3725 ΟΡ.
770 3663 812 3725 Et
835 3664 906 3745 quia
928 3682 1019 3742 supra
1042 3681 1108 3740 cap.
1124 3659 1257 3723 XLVII.
1280 3661 1340 3723 ΒΗ
1364 3662 1422 3724 fnit

105 3726 303 3832 &qualium
325 3750 381 3812 DB
408 3746 554 3826 100000,
585 3750 771 3812 dimidium
762 3753 819 3830 ugit
821 3773 854 3813 ur
879 3754 915 3813 de
938 3751 1007 3825 ΒΗ,
1032 3748 1107 3824 429,
1134 3750 1288 3812 auferatur
1311 3772 1331 3812 a
1353 3751 1419 3825 DB,

105 3839 212 3916 0000,
236 3839 367 3900 restabit
390 3835 507 3902 99571.
545 3841 588 3902 Ut
610 3840 700 3918 igitur
727 3838 855 3904 100000
880 3842 918 3903 ad
943 3799 1062 3914 99571,
1086 3841 1130 3901 sic
1153 3838 1212 3900 erit
1235 3859 1324 3921 quam
1346 3859 1420 3922 pro-

105 3948 145 3997 ιο
171 3929 414 3993 circumferentia
442 3927 542 3989 circuli
567 3929 606 3989 ad
633 3929 901 3992 circumferentiam
933 3929 1029 3991 ovalis
1061 3928 1239 4008 quaesitam.
1286 3927 1328 3990 Ει
1350 3929 1421 4009 qnia

160 4042 172 4082 ι
196 4017 437 4081 circumferentia
461 4016 553 4078 habet
574 4012 665 4088 360⁰,
690 4014 1149 4091 ιε12160001ε112960000,
1174 4017 1300 4079 decedet
1321 4017 1420 4096 parti-

105 4020 248 4265 Εᾳιιιε
271 4106 363 4167 habet
379 4100 487 4168 556000
504 4103 719 4169 ve192¹110⁴½
746 4115 777 4167 et
792 4107 1125 4169 semicircumferentiae
1146 4105 1243 4167 ovalis
1260 4106 1421 4168 adimenda

178 4194 235 4262 46‘
259 4192 335 4271 2000,
359 4202 411 4256 aut
438 4194 530 4257 etiam
562 4196 673 4269 minus,
708 4195 733 4257 si
762 4197 858 4258 ovalis
890 4197 1033 4259 circulum
1055 4195 1130 4271 ΒΚ,
1164 4195 1229 4257 loco
1259 4214 1419 4258 mensurae

105 4288 302 4360 uideratum,
327 4293 458 4362 superet.
506 4283 634 4347 Omnino
658 4285 776 4387 quidem
801 4305 857 4364 ego
880 4305 939 4347 non
946 4304 1016 4387 ’per
1039 4283 1341 4360 demonstrationem,
1364 4285 1420 4347 sed

105 4396 121 4443 ι·
142 4375 294 4441 calculum
314 4366 585 4436 laboriosissimum
604 4384 636 4435 et
650 4372 921 4451 pertinacissimum
945 4374 1043 4436 inveni
1068 4374 1217 4435 defectum
1240 4373 1420 4457 semicinttnli

105 4466 165 4541 piis
186 4461 244 4529 45
269 4460 355 4526 45οε0
379 4471 413 4522 ιιι
435 4463 566 4543 qualium
595 4463 797 4526 semicirculus
825 4465 978 4542 perfectus
1001 4470 1049 4525 est
1075 4459 1164 4537 180⁰,
1192 4461 1298 4526 talium
1320 4450 1417 4526 ovalis

105 4564 153 4623 ιοι
179 4549 263 4617 1790
287 4549 437 4615 140150.

153 4645 199 4709 Ει
227 4643 298 4723 qnia
329 4639 495 4702 decurtatio
537 4639 611 4699 haec
650 4640 747 4700 ovalis
783 4639 1041 4702 circumferentiae
1077 4640 1248 4703 necessario
1278 4639 1418 4721 aequalia

105 4754 112 4803 t
134 4731 311 4799 contrariae
337 4727 560 4809 amplificationi
584 4729 702 4807 opticae
727 4729 861 4801 (videtur
884 4729 961 4790 euim
980 4731 1054 4790 haec
1071 4727 1178 4802 oralia,
1202 4728 1416 4803 licetbrevior,

105 4846 116 4895 ι
141 4816 344 4904 amplitudine
377 4827 478 4882 tamen
501 4815 521 4879 2
544 4826 693 4882 rectorum
717 4818 779 4881 sive
807 4814 887 4883 1800
907 4817 1061 4899 praecise,
1094 4826 1126 4881 ει
1149 4826 1213 4880 tam
1235 4819 1326 4898 longa
1348 4836 1416 4881 esse

140 4930 235 4984 aanor
249 4927 377 4984 optata
658 5003 667 5019 ο
1172 4920 1206 4974 tt
