3278 5550
626 276 667 331 De
684 274 793 329 Ilotibue
812 276 906 331 litellre
923 278 1013 331 lintis

674 510 794 610 Caput
824 509 963 585 XLDI.

142 674 303 740 Elenohas
332 671 453 754 prioris
484 670 624 734 methodi
651 670 891 754 aequationnm,
921 678 950 734 et
971 674 1135 736 methodus
1158 674 1361 749 concinnior,
1380 676 1451 738 eata

199 763 383 848 principiis,
405 761 490 823 aiom
513 758 633 821 orclem
656 763 872 823 canonisatio
896 762 1012 843 capitia
1035 760 1147 828 XLV.
1172 764 1426 847 conponentem

233 905 275 966 Ut
306 904 397 982 igitur
429 921 551 963 causam
583 900 718 982 ἀτεχνιας
740 902 827 983 hujus
846 902 912 981 jam
936 903 1093 966 absolutae
1117 904 1251 967 methodi
1274 905 1396 978 videas,
1423 922 1451 985 pe

142 995 238 1076 pende
271 993 377 1073 quibus
407 991 610 1055 fundamentis
635 991 789 1053 innitatur.
836 991 976 1063 Ponitur,
1008 993 1133 1071 planeta
1165 993 1193 1055 iu
1229 995 1365 1076 epicyclo
1388 1012 1451 1056 mou

141 1083 316 1162 aequaliter,
342 1103 361 1142 a
384 1080 456 1142 Sole
480 1081 544 1160 rapi
568 1080 766 1160 inaequaliter
788 1099 841 1159 pru
865 1080 982 1141 ratione
1006 1081 1227 1146 distantiarum.
1276 1083 1327 1145 Ex
1354 1083 1400 1146 his
1419 1085 1451 1145 du

139 1174 197 1235 hus
227 1180 327 1233 motus
359 1169 514 1249 principiis
547 1170 680 1231 nascitur
711 1171 762 1231 via
794 1170 900 1231 ovalis.
951 1172 997 1231 At
1024 1171 1127 1251 nequit
1157 1173 1215 1232 hac
1244 1173 1388 1233 methodo
1417 1172 1451 1235 sei

142 1268 255 1345 quauta
277 1260 375 1341 portio
400 1260 436 1318 de
460 1260 511 1320 via
534 1259 613 1319 ovali
638 1259 742 1337 cuique
767 1259 838 1319 dato
863 1260 988 1338 tempori
1013 1261 1212 1337 respondeat,
1237 1261 1299 1322 etsi
1319 1261 1451 1323 sciatur«

142 1342 257 1419 stantia
287 1349 369 1411 illius
398 1348 563 1425 portionis,
593 1347 649 1408 nisi
679 1348 717 1409 ab
741 1348 825 1409 initio
850 1346 964 1409 sciatur
987 1349 1142 1428 longitudo
1165 1350 1262 1412 tetius
1282 1351 1390 1413 uvalis.
1431 1350 1451 1413 H

144 1440 209 1521 quit
233 1446 332 1499 autem
357 1437 427 1497 sciri
451 1437 606 1514 longitudo
630 1437 742 1511 uvalis,
767 1437 824 1497 nisi
848 1456 886 1496 ex
910 1438 1028 1498 modulo
1052 1437 1208 1516 ingressus
1231 1440 1377 1519 planetae
1399 1440 1451 1501 ια’

144 1527 341 1591 cumlerentia
374 1526 476 1587 clrculi
510 1527 548 1587 ad
583 1527 690 1587 latera.
748 1524 809 1588 Sed
837 1544 932 1604 neque
960 1527 1097 1587 modulus
1127 1527 1216 1607 hujus
1247 1529 1406 1607 ingressus
1424 1546 1451 1591 er

144 1618 292 1689 noscitur,
318 1634 406 1694 quam
432 1624 586 1686 noscatur,
621 1621 735 1695 quanta
766 1616 864 1694 portio
898 1616 935 1675 de
968 1615 1017 1674 via
1046 1617 1126 1678 ovali
1149 1618 1204 1678 sub
1230 1616 1451 1700 quocunqueds

145 1716 279 1786 tempore
304 1706 486 1765 conficiatur.
545 1705 602 1764 Hic
634 1704 719 1764 vides
749 1705 812 1784 peti
844 1703 1035 1782 prinprium:
1067 1713 1099 1765 et
1134 1706 1163 1767 in
1198 1706 1376 1784 operatione
1397 1714 1451 1789 uoq

144 1795 226 1877 prius
250 1813 488 1855 assumseramus
514 1794 590 1871 quud
616 1795 830 1873 quaerebatur,
865 1793 983 1854 scilicet
1006 1794 1222 1871 longitudinem
1247 1795 1356 1856 uvalis.
1393 1795 1451 1877 Nn

147 1887 204 1947 hoc
227 1885 332 1944 vitium
356 1883 465 1943 saltem
489 1896 537 1942 est
559 1882 773 1943 intellectionis
796 1893 935 1955 nostrae,
968 1883 1022 1943 sed
1036 1883 1084 1943 -ab
1109 1884 1174 1962 ipso
1196 1885 1352 1964 primaevo
1378 1878 1451 1961 ord'·¹

146 1984 211 2037 tore
235 1970 470 2052 planetariorum
494 1990 632 2031 cursuum
658 1971 889 2033 alienissimum:
915 1971 1035 2050 qualem
1063 1970 1287 2050 dyemperpqror
1309 1973 1413 2052 anticip

145 2082 212 2124 nem
237 2063 266 2122 in
289 2060 399 2123 ceteris
424 2061 488 2139 ejus
512 2060 651 2137 operibus
675 2061 821 2121 hacteuus
848 2060 1107 2143 non-invenimus.
1162 2061 1269 2142 Itaque
1295 2062 1420 2123 antelis

146 2151 276 2215 ineunda
299 2149 397 2223 ratio,
428 2149 596 2229 opinionem
629 2150 739 2230 capitis
762 2150 861 2211 XLV.
887 2150 925 2209 ad
950 2149 1084 2211 calculos
1106 2151 1252 2225 vocandi,
1288 2161 1358 2225 aut,
1392 2150 1413 2212 si

145 2241 210 2305 fieri
240 2240 360 2319 nequit,
400 2240 500 2318 opinio
528 2238 611 2317 ipsa,
646 2246 750 2318 utpote
776 2240 811 2298 de
835 2238 891 2298 hac
915 2238 1052 2318 priucipii
1075 2240 1221 2318 petitione
1246 2250 1400 2321 suspecta,

146 2329 272 2393 cillabit.

236 2415 407 2497 Implicatio
432 2415 517 2477 nobis
541 2416 609 2476 hinc
633 2423 682 2476 est
704 2425 792 2489 nata,
824 2415 902 2495 quod
926 2415 1044 2477 evalem
1067 2418 1267 2496 compositam
1289 2418 1380 2491 viam,

149 2528 220 2572 sura
238 2506 399 2587 aequabili
430 2505 573 2585 temporis
597 2506 657 2576 uel,
692 2505 722 2565 in
753 2512 857 2584 partes
891 2504 1038 2566 senuimus
1067 2506 1259 2587 inaequales;
1292 2506 1384 2568 etsie

145 2598 241 2659 uvalis
265 2595 450 2675 compositae
474 2602 576 2674 partes
601 2594 785 2674 inaequales,
809 2594 863 2653 sed
888 2594 1099 2655 distantiarum
1124 2597 1367 2676 compensatione
1428 2670 1431 2677 Ι

145 2695 305 2768 aequatas,
335 2683 427 2745 rnoris
451 2685 595 2761 planetae
617 2683 795 2762 aequalibus
820 2683 1013 2744 circumcirca
1037 2685 1172 2745 admensi
1196 2704 1312 2747 sumus.
1356 2678 1433 2763 Atqu,

145 2774 391 2858 praesuppositis
420 2772 626 2843 habebamus,
657 2774 785 2832 alteram
819 2772 928 2833 saltem
952 2773 1110 2847 virtutem,
1150 2792 1216 2835 eam
1240 2793 1318 2855 quae
1342 2769 1428 2834 exst

146 2865 261 2928 intendi
287 2882 341 2943 pro
361 2862 573 2923 distantiarum
592 2861 718 2933 ratione,
743 2861 883 2921 virtutem
906 2862 1079 2939 planetae
1102 2863 1255 2942 propriam
1278 2856 1426 2924 mihimer'

146 2956 194 3016 hic
218 2953 248 3013 in
272 2971 362 3031 opere
387 2959 542 3031 utramque
566 2951 625 3011 viru
650 2949 866 3029 quodammodo
892 2951 1051 3013 obnoxiam
1076 2952 1201 3013 iacimus
1225 2952 1295 3012 huic
1317 2969 1402 3032 propo
1421 2944 1451 3025 ',

147 3041 379 3112 distantiarum,
410 3040 479 3120 quia
503 3039 657 3119 utriusque
682 3057 835 3099 commune
859 3058 941 3118 opus,
967 3041 1100 3114 evalem,
1139 3041 1283 3121 planetae
1316 3026 1451 3133 damasi¹

146 3130 299 3193 modulum
337 3129 550 3189 distantiarum
583 3129 826 3207 percurrendam.
880 3128 948 3188 Etsi
979 3129 1069 3208 igitur
1092 3131 1255 3211 propinque
1282 3129 1451 3207 admodun=

148 3219 311 3280 veritatem
343 3218 526 3288 accessimus
551 3216 578 3276 iu
605 3218 713 3278 effectu
737 3217 824 3295 hujus
848 3218 997 3285 methodi.
1031 3218 1104 3279 nihil
1127 3228 1228 3280 tamen
1252 3216 1451 3295 habemnmd

148 3309 318 3387 gloriemur,
343 3326 518 3386 expressam
544 3326 610 3367 esse
636 3327 672 3366 ea
696 3306 863 3385 opinionem
888 3326 953 3385 cap.
968 3307 1067 3381 XLV,
1092 3307 1284 3369 siaratione
1301 3307 1451 3371 destituit!

147 3398 274 3461 Rectius
298 3395 393 3475 igitur
416 3395 593 3457 videbamur
617 3396 728 3468 acturi,
755 3393 780 3454 si
804 3394 896 3455 missa
916 3397 965 3456 via
986 3397 1065 3457 ovali
1088 3396 1256 3475 composita
1279 3397 1400 3479 ejusque

280 3520 333 3586 Fig.
356 3516 414 3569 103·
546 3485 739 3565 quadratura,
756 3484 887 3563 capitum
902 3484 1019 3546 XLVI.
1042 3485 1176 3547 XLVII.
1200 3485 1349 3549 XLVIII.
1365 3504 1394 3547 m

450 3647 459 3653 ⁸
548 3575 585 3634 ad
606 3573 674 3652 ipsa
689 3574 783 3634 uvalis
800 3573 867 3633 viae
886 3574 1041 3653 principia,
1063 3594 1128 3655 cap.
1146 3574 1246 3636 XLV.
1263 3585 1409 3649 assumta,

360 3714 372 3730 Ι
419 3664 431 3674 ”
548 3663 645 3724 culum
660 3670 910 3723 converteremus.
943 3662 1109 3741 Relegatur
1128 3671 1218 3744 caput
1231 3662 1334 3737 XLV,
1355 3672 1387 3725 et

491 3735 511 3790 G
547 3754 578 3813 A
602 3770 725 3831 corpore
749 3751 843 3823 Solis,
868 3752 1046 3813 diastemate
1069 3753 1143 3826 AD,
1169 3752 1300 3813 circulus
1322 3751 1386 3814 DG

548 3841 674 3922 epicycli
697 3841 862 3913 scribatur3
888 3850 918 3901 et
942 3842 1019 3902 alius
1044 3853 1146 3903 centro
1170 3843 1209 3910 A.
1234 3830 1451 3903 diastemateh

548 3930 677 3991 circulus
707 3928 848 4007 aphelii,
869 3929 898 3991 in
923 3950 979 4010 quo
1004 3928 1046 3989 sit
1068 3928 1156 3991 AGB
1180 3929 1262 3991 linea
1283 3930 1433 4012 apsidum

547 4018 686 4098 planeta,
723 4018 840 4096 quando
873 4026 921 4079 est
954 4016 1088 4097 ἀφηλιος,
1122 4019 1161 4080 sit
1188 4017 1220 4081 in
1240 4018 1279 4080 B.
1325 4019 1376 4083 Sit

547 4116 665 4186 tempus
688 4107 809 4186 aliquod
834 4107 970 4186 elapsum
990 4108 1028 4169 ab
1048 4127 1093 4182 eo,
1118 4128 1175 4189 quo
1195 4109 1323 4191 planete
1346 4106 1438 4171 fuitiu

476 4244 485 4261 .
548 4196 631 4275 cujus
664 4214 805 4257 mensura
835 4196 875 4257 sit
899 4194 982 4258 CDE
1015 4197 1143 4276 angulus
1166 4197 1197 4258 in
1226 4196 1377 4279 epicyclo,
1407 4182 1451 4257 ut]

548 4284 667 4365 aplrelio
691 4283 827 4365 epicycli,
850 4283 881 4345 in
905 4283 929 4347 C
954 4286 1114 4361 translato,
1138 4294 1170 4347 et
1193 4283 1222 4348 G
1246 4295 1353 4349 centro
1376 4282 1451 4367 epiep

547 4375 577 4434 in
600 4375 639 4447 D,
662 4374 786 4453 planeta
808 4373 838 4437 in
863 4374 996 4456 epicyclo
1020 4396 1040 4435 a
1059 4373 1083 4437 0
1108 4374 1136 4435 iu
1160 4374 1187 4435 Ε
1210 4374 1310 4438 iverit.
1357 4375 1451 4454 Ergo:

548 4462 788 4541 cognoscendum
811 4464 897 4528 DAB
922 4464 1072 4542 angulum,
1097 4464 1152 4525 sub
1170 4460 1254 4526 CDII
1277 4471 1451 4546 tempuspe

547 4553 654 4632 pende,
678 4551 833 4631 planetam
857 4574 876 4613 a
898 4552 924 4613 B
949 4553 976 4612 in
1001 4551 1027 4613 Ε
1051 4552 1225 4631 pervenisse
1261 4552 1376 4615 duabus
1401 4548 1451 4610 rirb

547 4641 648 4716 tibus;
673 4640 785 4714 altera,
810 4662 886 4723 quae
911 4642 1007 4721 ipsum
1032 4641 1103 4702 fecit
1127 4639 1191 4702 Soli
1215 4642 1398 4722 propiorem,
1416 4650 1451 4717 qut

548 4729 635 4791 simul
660 4728 753 4790 etiam
777 4731 881 4791 eduxit
904 4749 969 4791 eum
993 4750 1008 4790 e
1033 4731 1114 4791 linea
1137 4728 1193 4793 Ac
1217 4730 1267 4792 vel
1291 4731 1364 4805 AD,
1386 4729 1451 4803 iuli!

545 4820 628 4901 prius
650 4820 762 4896 iuerat,
787 4838 853 4881 cum
866 4819 923 4883 AC
939 4828 1022 4884 esset
1039 4819 1069 4880 in
1083 4819 1140 4883 AB
1150 4839 1160 4897 3
1184 4820 1294 4897 altera,
1313 4837 1386 4902 quae
1397 4816 1451 4899 ἱροῦ
