<?xml version="1.0" encoding="UTF-8"?>
<!DOCTYPE html PUBLIC "-//W3C//DTD XHTML 1.0 Transitional//EN"
    "http://www.w3.org/TR/xhtml1/DTD/xhtml1-transitional.dtd">
<html xmlns="http://www.w3.org/1999/xhtml" xml:lang="en" lang="en">
 <head>
  <title>
</title>
<meta http-equiv="Content-Type" content="text/html;charset=utf-8" />
  <meta name='ocr-system' content='tesseract 3.04.00' />
  <meta name='ocr-capabilities' content='ocr_page ocr_carea ocr_par ocr_line ocrx_word'/>
</head>
<body>
  <div class='ocr_page' id='page_1' title='image "./joanniskepleria12frisgoog/joanniskepleria12frisgoog_0131.png"; bbox 0 0 3278 5550; ppageno 0'>
   <div class='ocr_carea' id='block_1_1' title="bbox 143 260 1089 372">
    <p class='ocr_par' dir='ltr' id='par_1_1' title="bbox 143 260 1089 372">
     <span class='ocr_line' id='line_1_1' title="bbox 143 260 1089 372; baseline -0.003 -12"><span class='ocrx_word' id='word_1_1' title='bbox 143 298 206 369; x_wconf 75' lang='lat'><strong>122</strong></span> <span class='ocrx_word' id='word_1_2' title='bbox 477 285 480 301; x_wconf 59' lang='grc'>’</span> <span class='ocrx_word' id='word_1_3' title='bbox 530 306 534 319; x_wconf 91' lang='grc'><em>“</em></span> <span class='ocrx_word' id='word_1_4' title='bbox 559 304 660 356; x_wconf 85' lang='lat' dir='ltr'><strong>Literao</strong></span> <span class='ocrx_word' id='word_1_5' title='bbox 679 302 780 370; x_wconf 87' lang='lat' dir='ltr'><strong>Kepleri</strong></span> <span class='ocrx_word' id='word_1_6' title='bbox 799 260 949 372; x_wconf 80' lang='lat' dir='ltr'><strong>aliorumque</strong></span> <span class='ocrx_word' id='word_1_7' title='bbox 967 306 1089 358; x_wconf 86' lang='lat' dir='ltr'><strong>mutuae·</strong></span> 
     </span>
    </p>
   </div>
   <div class='ocr_carea' id='block_1_2' title="bbox 140 479 1524 1472">
    <p class='ocr_par' dir='ltr' id='par_1_2' title="bbox 140 479 1524 1472">
     <span class='ocr_line' id='line_1_2' title="bbox 140 479 1490 547; baseline -0.002 -14"><span class='ocrx_word' id='word_1_8' title='bbox 140 483 203 533; x_wconf 86' lang='lat' dir='ltr'><strong>tisnr</strong></span> <span class='ocrx_word' id='word_1_9' title='bbox 221 480 289 533; x_wconf 87' lang='lat' dir='ltr'><strong>dare.</strong></span> <span class='ocrx_word' id='word_1_10' title='bbox 327 481 381 546; x_wconf 79' lang='lat' dir='ltr'><strong>Ego</strong></span> <span class='ocrx_word' id='word_1_11' title='bbox 398 486 475 544; x_wconf 82' lang='lat' dir='ltr'><strong>puto.</strong></span> <span class='ocrx_word' id='word_1_12' title='bbox 501 487 527 529; x_wconf 90' lang='lat' dir='ltr'><strong>te</strong></span> <span class='ocrx_word' id='word_1_13' title='bbox 547 480 650 531; x_wconf 82' lang='lat' dir='ltr'><strong>alteram</strong></span> <span class='ocrx_word' id='word_1_14' title='bbox 678 480 1028 547; x_wconf 82' lang='lat' dir='ltr'><strong>prostbaphaeresispsrtem,</strong></span> <span class='ocrx_word' id='word_1_15' title='bbox 1047 487 1119 532; x_wconf 86' lang='lat' dir='ltr'><strong>utet</strong></span> <span class='ocrx_word' id='word_1_16' title='bbox 1143 481 1289 532; x_wconf 61' lang='lat' dir='ltr'><strong>&amp;mutiam</strong></span> <span class='ocrx_word' id='word_1_17' title='bbox 1315 479 1398 544; x_wconf 85' lang='lat' dir='ltr'><strong>potins</strong></span> <span class='ocrx_word' id='word_1_18' title='bbox 1423 480 1490 530; x_wconf 84' lang='lat' dir='ltr'><strong>ratio·</strong></span> 
     </span>
     <span class='ocr_line' id='line_1_3' title="bbox 141 551 1490 619; baseline -0.003 -14"><span class='ocrx_word' id='word_1_19' title='bbox 141 555 268 605; x_wconf 78' lang='lat' dir='ltr'><strong>cinatione</strong></span> <span class='ocrx_word' id='word_1_20' title='bbox 285 555 437 619; x_wconf 80' lang='lat' dir='ltr'><strong>geometrica</strong></span> <span class='ocrx_word' id='word_1_21' title='bbox 453 553 580 616; x_wconf 87' lang='lat' dir='ltr'><strong>colligere,</strong></span> <span class='ocrx_word' id='word_1_22' title='bbox 599 569 649 602; x_wconf 92' lang='lat' dir='ltr'><strong>uon</strong></span> <span class='ocrx_word' id='word_1_23' title='bbox 668 566 725 602; x_wconf 83' lang='lat' dir='ltr'><strong>vero</strong></span> <span class='ocrx_word' id='word_1_24' title='bbox 745 555 910 604; x_wconf 69' lang='lat' dir='ltr'><strong>astronomiae</strong></span> <span class='ocrx_word' id='word_1_25' title='bbox 929 561 956 604; x_wconf 92' lang='lat' dir='ltr'><strong>et</strong></span> <span class='ocrx_word' id='word_1_26' title='bbox 968 555 1049 617; x_wconf 86' lang='lat' dir='ltr'><strong>optioe</strong></span> <span class='ocrx_word' id='word_1_27' title='bbox 1068 554 1115 609; x_wconf 87' lang='lat' dir='ltr'><strong>boc</strong></span> <span class='ocrx_word' id='word_1_28' title='bbox 1134 553 1265 603; x_wconf 72' lang='lat' dir='ltr'><strong>ostondmc</strong></span> <span class='ocrx_word' id='word_1_29' title='bbox 1282 566 1367 616; x_wconf 85' lang='lat' dir='ltr'><strong>posse,</strong></span> <span class='ocrx_word' id='word_1_30' title='bbox 1386 554 1412 602; x_wconf 91' lang='lat' dir='ltr'><strong>in</strong></span> <span class='ocrx_word' id='word_1_31' title='bbox 1429 551 1490 601; x_wconf 80' lang='lat' dir='ltr'><strong>tulis·</strong></span> 
     </span>
     <span class='ocr_line' id='line_1_4' title="bbox 140 622 1493 689; baseline 0.001 -15"><span class='ocrx_word' id='word_1_32' title='bbox 140 633 209 675; x_wconf 89' lang='lat' dir='ltr'><strong>mate</strong></span> <span class='ocrx_word' id='word_1_33' title='bbox 228 627 265 674; x_wconf 89' lang='lat' dir='ltr'><strong>ita</strong></span> <span class='ocrx_word' id='word_1_34' title='bbox 283 639 337 674; x_wconf 90' lang='lat' dir='ltr'><strong>csse</strong></span> <span class='ocrx_word' id='word_1_35' title='bbox 357 631 401 673; x_wconf 90' lang='lat' dir='ltr'><strong>aut</strong></span> <span class='ocrx_word' id='word_1_36' title='bbox 419 623 472 672; x_wconf 85' lang='lat' dir='ltr'><strong>fieri</strong></span> <span class='ocrx_word' id='word_1_37' title='bbox 490 630 609 687; x_wconf 91' lang='lat' dir='ltr'><strong>oportere.</strong></span> <span class='ocrx_word' id='word_1_38' title='bbox 637 624 775 687; x_wconf 89' lang='lat' dir='ltr'><strong>implicatio</strong></span> <span class='ocrx_word' id='word_1_39' title='bbox 795 640 890 689; x_wconf 88' lang='lat' dir='ltr'><strong>quoque</strong></span> <span class='ocrx_word' id='word_1_40' title='bbox 914 625 1037 675; x_wconf 87' lang='lat' dir='ltr'><strong>indirecta</strong></span> <span class='ocrx_word' id='word_1_41' title='bbox 1055 626 1129 683; x_wconf 83' lang='lat' dir='ltr'><strong>trium</strong></span> <span class='ocrx_word' id='word_1_42' title='bbox 1149 626 1301 675; x_wconf 82' lang='lat' dir='ltr'><strong>diversarum</strong></span> <span class='ocrx_word' id='word_1_43' title='bbox 1319 622 1493 675; x_wconf 65' lang='lat' dir='ltr'><strong>mentalium</strong></span> 
     </span>
     <span class='ocr_line' id='line_1_5' title="bbox 141 694 1492 760; baseline -0.002 -14"><span class='ocrx_word' id='word_1_44' title='bbox 141 703 170 746; x_wconf 93' lang='lat' dir='ltr'><strong>ut</strong></span> <span class='ocrx_word' id='word_1_45' title='bbox 188 696 359 746; x_wconf 83' lang='lat' dir='ltr'><strong>difficultatem</strong></span> <span class='ocrx_word' id='word_1_46' title='bbox 378 697 511 743; x_wconf 84' lang='lat' dir='ltr'><strong>maximam</strong></span> <span class='ocrx_word' id='word_1_47' title='bbox 530 694 625 745; x_wconf 71' lang='lat' dir='ltr'><strong>calamo</strong></span> <span class='ocrx_word' id='word_1_48' title='bbox 644 697 736 758; x_wconf 82' lang='lat' dir='ltr'><strong>inJicit,</strong></span> <span class='ocrx_word' id='word_1_49' title='bbox 762 699 799 746; x_wconf 87' lang='lat' dir='ltr'><strong>ita</strong></span> <span class='ocrx_word' id='word_1_50' title='bbox 817 697 982 759; x_wconf 87' lang='lat' dir='ltr'><strong>suspicionem</strong></span> <span class='ocrx_word' id='word_1_51' title='bbox 1000 703 1097 753; x_wconf 85' lang='lat' dir='ltr'><strong>moret,</strong></span> <span class='ocrx_word' id='word_1_52' title='bbox 1124 695 1272 760; x_wconf 72' lang='lat' dir='ltr'>hypothesin</span> <span class='ocrx_word' id='word_1_53' title='bbox 1292 694 1434 745; x_wconf 85' lang='lat' dir='ltr'><strong>naturalem</strong></span> <span class='ocrx_word' id='word_1_54' title='bbox 1450 709 1492 743; x_wconf 88' lang='lat' dir='ltr'><strong>uon</strong></span> 
     </span>
     <span class='ocr_line' id='line_1_6' title="bbox 142 763 1492 831; baseline 0 -16"><span class='ocrx_word' id='word_1_55' title='bbox 142 782 205 816; x_wconf 87' lang='lat' dir='ltr'><strong>esse.</strong></span> <span class='ocrx_word' id='word_1_56' title='bbox 232 767 337 822; x_wconf 79' lang='lat' dir='ltr'><strong>Addam,</strong></span> <span class='ocrx_word' id='word_1_57' title='bbox 351 780 415 831; x_wconf 90' lang='lat' dir='ltr'><strong>quae</strong></span> <span class='ocrx_word' id='word_1_58' title='bbox 427 767 493 814; x_wconf 91' lang='lat' dir='ltr'><strong>luter</strong></span> <span class='ocrx_word' id='word_1_59' title='bbox 505 766 661 815; x_wconf 88' lang='lat' dir='ltr'><strong>scribendum</strong></span> <span class='ocrx_word' id='word_1_60' title='bbox 673 767 732 816; x_wconf 91' lang='lat' dir='ltr'><strong>mihi</strong></span> <span class='ocrx_word' id='word_1_61' title='bbox 746 767 912 819; x_wconf 76' lang='lat' dir='ltr'><strong>commodiora</strong></span> <span class='ocrx_word' id='word_1_62' title='bbox 928 768 982 817; x_wconf 82' lang='lat' dir='ltr'><strong>visa</strong></span> <span class='ocrx_word' id='word_1_63' title='bbox 994 775 1051 817; x_wconf 91' lang='lat' dir='ltr'><strong>sunt</strong></span> <span class='ocrx_word' id='word_1_64' title='bbox 1064 768 1096 817; x_wconf 89' lang='lat' dir='ltr'><strong>ad</strong></span> <span class='ocrx_word' id='word_1_65' title='bbox 1110 766 1264 816; x_wconf 85' lang='lat' dir='ltr'><strong>intellectum</strong></span> <span class='ocrx_word' id='word_1_66' title='bbox 1277 774 1338 816; x_wconf 76' lang='lat' dir='ltr'><strong>arae</strong></span> <span class='ocrx_word' id='word_1_67' title='bbox 1349 763 1492 831; x_wconf 70' lang='lat' dir='ltr'><strong>hypothesis</strong></span> 
     </span>
     <span class='ocr_line' id='line_1_7' title="bbox 142 831 1493 904; baseline -0.003 -16"><span class='ocrx_word' id='word_1_68' title='bbox 142 838 275 904; x_wconf 79' lang='lat' dir='ltr'><strong>Tnpliuem</strong></span> <span class='ocrx_word' id='word_1_69' title='bbox 294 845 364 886; x_wconf 83' lang='lat' dir='ltr'><strong>tuum</strong></span> <span class='ocrx_word' id='word_1_70' title='bbox 383 838 532 886; x_wconf 84' lang='lat' dir='ltr'><strong>anomaliam</strong></span> <span class='ocrx_word' id='word_1_71' title='bbox 552 839 587 887; x_wconf 88' lang='lat' dir='ltr'><strong>sic</strong></span> <span class='ocrx_word' id='word_1_72' title='bbox 606 838 732 903; x_wconf 76' lang='lat' dir='ltr'><strong>intelligo:</strong></span> <span class='ocrx_word' id='word_1_73' title='bbox 754 838 889 888; x_wconf 85' lang='lat' dir='ltr'><strong>Constituis</strong></span> <span class='ocrx_word' id='word_1_74' title='bbox 907 839 1043 903; x_wconf 73' lang='lat' dir='ltr'><strong>simplicem</strong></span> <span class='ocrx_word' id='word_1_75' title='bbox 1061 838 1169 888; x_wconf 86' lang='lat' dir='ltr'><strong>madiam</strong></span> <span class='ocrx_word' id='word_1_76' title='bbox 1188 839 1213 887; x_wconf 92' lang='lat' dir='ltr'><strong>in</strong></span> <span class='ocrx_word' id='word_1_77' title='bbox 1228 834 1352 887; x_wconf 78' lang='lat' dir='ltr'><strong>circuloE</strong></span> <span class='ocrx_word' id='word_1_78' title='bbox 1368 834 1433 902; x_wconf 77' lang='lat' dir='ltr'><strong>(Pig.</strong></span> <span class='ocrx_word' id='word_1_79' title='bbox 1447 831 1493 896; x_wconf 76' lang='grc'><strong>37),</strong></span> 
     </span>
     <span class='ocr_line' id='line_1_8' title="bbox 143 896 1524 975; baseline -0.002 -17"><span class='ocrx_word' id='word_1_80' title='bbox 143 910 183 958; x_wconf 81' lang='lat' dir='ltr'><strong>oui</strong></span> <span class='ocrx_word' id='word_1_81' title='bbox 200 912 227 959; x_wconf 91' lang='lat' dir='ltr'><strong>iu</strong></span> <span class='ocrx_word' id='word_1_82' title='bbox 246 909 310 958; x_wconf 84' lang='lat' dir='ltr'><strong>oraii</strong></span> <span class='ocrx_word' id='word_1_83' title='bbox 328 909 461 972; x_wconf 79' lang='lat' dir='ltr'><strong>respondet</strong></span> <span class='ocrx_word' id='word_1_84' title='bbox 480 907 507 967; x_wconf 83' lang='lat'><strong>0,</strong></span> <span class='ocrx_word' id='word_1_85' title='bbox 528 909 562 958; x_wconf 91' lang='lat' dir='ltr'><strong>ad</strong></span> <span class='ocrx_word' id='word_1_86' title='bbox 580 908 626 957; x_wconf 92' lang='lat' dir='ltr'><strong>hoc</strong></span> <span class='ocrx_word' id='word_1_87' title='bbox 645 910 719 975; x_wconf 90' lang='lat' dir='ltr'><strong>igitur</strong></span> <span class='ocrx_word' id='word_1_88' title='bbox 736 918 856 973; x_wconf 88' lang='lat' dir='ltr'><strong>punctum</strong></span> <span class='ocrx_word' id='word_1_89' title='bbox 874 916 1038 975; x_wconf 83' lang='lat' dir='ltr'><strong>coaequatam</strong></span> <span class='ocrx_word' id='word_1_90' title='bbox 1058 910 1186 958; x_wconf 75' lang='lat' dir='ltr'><strong>constituis</strong></span> <span class='ocrx_word' id='word_1_91' title='bbox 1199 906 1296 969; x_wconf 81' lang='lat' dir='ltr'><strong>(EAG).</strong></span> <span class='ocrx_word' id='word_1_92' title='bbox 1325 905 1429 967; x_wconf 73' lang='lat' dir='ltr'><strong>Strato</strong></span> <span class='ocrx_word' id='word_1_93' title='bbox 1445 920 1491 971; x_wconf 84' lang='lat' dir='ltr'><strong>prt-</strong></span> <span class='ocrx_word' id='word_1_94' title='bbox 1520 896 1524 929; x_wconf 73' lang='lat'><em>¹</em></span> 
     </span>
     <span class='ocr_line' id='line_1_9' title="bbox 143 968 1524 1046; baseline -0.001 -15"><span class='ocrx_word' id='word_1_95' title='bbox 143 981 251 1031; x_wconf 84' lang='lat' dir='ltr'><strong>ducatm</strong></span> <span class='ocrx_word' id='word_1_96' title='bbox 267 979 312 1029; x_wconf 87' lang='lat' dir='ltr'><strong>ilis</strong></span> <span class='ocrx_word' id='word_1_97' title='bbox 330 980 398 1028; x_wconf 87' lang='lat' dir='ltr'><strong>lluea</strong></span> <span class='ocrx_word' id='word_1_98' title='bbox 417 979 448 1028; x_wconf 90' lang='lat' dir='ltr'><strong>ab</strong></span> <span class='ocrx_word' id='word_1_99' title='bbox 467 979 545 1028; x_wconf 83' lang='lat' dir='ltr'><strong>oralia</strong></span> <span class='ocrx_word' id='word_1_100' title='bbox 562 987 655 1042; x_wconf 91' lang='lat' dir='ltr'><strong>puncto</strong></span> <span class='ocrx_word' id='word_1_101' title='bbox 674 981 706 1029; x_wconf 86' lang='lat' dir='ltr'><strong>ad</strong></span> <span class='ocrx_word' id='word_1_102' title='bbox 730 980 848 1030; x_wconf 89' lang='lat' dir='ltr'><strong>circulum</strong></span> <span class='ocrx_word' id='word_1_103' title='bbox 866 980 899 1037; x_wconf 88' lang='lat' dir='ltr'><strong>D,</strong></span> <span class='ocrx_word' id='word_1_104' title='bbox 919 988 946 1029; x_wconf 93' lang='lat' dir='ltr'><strong>et</strong></span> <span class='ocrx_word' id='word_1_105' title='bbox 963 981 997 1029; x_wconf 91' lang='lat' dir='ltr'><strong>iili</strong></span> <span class='ocrx_word' id='word_1_106' title='bbox 1016 980 1069 1030; x_wconf 88' lang='lat' dir='ltr'><strong>loco</strong></span> <span class='ocrx_word' id='word_1_107' title='bbox 1091 987 1269 1046; x_wconf 73' lang='lat' dir='ltr'><strong>congruentem</strong></span> <span class='ocrx_word' id='word_1_108' title='bbox 1289 992 1373 1028; x_wconf 88' lang='lat' dir='ltr'><strong>rursus</strong></span> <span class='ocrx_word' id='word_1_109' title='bbox 1394 974 1492 1039; x_wconf 69' lang='lat' dir='ltr'><strong>laert!</strong></span> <span class='ocrx_word' id='word_1_110' title='bbox 1517 968 1524 999; x_wconf 92' lang='lat'>&#39;</span> 
     </span>
     <span class='ocr_line' id='line_1_10' title="bbox 143 1047 1518 1117; baseline 0.001 -14"><span class='ocrx_word' id='word_1_111' title='bbox 143 1053 280 1117; x_wconf 84' lang='lat' dir='ltr'><strong>quaesieris</strong></span> <span class='ocrx_word' id='word_1_112' title='bbox 297 1050 332 1105; x_wconf 85' lang='lat' dir='ltr'><strong>K,</strong></span> <span class='ocrx_word' id='word_1_113' title='bbox 352 1052 398 1099; x_wconf 91' lang='lat' dir='ltr'><strong>erit</strong></span> <span class='ocrx_word' id='word_1_114' title='bbox 416 1059 536 1113; x_wconf 89' lang='lat' dir='ltr'><strong>punctum</strong></span> <span class='ocrx_word' id='word_1_115' title='bbox 555 1051 729 1100; x_wconf 74' lang='lat' dir='ltr'><strong>retardationis</strong></span> <span class='ocrx_word' id='word_1_116' title='bbox 745 1052 780 1112; x_wconf 69' lang='grc' dir='ltr'><strong>ό,</strong></span> <span class='ocrx_word' id='word_1_117' title='bbox 800 1060 827 1101; x_wconf 82' lang='lat' dir='ltr'><strong>et</strong></span> <span class='ocrx_word' id='word_1_118' title='bbox 844 1054 880 1101; x_wconf 91' lang='lat' dir='ltr'><strong>sic</strong></span> <span class='ocrx_word' id='word_1_119' title='bbox 892 1053 926 1101; x_wconf 92' lang='lat' dir='ltr'><strong>ibi</strong></span> <span class='ocrx_word' id='word_1_120' title='bbox 945 1053 1026 1101; x_wconf 84' lang='lat' dir='ltr'><strong>altera</strong></span> <span class='ocrx_word' id='word_1_121' title='bbox 1044 1054 1160 1116; x_wconf 87' lang='lat' dir='ltr'><strong>aequatio</strong></span> <span class='ocrx_word' id='word_1_122' title='bbox 1179 1053 1245 1101; x_wconf 86' lang='lat' dir='ltr'><strong>erit·</strong></span> <span class='ocrx_word' id='word_1_123' title='bbox 1259 1053 1294 1100; x_wconf 78' lang='lat' dir='ltr'><strong>et</strong></span> <span class='ocrx_word' id='word_1_124' title='bbox 1311 1047 1489 1105; x_wconf 60' lang='lat' dir='ltr'><strong>osteum</strong></span> <span class='ocrx_word' id='word_1_125' title='bbox 1514 1056 1518 1071; x_wconf 91' lang='lat'>&#39;</span> 
     </span>
     <span class='ocr_line' id='line_1_11' title="bbox 144 1108 1524 1191; baseline -0.002 -17"><span class='ocrx_word' id='word_1_126' title='bbox 144 1123 178 1174; x_wconf 84' lang='lat' dir='ltr'><strong>ad</strong></span> <span class='ocrx_word' id='word_1_127' title='bbox 196 1116 256 1172; x_wconf 92' lang='lat' dir='ltr'><strong>iliud</strong></span> <span class='ocrx_word' id='word_1_128' title='bbox 274 1130 393 1186; x_wconf 87' lang='lat' dir='ltr'><strong>punctum</strong></span> <span class='ocrx_word' id='word_1_129' title='bbox 412 1123 586 1171; x_wconf 77' lang='lat' dir='ltr'><strong>retardationis</strong></span> <span class='ocrx_word' id='word_1_130' title='bbox 604 1125 771 1186; x_wconf 88' lang='lat' dir='ltr'><strong>geometricae</strong></span> <span class='ocrx_word' id='word_1_131' title='bbox 791 1122 815 1183; x_wconf 74' lang='lat' dir='ltr'><strong>d</strong></span> <span class='ocrx_word' id='word_1_132' title='bbox 837 1122 907 1191; x_wconf 62' lang='lat' dir='ltr'><strong>CAK</strong></span> <span class='ocrx_word' id='word_1_133' title='bbox 925 1139 952 1173; x_wconf 88' lang='lat' dir='ltr'><strong>rc</strong></span> <span class='ocrx_word' id='word_1_134' title='bbox 970 1137 1029 1173; x_wconf 86' lang='lat' dir='ltr'><strong>vera</strong></span> <span class='ocrx_word' id='word_1_135' title='bbox 1056 1125 1205 1173; x_wconf 85' lang='lat' dir='ltr'><strong>constituere</strong></span> <span class='ocrx_word' id='word_1_136' title='bbox 1224 1122 1328 1173; x_wconf 80' lang='lat' dir='ltr'><strong>alteram</strong></span> <span class='ocrx_word' id='word_1_137' title='bbox 1348 1108 1524 1186; x_wconf 56' lang='lat' dir='ltr'><strong>ammaus?</strong></span> 
     </span>
     <span class='ocr_line' id='line_1_12' title="bbox 144 1178 1524 1258; baseline -0.003 -13"><span class='ocrx_word' id='word_1_138' title='bbox 144 1200 243 1258; x_wconf 83' lang='lat' dir='ltr'><strong>partem</strong></span> <span class='ocrx_word' id='word_1_139' title='bbox 260 1199 287 1242; x_wconf 88' lang='lat' dir='ltr'><strong>ct</strong></span> <span class='ocrx_word' id='word_1_140' title='bbox 305 1192 356 1242; x_wconf 80' lang='grc' dir='ltr'><strong>ΔΚ</strong></span> <span class='ocrx_word' id='word_1_141' title='bbox 375 1193 520 1242; x_wconf 85' lang='lat' dir='ltr'><strong>distantiam</strong></span> <span class='ocrx_word' id='word_1_142' title='bbox 538 1207 629 1242; x_wconf 86' lang='lat' dir='ltr'><strong>rerem.</strong></span> <span class='ocrx_word' id='word_1_143' title='bbox 666 1195 702 1243; x_wconf 81' lang='lat' dir='ltr'><strong>At</strong></span> <span class='ocrx_word' id='word_1_144' title='bbox 720 1194 840 1244; x_wconf 84' lang='lat' dir='ltr'><strong>distantia</strong></span> <span class='ocrx_word' id='word_1_145' title='bbox 858 1194 933 1244; x_wconf 88' lang='lat' dir='ltr'><strong>debet</strong></span> <span class='ocrx_word' id='word_1_146' title='bbox 951 1194 1003 1244; x_wconf 88' lang='lat' dir='ltr'><strong>lieri</strong></span> <span class='ocrx_word' id='word_1_147' title='bbox 1022 1209 1066 1258; x_wconf 91' lang='lat' dir='ltr'><strong>per</strong></span> <span class='ocrx_word' id='word_1_148' title='bbox 1091 1194 1217 1255; x_wconf 76' lang='lat' dir='ltr'><strong>dimidiam</strong></span> <span class='ocrx_word' id='word_1_149' title='bbox 1236 1189 1489 1244; x_wconf 83' lang='lat' dir='ltr'><strong>eccentrlcitatom&#39;tl</strong></span> <span class='ocrx_word' id='word_1_150' title='bbox 1511 1178 1524 1216; x_wconf 81' lang='lat'>¹</span> 
     </span>
     <span class='ocr_line' id='line_1_13' title="bbox 145 1252 1524 1330; baseline 0.001 -16"><span class='ocrx_word' id='word_1_151' title='bbox 145 1265 254 1315; x_wconf 84' lang='lat' dir='ltr'><strong>medinm</strong></span> <span class='ocrx_word' id='word_1_152' title='bbox 273 1266 299 1314; x_wconf 92' lang='lat' dir='ltr'><strong>in</strong></span> <span class='ocrx_word' id='word_1_153' title='bbox 318 1263 383 1312; x_wconf 84' lang='lat' dir='ltr'><strong>crull</strong></span> <span class='ocrx_word' id='word_1_154' title='bbox 402 1261 421 1312; x_wconf 83' lang='lat' dir='ltr'>C</span> <span class='ocrx_word' id='word_1_155' title='bbox 440 1279 489 1313; x_wconf 90' lang='lat' dir='ltr'><strong>nou</strong></span> <span class='ocrx_word' id='word_1_156' title='bbox 509 1264 542 1313; x_wconf 93' lang='lat' dir='ltr'><strong>ad</strong></span> <span class='ocrx_word' id='word_1_157' title='bbox 559 1264 603 1321; x_wconf 79' lang='lat' dir='ltr'><strong>K;</strong></span> <span class='ocrx_word' id='word_1_158' title='bbox 632 1267 711 1327; x_wconf 82' lang='lat' dir='ltr'><strong>major</strong></span> <span class='ocrx_word' id='word_1_159' title='bbox 737 1267 814 1330; x_wconf 85' lang='lat' dir='ltr'><strong>igitur</strong></span> <span class='ocrx_word' id='word_1_160' title='bbox 839 1252 887 1315; x_wconf 74' lang='lat' dir='ltr'><strong>iric</strong></span> <span class='ocrx_word' id='word_1_161' title='bbox 914 1265 1035 1316; x_wconf 71' lang='lat' dir='ltr'><strong>dranus</strong></span> <span class='ocrx_word' id='word_1_162' title='bbox 1059 1268 1085 1315; x_wconf 93' lang='lat' dir='ltr'><strong>iu</strong></span> <span class='ocrx_word' id='word_1_163' title='bbox 1101 1266 1128 1316; x_wconf 88' lang='lat' dir='ltr'>K</span> <span class='ocrx_word' id='word_1_164' title='bbox 1152 1262 1228 1330; x_wconf 86' lang='lat' dir='ltr'><strong>quam</strong></span> <span class='ocrx_word' id='word_1_165' title='bbox 1249 1267 1275 1315; x_wconf 90' lang='lat' dir='ltr'><strong>iu</strong></span> <span class='ocrx_word' id='word_1_166' title='bbox 1295 1263 1322 1314; x_wconf 82' lang='grc'><strong>0.</strong></span> <span class='ocrx_word' id='word_1_167' title='bbox 1362 1262 1489 1328; x_wconf 61' lang='grc' dir='ltr'><strong>ΜΝ</strong></span> <span class='ocrx_word' id='word_1_168' title='bbox 1511 1252 1524 1287; x_wconf 87' lang='lat'>¹</span> 
     </span>
     <span class='ocr_line' id='line_1_14' title="bbox 147 1333 1517 1402; baseline -0.002 -16"><span class='ocrx_word' id='word_1_169' title='bbox 147 1336 265 1402; x_wconf 87' lang='lat' dir='ltr'><strong>angulum</strong></span> <span class='ocrx_word' id='word_1_170' title='bbox 285 1335 356 1386; x_wconf 69' lang='lat' dir='ltr'><strong>cai&lt;</strong></span> <span class='ocrx_word' id='word_1_171' title='bbox 374 1336 458 1384; x_wconf 86' lang='lat' dir='ltr'><strong>iacere</strong></span> <span class='ocrx_word' id='word_1_172' title='bbox 476 1351 525 1384; x_wconf 91' lang='lat' dir='ltr'><strong>uon</strong></span> <span class='ocrx_word' id='word_1_173' title='bbox 545 1335 653 1398; x_wconf 92' lang='lat' dir='ltr'><strong>opticum</strong></span> <span class='ocrx_word' id='word_1_174' title='bbox 672 1337 716 1386; x_wconf 88' lang='lat' dir='ltr'><strong>sed</strong></span> <span class='ocrx_word' id='word_1_175' title='bbox 735 1337 921 1402; x_wconf 91' lang='lat' dir='ltr'><strong>geometricum,</strong></span> <span class='ocrx_word' id='word_1_176' title='bbox 940 1337 978 1386; x_wconf 82' lang='lat' dir='ltr'><strong>rel</strong></span> <span class='ocrx_word' id='word_1_177' title='bbox 996 1336 1130 1387; x_wconf 86' lang='lat' dir='ltr'><strong>habentem</strong></span> <span class='ocrx_word' id='word_1_178' title='bbox 1149 1336 1257 1386; x_wconf 81' lang='lat' dir='ltr'><strong>valorem</strong></span> <span class='ocrx_word' id='word_1_179' title='bbox 1275 1337 1346 1385; x_wconf 78' lang='lat' dir='ltr'><strong>istim</strong></span> <span class='ocrx_word' id='word_1_180' title='bbox 1366 1333 1489 1400; x_wconf 61' lang='lat' dir='ltr'><strong>angam</strong></span> <span class='ocrx_word' id='word_1_181' title='bbox 1512 1338 1517 1389; x_wconf 70' lang='grc' dir='ltr'>ἶ</span> 
     </span>
     <span class='ocr_line' id='line_1_15' title="bbox 144 1396 1520 1472; baseline -0.002 -15"><span class='ocrx_word' id='word_1_182' title='bbox 144 1410 180 1471; x_wconf 77' lang='lat' dir='ltr'><strong>sic</strong></span> <span class='ocrx_word' id='word_1_183' title='bbox 198 1408 225 1459; x_wconf 88' lang='lat' dir='ltr'><strong>K</strong></span> <span class='ocrx_word' id='word_1_184' title='bbox 241 1413 362 1471; x_wconf 88' lang='lat' dir='ltr'><strong>punctum</strong></span> <span class='ocrx_word' id='word_1_185' title='bbox 379 1407 478 1470; x_wconf 90' lang='lat' dir='ltr'><strong>propius</strong></span> <span class='ocrx_word' id='word_1_186' title='bbox 499 1406 604 1456; x_wconf 85' lang='lat' dir='ltr'><strong>accedet</strong></span> <span class='ocrx_word' id='word_1_187' title='bbox 616 1406 649 1455; x_wconf 91' lang='lat' dir='ltr'><strong>ad</strong></span> <span class='ocrx_word' id='word_1_188' title='bbox 662 1407 690 1455; x_wconf 83' lang='lat' dir='ltr'><strong>C.</strong></span> <span class='ocrx_word' id='word_1_189' title='bbox 716 1410 758 1464; x_wconf 83' lang='lat' dir='ltr'><strong>At,</strong></span> <span class='ocrx_word' id='word_1_190' title='bbox 778 1410 810 1456; x_wconf 89' lang='lat' dir='ltr'><strong>mi</strong></span> <span class='ocrx_word' id='word_1_191' title='bbox 824 1407 942 1471; x_wconf 87' lang='lat' dir='ltr'><strong>Keplere,</strong></span> <span class='ocrx_word' id='word_1_192' title='bbox 961 1423 1005 1472; x_wconf 91' lang='lat' dir='ltr'><strong>per</strong></span> <span class='ocrx_word' id='word_1_193' title='bbox 1016 1408 1124 1458; x_wconf 81' lang='lat' dir='ltr'><strong>valorem</strong></span> <span class='ocrx_word' id='word_1_194' title='bbox 1143 1407 1259 1472; x_wconf 89' lang='lat' dir='ltr'><strong>trianguli</strong></span> <span class='ocrx_word' id='word_1_195' title='bbox 1273 1408 1350 1456; x_wconf 87' lang='lat' dir='ltr'><strong>istum</strong></span> <span class='ocrx_word' id='word_1_196' title='bbox 1368 1403 1488 1466; x_wconf 77' lang='lat' dir='ltr'><strong>secundus</strong></span> <span class='ocrx_word' id='word_1_197' title='bbox 1512 1396 1520 1429; x_wconf 74' lang='lat'>¹</span> 
     </span>
    </p>
   </div>
   <div class='ocr_carea' id='block_1_3' title="bbox 144 1469 1524 1601">
    <p class='ocr_par' dir='ltr' id='par_1_3' title="bbox 144 1469 1524 1601">
     <span class='ocr_line' id='line_1_16' title="bbox 144 1469 1524 1601; baseline -0.001 -73"><span class='ocrx_word' id='word_1_198' title='bbox 144 1480 303 1601; x_wconf 45' lang='lat' dir='ltr'><strong>mamni&amp;</strong></span> <span class='ocrx_word' id='word_1_199' title='bbox 320 1475 439 1598; x_wconf 54' lang='lat' dir='ltr'><strong>aqffium</strong></span> <span class='ocrx_word' id='word_1_200' title='bbox 457 1492 506 1527; x_wconf 92' lang='lat' dir='ltr'><strong>uon</strong></span> <span class='ocrx_word' id='word_1_201' title='bbox 525 1483 624 1542; x_wconf 88' lang='lat' dir='ltr'><strong>oportet</strong></span> <span class='ocrx_word' id='word_1_202' title='bbox 642 1490 770 1536; x_wconf 83' lang='lat' dir='ltr'><strong>excusare,</strong></span> <span class='ocrx_word' id='word_1_203' title='bbox 790 1479 890 1543; x_wconf 89' lang='lat' dir='ltr'><strong>sedper</strong></span> <span class='ocrx_word' id='word_1_204' title='bbox 908 1481 1017 1543; x_wconf 90' lang='lat' dir='ltr'><strong>opticum</strong></span> <span class='ocrx_word' id='word_1_205' title='bbox 1037 1479 1165 1544; x_wconf 78' lang='lat' dir='ltr'><strong>angulum,</strong></span> <span class='ocrx_word' id='word_1_206' title='bbox 1185 1481 1249 1529; x_wconf 91' lang='lat' dir='ltr'><strong>sicut</strong></span> <span class='ocrx_word' id='word_1_207' title='bbox 1266 1479 1293 1527; x_wconf 90' lang='lat' dir='ltr'><strong>ln</strong></span> <span class='ocrx_word' id='word_1_208' title='bbox 1311 1477 1394 1542; x_wconf 84' lang='lat' dir='ltr'><strong>prima</strong></span> <span class='ocrx_word' id='word_1_209' title='bbox 1411 1484 1487 1541; x_wconf 64' lang='lat' dir='ltr'><strong>aequ·</strong></span> <span class='ocrx_word' id='word_1_210' title='bbox 1513 1469 1524 1574; x_wconf 59' lang='grc' dir='ltr'><strong>ΙΙ</strong></span> 
     </span>
     <span class='ocr_line' id='line_1_17' title="bbox 180 1564 1464 1601; baseline -0.001 -29"><span class='ocrx_word' id='word_1_211' title='bbox 180 1566 197 1601; x_wconf 58' lang='lat' dir='ltr'>u</span> <span class='ocrx_word' id='word_1_212' title='bbox 815 1572 822 1591; x_wconf 40' lang='lat'><em>⁶</em></span> <span class='ocrx_word' id='word_1_213' title='bbox 1460 1564 1464 1571; x_wconf 95' lang='lat'>.</span> 
     </span>
    </p>
   </div>
   <div class='ocr_carea' id='block_1_4' title="bbox 142 1612 1524 3196">
    <p class='ocr_par' dir='ltr' id='par_1_4' title="bbox 142 1612 1524 3196">
     <span class='ocr_line' id='line_1_18' title="bbox 208 1612 1522 1688; baseline -0.001 -18"><span class='ocrx_word' id='word_1_214' title='bbox 208 1685 210 1688; x_wconf 84' lang='lat'>.</span> <span class='ocrx_word' id='word_1_215' title='bbox 233 1620 274 1672; x_wconf 88' lang='lat' dir='ltr'><strong>Sic</strong></span> <span class='ocrx_word' id='word_1_216' title='bbox 293 1621 377 1669; x_wconf 85' lang='lat' dir='ltr'><strong>omula</strong></span> <span class='ocrx_word' id='word_1_217' title='bbox 395 1634 425 1669; x_wconf 85' lang='lat' dir='ltr'><strong>ex</strong></span> <span class='ocrx_word' id='word_1_218' title='bbox 443 1635 492 1668; x_wconf 91' lang='lat' dir='ltr'><strong>uno</strong></span> <span class='ocrx_word' id='word_1_219' title='bbox 511 1619 671 1670; x_wconf 75' lang='lat' dir='ltr'><strong>fundamento</strong></span> <span class='ocrx_word' id='word_1_220' title='bbox 696 1620 839 1686; x_wconf 87' lang='lat' dir='ltr'><strong>procedunt</strong></span> <span class='ocrx_word' id='word_1_221' title='bbox 877 1621 928 1671; x_wconf 89' lang='lat' dir='ltr'><strong>Sed</strong></span> <span class='ocrx_word' id='word_1_222' title='bbox 947 1622 1010 1672; x_wconf 88' lang='lat' dir='ltr'><strong>iorto</strong></span> <span class='ocrx_word' id='word_1_223' title='bbox 1033 1623 1095 1671; x_wconf 86' lang='lat' dir='ltr'><strong>istas</strong></span> <span class='ocrx_word' id='word_1_224' title='bbox 1113 1630 1170 1672; x_wconf 88' lang='lat' dir='ltr'><strong>tuas</strong></span> <span class='ocrx_word' id='word_1_225' title='bbox 1194 1620 1346 1672; x_wconf 62' lang='lat' dir='ltr'><strong>subtilitates</strong></span> <span class='ocrx_word' id='word_1_226' title='bbox 1364 1634 1416 1670; x_wconf 88' lang='lat' dir='ltr'><strong>non</strong></span> <span class='ocrx_word' id='word_1_227' title='bbox 1432 1618 1489 1679; x_wconf 58' lang='lat' dir='ltr'><strong>sab,</strong></span> <span class='ocrx_word' id='word_1_228' title='bbox 1514 1612 1522 1645; x_wconf 91' lang='lat'><em>¹</em></span> 
     </span>
     <span class='ocr_line' id='line_1_19' title="bbox 145 1684 1524 1758; baseline -0.003 -17"><span class='ocrx_word' id='word_1_229' title='bbox 145 1691 211 1758; x_wconf 92' lang='lat' dir='ltr'><strong>quod</strong></span> <span class='ocrx_word' id='word_1_230' title='bbox 229 1694 309 1758; x_wconf 88' lang='lat' dir='ltr'><strong>magis</strong></span> <span class='ocrx_word' id='word_1_231' title='bbox 327 1693 420 1755; x_wconf 87' lang='lat' dir='ltr'><strong>opinor,</strong></span> <span class='ocrx_word' id='word_1_232' title='bbox 438 1692 545 1755; x_wconf 83' lang='lat' dir='ltr'><strong>percipio</strong></span> <span class='ocrx_word' id='word_1_233' title='bbox 565 1688 609 1740; x_wconf 83' lang='lat' dir='ltr'><strong>dte.</strong></span> <span class='ocrx_word' id='word_1_234' title='bbox 1514 1684 1524 1719; x_wconf 88' lang='lat'>¹</span> 
     </span>
     <span class='ocr_line' id='line_1_20' title="bbox 234 1775 1524 1863; baseline -0.001 -23"><span class='ocrx_word' id='word_1_235' title='bbox 234 1780 435 1860; x_wconf 87' lang='lat' dir='ltr'><strong>chlerus:</strong></span> <span class='ocrx_word' id='word_1_236' title='bbox 468 1779 621 1861; x_wconf 86' lang='lat' dir='ltr'><strong>Recoquis</strong></span> <span class='ocrx_word' id='word_1_237' title='bbox 645 1800 681 1841; x_wconf 90' lang='lat' dir='ltr'><strong>ea</strong></span> <span class='ocrx_word' id='word_1_238' title='bbox 703 1780 921 1860; x_wconf 85' lang='lat' dir='ltr'><strong>posterioribus</strong></span> <span class='ocrx_word' id='word_1_239' title='bbox 945 1781 1028 1844; x_wconf 90' lang='lat' dir='ltr'><strong>hisce</strong></span> <span class='ocrx_word' id='word_1_240' title='bbox 1053 1781 1161 1854; x_wconf 89' lang='lat' dir='ltr'><strong>literis,</strong></span> <span class='ocrx_word' id='word_1_241' title='bbox 1185 1801 1261 1863; x_wconf 89' lang='lat' dir='ltr'><strong>quae</strong></span> <span class='ocrx_word' id='word_1_242' title='bbox 1286 1789 1318 1843; x_wconf 92' lang='lat' dir='ltr'><strong>et</strong></span> <span class='ocrx_word' id='word_1_243' title='bbox 1340 1780 1371 1842; x_wconf 94' lang='lat' dir='ltr'><strong>in</strong></span> <span class='ocrx_word' id='word_1_244' title='bbox 1394 1775 1492 1861; x_wconf 87' lang='lat' dir='ltr'><strong>priori·</strong></span> <span class='ocrx_word' id='word_1_245' title='bbox 1519 1831 1524 1862; x_wconf 76' lang='lat' dir='ltr'><strong>r</strong></span> 
     </span>
     <span class='ocr_line' id='line_1_21' title="bbox 146 1868 1524 1949; baseline -0.004 -16"><span class='ocrx_word' id='word_1_246' title='bbox 146 1869 211 1944; x_wconf 85' lang='lat' dir='ltr'><strong>bus,</strong></span> <span class='ocrx_word' id='word_1_247' title='bbox 236 1870 290 1931; x_wconf 87' lang='lat' dir='ltr'><strong>sed</strong></span> <span class='ocrx_word' id='word_1_248' title='bbox 314 1868 490 1942; x_wconf 89' lang='lat' dir='ltr'><strong>dilucidius;</strong></span> <span class='ocrx_word' id='word_1_249' title='bbox 514 1879 616 1947; x_wconf 86' lang='lat' dir='ltr'><strong>movet</strong></span> <span class='ocrx_word' id='word_1_250' title='bbox 637 1879 668 1932; x_wconf 90' lang='lat' dir='ltr'><strong>te</strong></span> <span class='ocrx_word' id='word_1_251' title='bbox 693 1869 803 1948; x_wconf 82' lang='lat' dir='ltr'><strong>triplex</strong></span> <span class='ocrx_word' id='word_1_252' title='bbox 826 1870 977 1949; x_wconf 85' lang='lat' dir='ltr'><strong>aequatio.</strong></span> <span class='ocrx_word' id='word_1_253' title='bbox 1025 1871 1140 1932; x_wconf 89' lang='lat' dir='ltr'><strong>Verum</strong></span> <span class='ocrx_word' id='word_1_254' title='bbox 1168 1880 1240 1933; x_wconf 84' lang='lat' dir='ltr'><strong>snut</strong></span> <span class='ocrx_word' id='word_1_255' title='bbox 1268 1870 1345 1932; x_wconf 89' lang='lat' dir='ltr'><strong>duae</strong></span> <span class='ocrx_word' id='word_1_256' title='bbox 1376 1877 1494 1939; x_wconf 80' lang='lat' dir='ltr'><strong>tantan,</strong></span> <span class='ocrx_word' id='word_1_257' title='bbox 1519 1900 1524 1927; x_wconf 61' lang='grc' dir='ltr'><strong>ι</strong></span> 
     </span>
     <span class='ocr_line' id='line_1_22' title="bbox 145 1956 1524 2043; baseline -0.002 -22"><span class='ocrx_word' id='word_1_258' title='bbox 145 1957 240 2021; x_wconf 90' lang='lat' dir='ltr'><strong>tertia</strong></span> <span class='ocrx_word' id='word_1_259' title='bbox 263 1958 372 2021; x_wconf 88' lang='lat' dir='ltr'><strong>liberat</strong></span> <span class='ocrx_word' id='word_1_260' title='bbox 386 1978 440 2018; x_wconf 89' lang='lat' dir='ltr'><strong>nos</strong></span> <span class='ocrx_word' id='word_1_261' title='bbox 465 1957 503 2018; x_wconf 92' lang='lat' dir='ltr'><strong>ab</strong></span> <span class='ocrx_word' id='word_1_262' title='bbox 518 1958 657 2036; x_wconf 89' lang='lat' dir='ltr'><strong>opinione</strong></span> <span class='ocrx_word' id='word_1_263' title='bbox 682 1959 802 2033; x_wconf 85' lang='lat' dir='ltr'><strong>circuli,</strong></span> <span class='ocrx_word' id='word_1_264' title='bbox 827 1977 893 2023; x_wconf 87' lang='lat' dir='ltr'><strong>curu</strong></span> <span class='ocrx_word' id='word_1_265' title='bbox 917 1978 987 2021; x_wconf 90' lang='lat' dir='ltr'><strong>vere</strong></span> <span class='ocrx_word' id='word_1_266' title='bbox 1011 1968 1038 2029; x_wconf 71' lang='grc' dir='ltr'><strong>(ς</strong></span> <span class='ocrx_word' id='word_1_267' title='bbox 1061 1969 1120 2043; x_wconf 85' lang='lat' dir='ltr'><strong>eat¹</strong></span> <span class='ocrx_word' id='word_1_268' title='bbox 1134 1961 1164 2021; x_wconf 93' lang='lat' dir='ltr'><strong>in</strong></span> <span class='ocrx_word' id='word_1_269' title='bbox 1189 1960 1299 2040; x_wconf 82' lang='lat' dir='ltr'><strong>ellipsi.</strong></span> <span class='ocrx_word' id='word_1_270' title='bbox 1337 1958 1398 2020; x_wconf 86' lang='lat' dir='ltr'><strong>Via</strong></span> <span class='ocrx_word' id='word_1_271' title='bbox 1421 1956 1494 2037; x_wconf 73' lang='lat' dir='ltr'><strong>opt&#39;·</strong></span> <span class='ocrx_word' id='word_1_272' title='bbox 1520 1974 1524 2006; x_wconf 83' lang='lat'><strong>¹</strong></span> 
     </span>
     <span class='ocr_line' id='line_1_23' title="bbox 142 2045 1524 2130; baseline -0.001 -20"><span class='ocrx_word' id='word_1_273' title='bbox 142 2066 210 2112; x_wconf 87' lang='lat' dir='ltr'><strong>eam</strong></span> <span class='ocrx_word' id='word_1_274' title='bbox 231 2047 451 2127; x_wconf 76' lang='lat' dir='ltr'><strong>aequationem,</strong></span> <span class='ocrx_word' id='word_1_275' title='bbox 475 2065 541 2111; x_wconf 86' lang='lat' dir='ltr'><strong>curu</strong></span> <span class='ocrx_word' id='word_1_276' title='bbox 566 2047 607 2108; x_wconf 90' lang='lat' dir='ltr'><strong>sit</strong></span> <span class='ocrx_word' id='word_1_277' title='bbox 630 2056 661 2108; x_wconf 91' lang='lat' dir='ltr'><strong>et</strong></span> <span class='ocrx_word' id='word_1_278' title='bbox 684 2065 777 2108; x_wconf 86' lang='lat' dir='ltr'><strong>causa</strong></span> <span class='ocrx_word' id='word_1_279' title='bbox 799 2046 925 2128; x_wconf 82' lang='lat' dir='ltr'><strong>physica</strong></span> <span class='ocrx_word' id='word_1_280' title='bbox 944 2048 1202 2128; x_wconf 84' lang='lat' dir='ltr'><strong>inaequalitatum,</strong></span> <span class='ocrx_word' id='word_1_281' title='bbox 1227 2067 1316 2130; x_wconf 86' lang='lat' dir='ltr'><strong>quam</strong></span> <span class='ocrx_word' id='word_1_282' title='bbox 1340 2048 1429 2109; x_wconf 84' lang='lat' dir='ltr'><strong>salvo</strong></span> <span class='ocrx_word' id='word_1_283' title='bbox 1450 2062 1497 2127; x_wconf 70' lang='lat' dir='ltr'><strong>pe</strong></span> <span class='ocrx_word' id='word_1_284' title='bbox 1521 2045 1524 2079; x_wconf 85' lang='lat'><strong>¹</strong></span> 
     </span>
     <span class='ocr_line' id='line_1_24' title="bbox 144 2130 1497 2219; baseline 0 -21"><span class='ocrx_word' id='word_1_285' title='bbox 144 2154 246 2219; x_wconf 78' lang='lat' dir='ltr'><strong>arsam</strong></span> <span class='ocrx_word' id='word_1_286' title='bbox 270 2137 426 2216; x_wconf 82' lang='lat' dir='ltr'><strong>trianguli:</strong></span> <span class='ocrx_word' id='word_1_287' title='bbox 456 2135 524 2195; x_wconf 90' lang='lat' dir='ltr'><strong>vide</strong></span> <span class='ocrx_word' id='word_1_288' title='bbox 548 2155 648 2215; x_wconf 84' lang='lat' dir='ltr'><strong>supra</strong></span> <span class='ocrx_word' id='word_1_289' title='bbox 693 2136 901 2198; x_wconf 84' lang='lat' dir='ltr'><strong>Latitudinem</strong></span> <span class='ocrx_word' id='word_1_290' title='bbox 926 2139 1044 2199; x_wconf 87' lang='lat' dir='ltr'><strong>lunulae</strong></span> <span class='ocrx_word' id='word_1_291' title='bbox 1069 2138 1145 2199; x_wconf 88' lang='lat' dir='ltr'><strong>facis</strong></span> <span class='ocrx_word' id='word_1_292' title='bbox 1172 2137 1222 2212; x_wconf 84' lang='lat'><strong>15,</strong></span> <span class='ocrx_word' id='word_1_293' title='bbox 1247 2157 1324 2217; x_wconf 88' lang='lat' dir='ltr'><strong>quae</strong></span> <span class='ocrx_word' id='word_1_294' title='bbox 1348 2144 1398 2198; x_wconf 89' lang='lat' dir='ltr'><strong>ast</strong></span> <span class='ocrx_word' id='word_1_295' title='bbox 1421 2130 1497 2199; x_wconf 65' lang='lat'><strong>4323</strong></span> 
     </span>
     <span class='ocr_line' id='line_1_25' title="bbox 144 2223 1499 2307; baseline 0 -21"><span class='ocrx_word' id='word_1_296' title='bbox 144 2224 214 2287; x_wconf 88' lang='lat' dir='ltr'><strong>vide</strong></span> <span class='ocrx_word' id='word_1_297' title='bbox 238 2244 346 2305; x_wconf 81' lang='lat' dir='ltr'><strong>supra3</strong></span> <span class='ocrx_word' id='word_1_298' title='bbox 379 2244 446 2286; x_wconf 88' lang='lat' dir='ltr'><strong>enm</strong></span> <span class='ocrx_word' id='word_1_299' title='bbox 470 2224 532 2286; x_wconf 90' lang='lat' dir='ltr'><strong>sint</strong></span> <span class='ocrx_word' id='word_1_300' title='bbox 554 2223 721 2301; x_wconf 85' lang='lat' dir='ltr'><strong>particulae</strong></span> <span class='ocrx_word' id='word_1_301' title='bbox 745 2225 832 2299; x_wconf 91' lang='lat' dir='ltr'><strong>radii,</strong></span> <span class='ocrx_word' id='word_1_302' title='bbox 857 2234 889 2287; x_wconf 90' lang='lat' dir='ltr'><strong>tu</strong></span> <span class='ocrx_word' id='word_1_303' title='bbox 914 2226 989 2288; x_wconf 88' lang='lat' dir='ltr'><strong>iacis</strong></span> <span class='ocrx_word' id='word_1_304' title='bbox 1013 2227 1130 2288; x_wconf 87' lang='lat' dir='ltr'><strong>minuta</strong></span> <span class='ocrx_word' id='word_1_305' title='bbox 1152 2227 1272 2289; x_wconf 89' lang='lat' dir='ltr'><strong>circuli:</strong></span> <span class='ocrx_word' id='word_1_306' title='bbox 1306 2226 1377 2287; x_wconf 91' lang='lat' dir='ltr'><strong>vide</strong></span> <span class='ocrx_word' id='word_1_307' title='bbox 1402 2242 1499 2307; x_wconf 80' lang='lat' dir='ltr'><strong>supra</strong></span> 
     </span>
     <span class='ocr_line' id='line_1_26' title="bbox 146 2310 1503 2396; baseline 0 -20"><span class='ocrx_word' id='word_1_308' title='bbox 146 2314 267 2377; x_wconf 88' lang='lat' dir='ltr'><strong>Tribuis</strong></span> <span class='ocrx_word' id='word_1_309' title='bbox 286 2313 354 2376; x_wconf 88' lang='lat' dir='ltr'><strong>huic</strong></span> <span class='ocrx_word' id='word_1_310' title='bbox 373 2313 524 2393; x_wconf 82' lang='lat' dir='ltr'><strong>ingressui</strong></span> <span class='ocrx_word' id='word_1_311' title='bbox 551 2312 602 2375; x_wconf 79' lang='lat'><strong>15‘</strong></span> <span class='ocrx_word' id='word_1_312' title='bbox 625 2313 656 2374; x_wconf 92' lang='lat' dir='ltr'><strong>in</strong></span> <span class='ocrx_word' id='word_1_313' title='bbox 685 2315 837 2375; x_wconf 90' lang='lat' dir='ltr'><strong>anomalia</strong></span> <span class='ocrx_word' id='word_1_314' title='bbox 861 2310 930 2389; x_wconf 86' lang='lat'><strong>90⁰,</strong></span> <span class='ocrx_word' id='word_1_315' title='bbox 956 2333 1024 2377; x_wconf 88' lang='lat' dir='ltr'><strong>cum</strong></span> <span class='ocrx_word' id='word_1_316' title='bbox 1047 2315 1088 2376; x_wconf 94' lang='lat' dir='ltr'><strong>ibi</strong></span> <span class='ocrx_word' id='word_1_317' title='bbox 1111 2317 1235 2378; x_wconf 80' lang='lat' dir='ltr'><strong>effectus</strong></span> <span class='ocrx_word' id='word_1_318' title='bbox 1255 2316 1320 2394; x_wconf 87' lang='lat' dir='ltr'><strong>ejus</strong></span> <span class='ocrx_word' id='word_1_319' title='bbox 1344 2315 1375 2376; x_wconf 91' lang='lat' dir='ltr'><strong>in</strong></span> <span class='ocrx_word' id='word_1_320' title='bbox 1392 2320 1503 2396; x_wconf 62' lang='lat' dir='ltr'><strong>aequas¹</strong></span> 
     </span>
     <span class='ocr_line' id='line_1_27' title="bbox 145 2402 1503 2486; baseline -0.001 -21"><span class='ocrx_word' id='word_1_321' title='bbox 145 2403 279 2466; x_wconf 88' lang='lat' dir='ltr'><strong>tionibus</strong></span> <span class='ocrx_word' id='word_1_322' title='bbox 303 2403 433 2466; x_wconf 88' lang='lat' dir='ltr'><strong>eccentri</strong></span> <span class='ocrx_word' id='word_1_323' title='bbox 458 2410 635 2464; x_wconf 83' lang='lat' dir='ltr'><strong>evanescat:</strong></span> <span class='ocrx_word' id='word_1_324' title='bbox 670 2402 739 2463; x_wconf 91' lang='lat' dir='ltr'><strong>vide</strong></span> <span class='ocrx_word' id='word_1_325' title='bbox 763 2422 864 2483; x_wconf 85' lang='lat' dir='ltr'><strong>supra.</strong></span> <span class='ocrx_word' id='word_1_326' title='bbox 911 2404 976 2466; x_wconf 83' lang='lat' dir='ltr'><strong>Nec</strong></span> <span class='ocrx_word' id='word_1_327' title='bbox 999 2413 1086 2485; x_wconf 86' lang='lat' dir='ltr'><strong>potes</strong></span> <span class='ocrx_word' id='word_1_328' title='bbox 1109 2423 1308 2485; x_wconf 84' lang='lat' dir='ltr'><strong>concoquere,</strong></span> <span class='ocrx_word' id='word_1_329' title='bbox 1345 2403 1429 2486; x_wconf 90' lang='lat' dir='ltr'><strong>quod</strong></span> <span class='ocrx_word' id='word_1_330' title='bbox 1455 2418 1503 2483; x_wconf 84' lang='lat' dir='ltr'><strong>pro</strong></span> 
     </span>
     <span class='ocr_line' id='line_1_28' title="bbox 144 2491 1501 2574; baseline 0.004 -23"><span class='ocrx_word' id='word_1_331' title='bbox 144 2494 246 2556; x_wconf 87' lang='lat' dir='ltr'><strong>valore</strong></span> <span class='ocrx_word' id='word_1_332' title='bbox 271 2492 411 2574; x_wconf 83' lang='lat' dir='ltr'><strong>trianguli</strong></span> <span class='ocrx_word' id='word_1_333' title='bbox 428 2491 607 2572; x_wconf 88' lang='lat' dir='ltr'><strong>aequaturii,</strong></span> <span class='ocrx_word' id='word_1_334' title='bbox 633 2491 718 2571; x_wconf 88' lang='lat' dir='ltr'><strong>cujus</strong></span> <span class='ocrx_word' id='word_1_335' title='bbox 743 2492 824 2553; x_wconf 87' lang='lat' dir='ltr'><strong>latus</strong></span> <span class='ocrx_word' id='word_1_336' title='bbox 849 2511 939 2554; x_wconf 90' lang='lat' dir='ltr'><strong>unum</strong></span> <span class='ocrx_word' id='word_1_337' title='bbox 955 2503 1003 2554; x_wconf 88' lang='lat' dir='ltr'><strong>est</strong></span> <span class='ocrx_word' id='word_1_338' title='bbox 1026 2494 1247 2569; x_wconf 89' lang='lat' dir='ltr'><strong>eccentrioitas,</strong></span> <span class='ocrx_word' id='word_1_339' title='bbox 1273 2512 1328 2574; x_wconf 81' lang='lat' dir='ltr'><strong>ego</strong></span> <span class='ocrx_word' id='word_1_340' title='bbox 1351 2491 1501 2555; x_wconf 69' lang='lat' dir='ltr'><strong>dimidiu</strong></span> 
     </span>
     <span class='ocr_line' id='line_1_29' title="bbox 143 2578 1501 2660; baseline -0.001 -16"><span class='ocrx_word' id='word_1_341' title='bbox 143 2582 399 2644; x_wconf 87' lang='lat' dir='ltr'><strong>eccentrioitatem</strong></span> <span class='ocrx_word' id='word_1_342' title='bbox 414 2580 577 2660; x_wconf 89' lang='lat' dir='ltr'><strong>multiplico</strong></span> <span class='ocrx_word' id='word_1_343' title='bbox 593 2581 622 2641; x_wconf 92' lang='lat' dir='ltr'><strong>in</strong></span> <span class='ocrx_word' id='word_1_344' title='bbox 647 2580 745 2642; x_wconf 88' lang='lat' dir='ltr'><strong>sinum</strong></span> <span class='ocrx_word' id='word_1_345' title='bbox 763 2581 931 2643; x_wconf 86' lang='lat' dir='ltr'><strong>anomaliae</strong></span> <span class='ocrx_word' id='word_1_346' title='bbox 947 2582 1088 2652; x_wconf 88' lang='lat' dir='ltr'><strong>eccentri,</strong></span> <span class='ocrx_word' id='word_1_347' title='bbox 1112 2583 1170 2645; x_wconf 92' lang='lat' dir='ltr'><strong>hoc</strong></span> <span class='ocrx_word' id='word_1_348' title='bbox 1193 2592 1242 2645; x_wconf 90' lang='lat' dir='ltr'><strong>est</strong></span> <span class='ocrx_word' id='word_1_349' title='bbox 1265 2584 1293 2644; x_wconf 89' lang='lat' dir='ltr'><strong>iu</strong></span> <span class='ocrx_word' id='word_1_350' title='bbox 1312 2578 1501 2645; x_wconf 77' lang='lat' dir='ltr'><strong>aitimdlnss</strong></span> 
     </span>
     <span class='ocr_line' id='line_1_30' title="bbox 142 2666 1499 2752; baseline -0.002 -18"><span class='ocrx_word' id='word_1_351' title='bbox 142 2671 286 2751; x_wconf 85' lang='lat' dir='ltr'><strong>trianguli</strong></span> <span class='ocrx_word' id='word_1_352' title='bbox 300 2671 476 2752; x_wconf 88' lang='lat' dir='ltr'><strong>aequatorii,</strong></span> <span class='ocrx_word' id='word_1_353' title='bbox 500 2671 656 2733; x_wconf 89' lang='lat' dir='ltr'><strong>immemor</strong></span> <span class='ocrx_word' id='word_1_354' title='bbox 678 2670 889 2750; x_wconf 87' lang='lat' dir='ltr'><strong>principiorum</strong></span> <span class='ocrx_word' id='word_1_355' title='bbox 904 2671 1100 2751; x_wconf 82' lang='lat' dir='ltr'><strong>geometriae,</strong></span> <span class='ocrx_word' id='word_1_356' title='bbox 1125 2673 1204 2752; x_wconf 89' lang='lat' dir='ltr'><strong>quod</strong></span> <span class='ocrx_word' id='word_1_357' title='bbox 1224 2666 1412 2750; x_wconf 77' lang='lat' dir='ltr'><strong>triangulum</strong></span> <span class='ocrx_word' id='word_1_358' title='bbox 1426 2678 1499 2733; x_wconf 87' lang='lat' dir='ltr'><strong>rect·</strong></span> 
     </span>
     <span class='ocr_line' id='line_1_31' title="bbox 142 2759 1499 2843; baseline -0.002 -20"><span class='ocrx_word' id='word_1_359' title='bbox 142 2762 283 2841; x_wconf 85' lang='lat' dir='ltr'><strong>angulum</strong></span> <span class='ocrx_word' id='word_1_360' title='bbox 306 2760 348 2823; x_wconf 88' lang='lat' dir='ltr'><strong>sit</strong></span> <span class='ocrx_word' id='word_1_361' title='bbox 369 2760 522 2822; x_wconf 90' lang='lat' dir='ltr'><strong>dimidium</strong></span> <span class='ocrx_word' id='word_1_362' title='bbox 555 2761 591 2821; x_wconf 92' lang='lat' dir='ltr'><strong>de</strong></span> <span class='ocrx_word' id='word_1_363' title='bbox 615 2760 897 2839; x_wconf 87' lang='lat' dir='ltr'><strong>parallelogrammo</strong></span> <span class='ocrx_word' id='word_1_364' title='bbox 914 2762 1090 2840; x_wconf 85' lang='lat' dir='ltr'><strong>rectangulo</strong></span> <span class='ocrx_word' id='word_1_365' title='bbox 1110 2762 1245 2843; x_wconf 89' lang='lat' dir='ltr'><strong>ejusdem</strong></span> <span class='ocrx_word' id='word_1_366' title='bbox 1267 2759 1499 2835; x_wconf 82' lang='lat' dir='ltr'><strong>altitudinbr,·st</strong></span> 
     </span>
     <span class='ocr_line' id='line_1_32' title="bbox 143 2849 1498 2931; baseline -0.001 -19"><span class='ocrx_word' id='word_1_367' title='bbox 143 2850 222 2931; x_wconf 93' lang='lat' dir='ltr'><strong>quod</strong></span> <span class='ocrx_word' id='word_1_368' title='bbox 246 2850 399 2929; x_wconf 82' lang='lat' dir='ltr'><strong>triangula</strong></span> <span class='ocrx_word' id='word_1_369' title='bbox 421 2849 597 2930; x_wconf 87' lang='lat' dir='ltr'><strong>aequibasia</strong></span> <span class='ocrx_word' id='word_1_370' title='bbox 619 2849 683 2909; x_wconf 87' lang='lat' dir='ltr'><strong>sint</strong></span> <span class='ocrx_word' id='word_1_371' title='bbox 704 2857 738 2909; x_wconf 90' lang='lat' dir='ltr'><strong>ut</strong></span> <span class='ocrx_word' id='word_1_372' title='bbox 761 2849 946 2911; x_wconf 71' lang='lat' dir='ltr'><strong>altitudinesr</strong></span> <span class='ocrx_word' id='word_1_373' title='bbox 1495 2912 1498 2925; x_wconf 72' lang='grc'>,</span> 
     </span>
     <span class='ocr_line' id='line_1_33' title="bbox 232 2935 1496 3019; baseline -0.001 -19"><span class='ocrx_word' id='word_1_374' title='bbox 232 2938 424 3001; x_wconf 87' lang='lat' dir='ltr'><strong>Anomaliam</strong></span> <span class='ocrx_word' id='word_1_375' title='bbox 448 2937 593 3009; x_wconf 88' lang='lat' dir='ltr'><strong>mediam,</strong></span> <span class='ocrx_word' id='word_1_376' title='bbox 625 2957 701 3017; x_wconf 88' lang='lat' dir='ltr'><strong>quae</strong></span> <span class='ocrx_word' id='word_1_377' title='bbox 726 2957 780 3016; x_wconf 92' lang='lat' dir='ltr'><strong>per</strong></span> <span class='ocrx_word' id='word_1_378' title='bbox 803 2948 921 3017; x_wconf 86' lang='lat' dir='ltr'><strong>tempus</strong></span> <span class='ocrx_word' id='word_1_379' title='bbox 946 2939 1089 3007; x_wconf 84' lang='lat' dir='ltr'><strong>habetur,</strong></span> <span class='ocrx_word' id='word_1_380' title='bbox 1106 2957 1282 3019; x_wconf 81' lang='lat' dir='ltr'><strong>perperam</strong></span> <span class='ocrx_word' id='word_1_381' title='bbox 1306 2935 1496 3000; x_wconf 75' lang='lat' dir='ltr'><strong>numeratis</strong></span> 
     </span>
     <span class='ocr_line' id='line_1_34' title="bbox 145 3026 1497 3108; baseline -0.001 -19"><span class='ocrx_word' id='word_1_382' title='bbox 145 3027 313 3091; x_wconf 88' lang='lat' dir='ltr'><strong>eccentrico</strong></span> <span class='ocrx_word' id='word_1_383' title='bbox 337 3027 461 3100; x_wconf 87' lang='lat' dir='ltr'><strong>circuio,</strong></span> <span class='ocrx_word' id='word_1_384' title='bbox 495 3026 524 3086; x_wconf 92' lang='lat' dir='ltr'><strong>in</strong></span> <span class='ocrx_word' id='word_1_385' title='bbox 551 3043 608 3106; x_wconf 92' lang='lat' dir='ltr'><strong>quo</strong></span> <span class='ocrx_word' id='word_1_386' title='bbox 633 3026 759 3087; x_wconf 90' lang='lat' dir='ltr'><strong>deberes</strong></span> <span class='ocrx_word' id='word_1_387' title='bbox 782 3046 944 3089; x_wconf 70' lang='lat' dir='ltr'><strong>numerare,</strong></span> <span class='ocrx_word' id='word_1_388' title='bbox 961 3028 1143 3090; x_wconf 89' lang='lat' dir='ltr'><strong>anomaliam</strong></span> <span class='ocrx_word' id='word_1_389' title='bbox 1166 3027 1309 3105; x_wconf 72' lang='lat' dir='ltr'><strong>eccentri,</strong></span> <span class='ocrx_word' id='word_1_390' title='bbox 1333 3045 1391 3090; x_wconf 89' lang='lat' dir='ltr'><strong>nec</strong></span> <span class='ocrx_word' id='word_1_391' title='bbox 1416 3033 1497 3108; x_wconf 88' lang='lat' dir='ltr'><strong>potes</strong></span> 
     </span>
     <span class='ocr_line' id='line_1_35' title="bbox 145 3115 1339 3196; baseline 0 -18"><span class='ocrx_word' id='word_1_392' title='bbox 145 3135 331 3191; x_wconf 85' lang='lat' dir='ltr'><strong>assuescere,</strong></span> <span class='ocrx_word' id='word_1_393' title='bbox 356 3124 391 3176; x_wconf 92' lang='lat' dir='ltr'><strong>ut</strong></span> <span class='ocrx_word' id='word_1_394' title='bbox 413 3134 550 3177; x_wconf 86' lang='lat' dir='ltr'><strong>numeres</strong></span> <span class='ocrx_word' id='word_1_395' title='bbox 576 3115 703 3190; x_wconf 88' lang='lat' dir='ltr'><strong>inarea,</strong></span> <span class='ocrx_word' id='word_1_396' title='bbox 729 3134 804 3194; x_wconf 86' lang='lat' dir='ltr'><strong>quae</strong></span> <span class='ocrx_word' id='word_1_397' title='bbox 828 3116 935 3179; x_wconf 86' lang='lat' dir='ltr'><strong>subest</strong></span> <span class='ocrx_word' id='word_1_398' title='bbox 957 3117 1002 3178; x_wconf 94' lang='lat' dir='ltr'><strong>ilii</strong></span> <span class='ocrx_word' id='word_1_399' title='bbox 1025 3118 1121 3179; x_wconf 89' lang='lat' dir='ltr'><strong>arcui:</strong></span> <span class='ocrx_word' id='word_1_400' title='bbox 1147 3117 1216 3177; x_wconf 90' lang='lat' dir='ltr'><strong>vide</strong></span> <span class='ocrx_word' id='word_1_401' title='bbox 1235 3136 1339 3196; x_wconf 82' lang='lat' dir='ltr'><strong>supra</strong></span> 
     </span>
    </p>
   </div>
   <div class='ocr_carea' id='block_1_5' title="bbox 65 3220 1502 4106">
    <p class='ocr_par' dir='ltr' id='par_1_5' title="bbox 65 3220 1502 4106">
     <span class='ocr_line' id='line_1_36' title="bbox 234 3220 1500 3304; baseline -0.002 -19"><span class='ocrx_word' id='word_1_402' title='bbox 234 3221 311 3285; x_wconf 87' lang='lat' dir='ltr'><strong>Cum</strong></span> <span class='ocrx_word' id='word_1_403' title='bbox 340 3221 448 3303; x_wconf 91' lang='lat' dir='ltr'><strong>ubique</strong></span> <span class='ocrx_word' id='word_1_404' title='bbox 480 3228 717 3302; x_wconf 71' lang='lat' dir='ltr'><strong>crepeS,tota1n</strong></span> <span class='ocrx_word' id='word_1_405' title='bbox 751 3221 929 3304; x_wconf 82' lang='lat' dir='ltr'><strong>hypothesin</strong></span> <span class='ocrx_word' id='word_1_406' title='bbox 959 3223 1068 3286; x_wconf 87' lang='lat' dir='ltr'><strong>debere</strong></span> <span class='ocrx_word' id='word_1_407' title='bbox 1094 3240 1170 3283; x_wconf 85' lang='lat' dir='ltr'><strong>¹esse</strong></span> <span class='ocrx_word' id='word_1_408' title='bbox 1199 3223 1349 3302; x_wconf 88' lang='lat' dir='ltr'><strong>opticam,</strong></span> <span class='ocrx_word' id='word_1_409' title='bbox 1384 3220 1500 3283; x_wconf 85' lang='lat' dir='ltr'><strong>tanden</strong></span> 
     </span>
     <span class='ocr_line' id='line_1_37' title="bbox 146 3308 1498 3392; baseline -0.001 -19"><span class='ocrx_word' id='word_1_410' title='bbox 146 3311 319 3391; x_wconf 85' lang='lat' dir='ltr'><strong>suspicaris,</strong></span> <span class='ocrx_word' id='word_1_411' title='bbox 343 3311 512 3373; x_wconf 87' lang='lat' dir='ltr'><strong>naturalem</strong></span> <span class='ocrx_word' id='word_1_412' title='bbox 537 3328 595 3371; x_wconf 93' lang='lat' dir='ltr'><strong>non</strong></span> <span class='ocrx_word' id='word_1_413' title='bbox 621 3329 698 3385; x_wconf 89' lang='lat' dir='ltr'><strong>esse,</strong></span> <span class='ocrx_word' id='word_1_414' title='bbox 723 3311 778 3371; x_wconf 85' lang='lat' dir='ltr'><strong>sed</strong></span> <span class='ocrx_word' id='word_1_415' title='bbox 801 3320 899 3373; x_wconf 86' lang='lat' dir='ltr'><strong>ortam</strong></span> <span class='ocrx_word' id='word_1_416' title='bbox 923 3331 960 3373; x_wconf 82' lang='lat' dir='ltr'><strong>ex</strong></span> <span class='ocrx_word' id='word_1_417' title='bbox 984 3311 1214 3375; x_wconf 83' lang='lat' dir='ltr'><strong>ratiocinatione</strong></span> <span class='ocrx_word' id='word_1_418' title='bbox 1237 3311 1267 3372; x_wconf 92' lang='lat' dir='ltr'><strong>h.</strong></span> <span class='ocrx_word' id='word_1_419' title='bbox 1292 3330 1319 3373; x_wconf 92' lang='lat' dir='ltr'><strong>e.</strong></span> <span class='ocrx_word' id='word_1_420' title='bbox 1345 3329 1384 3371; x_wconf 84' lang='lat' dir='ltr'><strong>ex</strong></span> <span class='ocrx_word' id='word_1_421' title='bbox 1409 3308 1498 3392; x_wconf 85' lang='lat' dir='ltr'><strong>phau·</strong></span> 
     </span>
     <span class='ocr_line' id='line_1_38' title="bbox 147 3391 1496 3482; baseline -0.001 -19"><span class='ocrx_word' id='word_1_422' title='bbox 147 3403 227 3463; x_wconf 90' lang='lat' dir='ltr'><strong>tasia</strong></span> <span class='ocrx_word' id='word_1_423' title='bbox 249 3421 326 3477; x_wconf 88' lang='lat' dir='ltr'><strong>mea,</strong></span> <span class='ocrx_word' id='word_1_424' title='bbox 351 3391 386 3462; x_wconf 89' lang='lat' dir='ltr'><strong>e&#39;o</strong></span> <span class='ocrx_word' id='word_1_425' title='bbox 401 3401 480 3482; x_wconf 90' lang='lat' dir='ltr'><strong>quod</strong></span> <span class='ocrx_word' id='word_1_426' title='bbox 500 3409 562 3462; x_wconf 89' lang='lat' dir='ltr'><strong>tres</strong></span> <span class='ocrx_word' id='word_1_427' title='bbox 578 3399 640 3462; x_wconf 90' lang='lat' dir='ltr'><strong>sint</strong></span> <span class='ocrx_word' id='word_1_428' title='bbox 663 3400 841 3461; x_wconf 90' lang='lat' dir='ltr'><strong>anomaliae.</strong></span> <span class='ocrx_word' id='word_1_429' title='bbox 880 3403 984 3474; x_wconf 78' lang='lat' dir='ltr'><strong>imino,</strong></span> <span class='ocrx_word' id='word_1_430' title='bbox 1008 3402 1065 3463; x_wconf 86' lang='lat' dir='ltr'><strong>nisi</strong></span> <span class='ocrx_word' id='word_1_431' title='bbox 1081 3411 1144 3463; x_wconf 89' lang='lat' dir='ltr'><strong>tres</strong></span> <span class='ocrx_word' id='word_1_432' title='bbox 1160 3398 1427 3477; x_wconf 84' lang='lat' dir='ltr'><strong>sint„natnrale&#39;m</strong></span> <span class='ocrx_word' id='word_1_433' title='bbox 1449 3398 1496 3461; x_wconf 87' lang='lat' dir='ltr'><strong>de·</strong></span> 
     </span>
     <span class='ocr_line' id='line_1_39' title="bbox 145 3489 1496 3569; baseline -0.002 -17"><span class='ocrx_word' id='word_1_434' title='bbox 145 3492 267 3553; x_wconf 88' lang='lat' dir='ltr'><strong>iendero</strong></span> <span class='ocrx_word' id='word_1_435' title='bbox 300 3509 358 3552; x_wconf 91' lang='lat' dir='ltr'><strong>non</strong></span> <span class='ocrx_word' id='word_1_436' title='bbox 386 3500 503 3569; x_wconf 88' lang='lat' dir='ltr'><strong>potero.</strong></span> <span class='ocrx_word' id='word_1_437' title='bbox 548 3489 628 3551; x_wconf 88' lang='lat' dir='ltr'><strong>Nam</strong></span> <span class='ocrx_word' id='word_1_438' title='bbox 661 3490 761 3550; x_wconf 90' lang='lat' dir='ltr'><strong>media</strong></span> <span class='ocrx_word' id='word_1_439' title='bbox 783 3511 803 3550; x_wconf 92' lang='lat' dir='ltr'><strong>a</strong></span> <span class='ocrx_word' id='word_1_440' title='bbox 830 3510 877 3552; x_wconf 89' lang='lat' dir='ltr'><strong>me</strong></span> <span class='ocrx_word' id='word_1_441' title='bbox 902 3490 986 3552; x_wconf 88' lang='lat' dir='ltr'><strong>dicta</strong></span> <span class='ocrx_word' id='word_1_442' title='bbox 1017 3500 1066 3551; x_wconf 87' lang='lat' dir='ltr'><strong>est</strong></span> <span class='ocrx_word' id='word_1_443' title='bbox 1097 3509 1237 3551; x_wconf 86' lang='lat' dir='ltr'><strong>numerus</strong></span> <span class='ocrx_word' id='word_1_444' title='bbox 1262 3506 1437 3562; x_wconf 89' lang='lat' dir='ltr'><strong>.morarum;</strong></span> <span class='ocrx_word' id='word_1_445' title='bbox 1467 3504 1496 3548; x_wconf 84' lang='lat' dir='ltr'><strong>es</strong></span> 
     </span>
     <span class='ocr_line' id='line_1_40' title="bbox 145 3577 1496 3643; baseline -0.004 -2"><span class='ocrx_word' id='word_1_446' title='bbox 145 3580 303 3643; x_wconf 83' lang='lat' dir='ltr'><strong>naturam!</strong></span> <span class='ocrx_word' id='word_1_447' title='bbox 332 3599 416 3642; x_wconf 87' lang='lat' dir='ltr'><strong>mora</strong></span> <span class='ocrx_word' id='word_1_448' title='bbox 440 3578 539 3640; x_wconf 89' lang='lat' dir='ltr'><strong>estin</strong></span> <span class='ocrx_word' id='word_1_449' title='bbox 565 3597 662 3641; x_wconf 91' lang='lat' dir='ltr'><strong>rerum</strong></span> <span class='ocrx_word' id='word_1_450' title='bbox 686 3589 804 3641; x_wconf 89' lang='lat' dir='ltr'><strong>natura.</strong></span> <span class='ocrx_word' id='word_1_451' title='bbox 843 3580 986 3641; x_wconf 88' lang='lat' dir='ltr'><strong>Eccentri</strong></span> <span class='ocrx_word' id='word_1_452' title='bbox 1010 3579 1160 3642; x_wconf 85' lang='lat' dir='ltr'><strong>anomalia</strong></span> <span class='ocrx_word' id='word_1_453' title='bbox 1182 3585 1232 3640; x_wconf 90' lang='lat' dir='ltr'><strong>est</strong></span> <span class='ocrx_word' id='word_1_454' title='bbox 1254 3577 1344 3640; x_wconf 83' lang='lat' dir='ltr'><strong>arcus</strong></span> <span class='ocrx_word' id='word_1_455' title='bbox 1367 3577 1496 3639; x_wconf 79' lang='lat' dir='ltr'><strong>itineris:</strong></span> 
     </span>
     <span class='ocr_line' id='line_1_41' title="bbox 146 3663 1496 3749; baseline -0.003 -18"><span class='ocrx_word' id='word_1_456' title='bbox 146 3690 182 3732; x_wconf 90' lang='lat' dir='ltr'><strong>en</strong></span> <span class='ocrx_word' id='word_1_457' title='bbox 207 3669 365 3732; x_wconf 90' lang='lat' dir='ltr'><strong>naturam!</strong></span> <span class='ocrx_word' id='word_1_458' title='bbox 391 3668 416 3730; x_wconf 86' lang='lat' dir='ltr'><strong>si</strong></span> <span class='ocrx_word' id='word_1_459' title='bbox 442 3668 560 3749; x_wconf 92' lang='lat' dir='ltr'><strong>quidem</strong></span> <span class='ocrx_word' id='word_1_460' title='bbox 575 3675 624 3731; x_wconf 88' lang='lat' dir='ltr'><strong>est</strong></span> <span class='ocrx_word' id='word_1_461' title='bbox 646 3668 676 3730; x_wconf 90' lang='lat' dir='ltr'><strong>in</strong></span> <span class='ocrx_word' id='word_1_462' title='bbox 691 3668 776 3729; x_wconf 90' lang='lat' dir='ltr'><strong>coelo</strong></span> <span class='ocrx_word' id='word_1_463' title='bbox 792 3668 886 3744; x_wconf 91' lang='lat' dir='ltr'><strong>iocus,</strong></span> <span class='ocrx_word' id='word_1_464' title='bbox 910 3687 1068 3748; x_wconf 90' lang='lat' dir='ltr'><strong>perquem</strong></span> <span class='ocrx_word' id='word_1_465' title='bbox 1090 3669 1217 3748; x_wconf 88' lang='lat' dir='ltr'><strong>planeta</strong></span> <span class='ocrx_word' id='word_1_466' title='bbox 1240 3666 1362 3729; x_wconf 88' lang='lat' dir='ltr'><strong>transit.</strong></span> <span class='ocrx_word' id='word_1_467' title='bbox 1402 3663 1496 3729; x_wconf 85' lang='lat' dir='ltr'><strong>Coae·</strong></span> 
     </span>
     <span class='ocr_line' id='line_1_42' title="bbox 146 3752 1499 3839; baseline -0.002 -18"><span class='ocrx_word' id='word_1_468' title='bbox 146 3769 239 3839; x_wconf 83' lang='lat' dir='ltr'><strong>quatu</strong></span> <span class='ocrx_word' id='word_1_469' title='bbox 262 3768 311 3823; x_wconf 88' lang='lat' dir='ltr'><strong>est</strong></span> <span class='ocrx_word' id='word_1_470' title='bbox 333 3758 461 3838; x_wconf 81' lang='lat' dir='ltr'><strong>angulus</strong></span> <span class='ocrx_word' id='word_1_471' title='bbox 485 3755 610 3819; x_wconf 90' lang='lat' dir='ltr'><strong>visionis</strong></span> <span class='ocrx_word' id='word_1_472' title='bbox 634 3776 672 3818; x_wconf 82' lang='lat' dir='ltr'><strong>cx</strong></span> <span class='ocrx_word' id='word_1_473' title='bbox 695 3755 768 3819; x_wconf 89' lang='lat' dir='ltr'><strong>Sole</strong></span> <span class='ocrx_word' id='word_1_474' title='bbox 792 3758 856 3830; x_wconf 87' lang='lat' dir='ltr'><strong>(vel</strong></span> <span class='ocrx_word' id='word_1_475' title='bbox 880 3756 995 3838; x_wconf 84' lang='lat' dir='ltr'><strong>quasi),</strong></span> <span class='ocrx_word' id='word_1_476' title='bbox 1028 3776 1065 3820; x_wconf 87' lang='lat' dir='ltr'><strong>en</strong></span> <span class='ocrx_word' id='word_1_477' title='bbox 1089 3756 1247 3819; x_wconf 84' lang='lat' dir='ltr'><strong>naturam!</strong></span> <span class='ocrx_word' id='word_1_478' title='bbox 1285 3755 1381 3830; x_wconf 89' lang='lat' dir='ltr'><strong>visio,</strong></span> <span class='ocrx_word' id='word_1_479' title='bbox 1411 3752 1499 3836; x_wconf 71' lang='lat' dir='ltr'><strong>opsit</strong></span> 
     </span>
     <span class='ocr_line' id='line_1_43' title="bbox 65 3838 1501 3931; baseline -0.004 -21"><span class='ocrx_word' id='word_1_480' title='bbox 65 3858 68 3862; x_wconf 83' lang='grc'><strong>“</strong></span> <span class='ocrx_word' id='word_1_481' title='bbox 145 3849 248 3931; x_wconf 90' lang='lat' dir='ltr'><strong>optica</strong></span> <span class='ocrx_word' id='word_1_482' title='bbox 274 3867 369 3911; x_wconf 88' lang='lat' dir='ltr'><strong>causa</strong></span> <span class='ocrx_word' id='word_1_483' title='bbox 398 3856 446 3909; x_wconf 86' lang='lat' dir='ltr'><strong>est</strong></span> <span class='ocrx_word' id='word_1_484' title='bbox 468 3866 517 3907; x_wconf 91' lang='lat' dir='ltr'><strong>res</strong></span> <span class='ocrx_word' id='word_1_485' title='bbox 536 3846 565 3907; x_wconf 89' lang='lat' dir='ltr'><strong>iu</strong></span> <span class='ocrx_word' id='word_1_486' title='bbox 584 3854 701 3908; x_wconf 87' lang='lat' dir='ltr'><strong>natura.</strong></span> <span class='ocrx_word' id='word_1_487' title='bbox 742 3845 952 3908; x_wconf 73' lang='lat' dir='ltr'><strong>certissimum</strong></span> <span class='ocrx_word' id='word_1_488' title='bbox 976 3846 1159 3921; x_wconf 75' lang='lat' dir='ltr'><strong>est-omnia</strong></span> <span class='ocrx_word' id='word_1_489' title='bbox 1181 3845 1241 3906; x_wconf 92' lang='lat' dir='ltr'><strong>tria</strong></span> <span class='ocrx_word' id='word_1_490' title='bbox 1263 3863 1446 3931; x_wconf 85' lang='lat' dir='ltr'><strong>concurrere</strong></span> <span class='ocrx_word' id='word_1_491' title='bbox 1467 3838 1501 3904; x_wconf 76' lang='lat' dir='ltr'><strong>sd</strong></span> 
     </span>
     <span class='ocr_line' id='line_1_44' title="bbox 146 3934 1502 4020; baseline -0.004 -20"><span class='ocrx_word' id='word_1_492' title='bbox 146 3938 394 4020; x_wconf 84' lang='lat' dir='ltr'><strong>inaequalitatem</strong></span> <span class='ocrx_word' id='word_1_493' title='bbox 417 3937 567 4017; x_wconf 88' lang='lat' dir='ltr'><strong>planctae.</strong></span> <span class='ocrx_word' id='word_1_494' title='bbox 615 3935 660 3997; x_wconf 87' lang='lat' dir='ltr'><strong>Tu</strong></span> <span class='ocrx_word' id='word_1_495' title='bbox 683 3954 754 3997; x_wconf 88' lang='lat' dir='ltr'><strong>vero</strong></span> <span class='ocrx_word' id='word_1_496' title='bbox 785 3955 822 3996; x_wconf 91' lang='lat' dir='ltr'><strong>ne</strong></span> <span class='ocrx_word' id='word_1_497' title='bbox 846 3954 923 3999; x_wconf 88' lang='lat' dir='ltr'><strong>nunc</strong></span> <span class='ocrx_word' id='word_1_498' title='bbox 948 3935 1084 4016; x_wconf 88' lang='lat' dir='ltr'><strong>quidem,</strong></span> <span class='ocrx_word' id='word_1_499' title='bbox 1119 3954 1185 3999; x_wconf 91' lang='lat' dir='ltr'><strong>cum</strong></span> <span class='ocrx_word' id='word_1_500' title='bbox 1214 3945 1278 3998; x_wconf 87' lang='lat' dir='ltr'><strong>tres</strong></span> <span class='ocrx_word' id='word_1_501' title='bbox 1309 3934 1415 3996; x_wconf 82' lang='lat' dir='ltr'><strong>habes&#39;</strong></span> <span class='ocrx_word' id='word_1_502' title='bbox 1434 3948 1502 3995; x_wconf 68' lang='lat' dir='ltr'><strong>sne</strong></span> 
     </span>
     <span class='ocr_line' id='line_1_45' title="bbox 146 4023 1306 4106; baseline -0.003 -17"><span class='ocrx_word' id='word_1_503' title='bbox 146 4028 266 4098; x_wconf 88' lang='lat' dir='ltr'><strong>malias,</strong></span> <span class='ocrx_word' id='word_1_504' title='bbox 290 4027 369 4090; x_wconf 85' lang='lat' dir='ltr'><strong>satis</strong></span> <span class='ocrx_word' id='word_1_505' title='bbox 392 4026 494 4089; x_wconf 86' lang='lat' dir='ltr'><strong>habes.</strong></span> <span class='ocrx_word' id='word_1_506' title='bbox 544 4023 675 4106; x_wconf 88' lang='lat' dir='ltr'><strong>Oportet</strong></span> <span class='ocrx_word' id='word_1_507' title='bbox 698 4031 731 4085; x_wconf 91' lang='lat' dir='ltr'><strong>ut</strong></span> <span class='ocrx_word' id='word_1_508' title='bbox 754 4024 809 4086; x_wconf 92' lang='lat' dir='ltr'><strong>tibi</strong></span> <span class='ocrx_word' id='word_1_509' title='bbox 833 4033 972 4104; x_wconf 84' lang='lat' dir='ltr'><strong>quartam</strong></span> <span class='ocrx_word' id='word_1_510' title='bbox 996 4025 1123 4106; x_wconf 89' lang='lat' dir='ltr'><strong>insuper</strong></span> <span class='ocrx_word' id='word_1_511' title='bbox 1146 4023 1306 4089; x_wconf 86' lang='lat' dir='ltr'><strong>nominem.</strong></span> 
     </span>
    </p>
   </div>
   <div class='ocr_carea' id='block_1_6' title="bbox 147 4126 1513 4933">
    <p class='ocr_par' dir='ltr' id='par_1_6' title="bbox 147 4126 1513 4933">
     <span class='ocr_line' id='line_1_46' title="bbox 235 4126 1506 4216; baseline -0.006 -19"><span class='ocrx_word' id='word_1_512' title='bbox 235 4134 315 4199; x_wconf 90' lang='lat' dir='ltr'><strong>Nam</strong></span> <span class='ocrx_word' id='word_1_513' title='bbox 338 4152 394 4216; x_wconf 89' lang='lat' dir='ltr'><strong>ego</strong></span> <span class='ocrx_word' id='word_1_514' title='bbox 418 4133 493 4195; x_wconf 90' lang='lat' dir='ltr'><strong>duos</strong></span> <span class='ocrx_word' id='word_1_515' title='bbox 516 4131 585 4193; x_wconf 91' lang='lat' dir='ltr'><strong>illos</strong></span> <span class='ocrx_word' id='word_1_516' title='bbox 609 4150 711 4206; x_wconf 88' lang='lat' dir='ltr'><strong>arcus,</strong></span> <span class='ocrx_word' id='word_1_517' title='bbox 745 4129 910 4211; x_wconf 90' lang='lat' dir='ltr'><strong>elliptieum</strong></span> <span class='ocrx_word' id='word_1_518' title='bbox 934 4139 966 4193; x_wconf 90' lang='lat' dir='ltr'><strong>et</strong></span> <span class='ocrx_word' id='word_1_519' title='bbox 988 4131 1181 4205; x_wconf 87' lang='lat' dir='ltr'><strong>circularem,</strong></span> <span class='ocrx_word' id='word_1_520' title='bbox 1196 4201 1198 4205; x_wconf 89' lang='lat'>.</span> <span class='ocrx_word' id='word_1_521' title='bbox 1215 4129 1264 4211; x_wconf 89' lang='lat' dir='ltr'><strong>qui</strong></span> <span class='ocrx_word' id='word_1_522' title='bbox 1296 4130 1336 4191; x_wconf 90' lang='lat' dir='ltr'><strong>ab</strong></span> <span class='ocrx_word' id='word_1_523' title='bbox 1360 4146 1421 4190; x_wconf 90' lang='lat' dir='ltr'><strong>uuo</strong></span> <span class='ocrx_word' id='word_1_524' title='bbox 1444 4126 1506 4191; x_wconf 84' lang='lat' dir='ltr'><strong>sint</strong></span> 
     </span>
     <span class='ocr_line' id='line_1_47' title="bbox 147 4218 1506 4303; baseline -0.005 -18"><span class='ocrx_word' id='word_1_525' title='bbox 147 4222 371 4292; x_wconf 87' lang='lat' dir='ltr'><strong>rescinduntur,</strong></span> <span class='ocrx_word' id='word_1_526' title='bbox 403 4241 458 4303; x_wconf 90' lang='lat' dir='ltr'><strong>pro</strong></span> <span class='ocrx_word' id='word_1_527' title='bbox 488 4240 547 4281; x_wconf 90' lang='lat' dir='ltr'><strong>una</strong></span> <span class='ocrx_word' id='word_1_528' title='bbox 583 4220 733 4282; x_wconf 88' lang='lat' dir='ltr'><strong>anomalia</strong></span> <span class='ocrx_word' id='word_1_529' title='bbox 756 4220 888 4282; x_wconf 90' lang='lat' dir='ltr'><strong>eccentri</strong></span> <span class='ocrx_word' id='word_1_530' title='bbox 918 4220 1029 4296; x_wconf 90' lang='lat' dir='ltr'><strong>habeo,</strong></span> <span class='ocrx_word' id='word_1_531' title='bbox 1063 4221 1120 4281; x_wconf 91' lang='lat' dir='ltr'><strong>hcc</strong></span> <span class='ocrx_word' id='word_1_532' title='bbox 1144 4218 1330 4292; x_wconf 87' lang='lat' dir='ltr'><strong>discrimine,</strong></span> <span class='ocrx_word' id='word_1_533' title='bbox 1365 4226 1399 4279; x_wconf 91' lang='lat' dir='ltr'><strong>ut</strong></span> <span class='ocrx_word' id='word_1_534' title='bbox 1423 4230 1506 4279; x_wconf 66' lang='lat' dir='ltr'><strong>arcu</strong></span> 
     </span>
     <span class='ocr_line' id='line_1_48' title="bbox 154 4304 1506 4393; baseline -0.004 -20"><span class='ocrx_word' id='word_1_535' title='bbox 154 4311 296 4393; x_wconf 89' lang='lat' dir='ltr'><strong>ellipseos</strong></span> <span class='ocrx_word' id='word_1_536' title='bbox 320 4313 362 4375; x_wconf 88' lang='lat' dir='ltr'><strong>sit</strong></span> <span class='ocrx_word' id='word_1_537' title='bbox 384 4311 437 4374; x_wconf 90' lang='lat' dir='ltr'><strong>illa</strong></span> <span class='ocrx_word' id='word_1_538' title='bbox 460 4319 584 4372; x_wconf 86' lang='lat' dir='ltr'><strong>verset</strong></span> <span class='ocrx_word' id='word_1_539' title='bbox 607 4309 754 4371; x_wconf 87' lang='lat' dir='ltr'><strong>naturalis</strong></span> <span class='ocrx_word' id='word_1_540' title='bbox 778 4309 938 4384; x_wconf 89' lang='lat' dir='ltr'><strong>anomalia,</strong></span> <span class='ocrx_word' id='word_1_541' title='bbox 965 4310 1040 4371; x_wconf 89' lang='lat' dir='ltr'><strong>dans</strong></span> <span class='ocrx_word' id='word_1_542' title='bbox 1065 4317 1096 4370; x_wconf 88' lang='lat' dir='ltr'><strong>et</strong></span> <span class='ocrx_word' id='word_1_543' title='bbox 1110 4318 1308 4389; x_wconf 87' lang='lat' dir='ltr'><strong>coaequatam</strong></span> <span class='ocrx_word' id='word_1_544' title='bbox 1329 4324 1386 4386; x_wconf 90' lang='lat' dir='ltr'><strong>per</strong></span> <span class='ocrx_word' id='word_1_545' title='bbox 1408 4304 1506 4369; x_wconf 85' lang='lat' dir='ltr'><strong>immi·</strong></span> 
     </span>
     <span class='ocr_line' id='line_1_49' title="bbox 151 4394 1508 4480; baseline -0.005 -16"><span class='ocrx_word' id='word_1_546' title='bbox 151 4401 305 4464; x_wconf 82' lang='lat' dir='ltr'><strong>ontionem</strong></span> <span class='ocrx_word' id='word_1_547' title='bbox 329 4401 384 4477; x_wconf 88' lang='lat' dir='ltr'><strong>sui,</strong></span> <span class='ocrx_word' id='word_1_548' title='bbox 401 4409 433 4463; x_wconf 89' lang='lat' dir='ltr'><strong>et</strong></span> <span class='ocrx_word' id='word_1_549' title='bbox 451 4399 602 4480; x_wconf 89' lang='lat' dir='ltr'><strong>opticam;</strong></span> <span class='ocrx_word' id='word_1_550' title='bbox 627 4418 714 4461; x_wconf 90' lang='lat' dir='ltr'><strong>arcus</strong></span> <span class='ocrx_word' id='word_1_551' title='bbox 738 4417 808 4460; x_wconf 90' lang='lat' dir='ltr'><strong>vero</strong></span> <span class='ocrx_word' id='word_1_552' title='bbox 824 4399 927 4460; x_wconf 89' lang='lat' dir='ltr'><strong>circuli</strong></span> <span class='ocrx_word' id='word_1_553' title='bbox 951 4400 992 4460; x_wconf 89' lang='lat' dir='ltr'><strong>sit</strong></span> <span class='ocrx_word' id='word_1_554' title='bbox 1015 4398 1089 4460; x_wconf 92' lang='lat' dir='ltr'><strong>nihil</strong></span> <span class='ocrx_word' id='word_1_555' title='bbox 1112 4398 1169 4460; x_wconf 87' lang='lat' dir='ltr'><strong>uisi</strong></span> <span class='ocrx_word' id='word_1_556' title='bbox 1184 4395 1402 4477; x_wconf 86' lang='lat' dir='ltr'><strong>geometricum</strong></span> <span class='ocrx_word' id='word_1_557' title='bbox 1422 4394 1508 4475; x_wconf 86' lang='lat' dir='ltr'><strong>ellip&#39;·</strong></span> 
     </span>
     <span class='ocr_line' id='line_1_50' title="bbox 151 4484 1508 4568; baseline -0.005 -16"><span class='ocrx_word' id='word_1_558' title='bbox 151 4490 203 4553; x_wconf 91' lang='lat' dir='ltr'><strong>tici</strong></span> <span class='ocrx_word' id='word_1_559' title='bbox 237 4510 324 4555; x_wconf 87' lang='lat' dir='ltr'><strong>arcus</strong></span> <span class='ocrx_word' id='word_1_560' title='bbox 357 4508 480 4564; x_wconf 88' lang='lat' dir='ltr'><strong>nomen,</strong></span> <span class='ocrx_word' id='word_1_561' title='bbox 514 4488 706 4550; x_wconf 84' lang='lat' dir='ltr'><strong>mensurandi</strong></span> <span class='ocrx_word' id='word_1_562' title='bbox 736 4506 824 4549; x_wconf 86' lang='lat' dir='ltr'><strong>arcus</strong></span> <span class='ocrx_word' id='word_1_563' title='bbox 855 4496 886 4548; x_wconf 87' lang='lat' dir='ltr'><strong>ct</strong></span> <span class='ocrx_word' id='word_1_564' title='bbox 909 4506 999 4550; x_wconf 89' lang='lat' dir='ltr'><strong>areae</strong></span> <span class='ocrx_word' id='word_1_565' title='bbox 1030 4486 1183 4568; x_wconf 89' lang='lat' dir='ltr'><strong>elliptieae</strong></span> <span class='ocrx_word' id='word_1_566' title='bbox 1215 4505 1310 4557; x_wconf 87' lang='lat' dir='ltr'><strong>causa</strong></span> <span class='ocrx_word' id='word_1_567' title='bbox 1341 4484 1508 4548; x_wconf 85' lang='lat' dir='ltr'><strong>inductum.</strong></span> 
     </span>
     <span class='ocr_line' id='line_1_51' title="bbox 151 4575 1510 4660; baseline -0.004 -18"><span class='ocrx_word' id='word_1_568' title='bbox 151 4579 197 4642; x_wconf 83' lang='lat' dir='ltr'><strong>Tu</strong></span> <span class='ocrx_word' id='word_1_569' title='bbox 220 4598 294 4643; x_wconf 83' lang='lat' dir='ltr'><strong>vcro</strong></span> <span class='ocrx_word' id='word_1_570' title='bbox 317 4588 461 4660; x_wconf 84' lang='lat' dir='ltr'><strong>perpetuo</strong></span> <span class='ocrx_word' id='word_1_571' title='bbox 485 4577 669 4640; x_wconf 85' lang='lat' dir='ltr'><strong>obliviscens</strong></span> <span class='ocrx_word' id='word_1_572' title='bbox 691 4576 870 4639; x_wconf 89' lang='lat' dir='ltr'><strong>anomaliam</strong></span> <span class='ocrx_word' id='word_1_573' title='bbox 895 4578 1023 4639; x_wconf 88' lang='lat' dir='ltr'><strong>mediam</strong></span> <span class='ocrx_word' id='word_1_574' title='bbox 1047 4596 1101 4638; x_wconf 86' lang='lat' dir='ltr'><strong>scu</strong></span> <span class='ocrx_word' id='word_1_575' title='bbox 1125 4575 1336 4657; x_wconf 85' lang='lat' dir='ltr'><strong>temporariam</strong></span> <span class='ocrx_word' id='word_1_576' title='bbox 1361 4592 1510 4655; x_wconf 87' lang='lat' dir='ltr'><strong>quaereu-</strong></span> 
     </span>
     <span class='ocr_line' id='line_1_52' title="bbox 150 4663 1511 4751; baseline -0.003 -21"><span class='ocrx_word' id='word_1_577' title='bbox 150 4669 312 4732; x_wconf 86' lang='lat' dir='ltr'><strong>demessa</strong></span> <span class='ocrx_word' id='word_1_578' title='bbox 336 4669 366 4731; x_wconf 91' lang='lat' dir='ltr'><strong>in</strong></span> <span class='ocrx_word' id='word_1_579' title='bbox 389 4688 462 4730; x_wconf 90' lang='lat' dir='ltr'><strong>arca</strong></span> <span class='ocrx_word' id='word_1_580' title='bbox 485 4667 637 4748; x_wconf 90' lang='lat' dir='ltr'><strong>ellipseos,</strong></span> <span class='ocrx_word' id='word_1_581' title='bbox 663 4666 729 4740; x_wconf 86' lang='lat' dir='ltr'><strong>hoc,</strong></span> <span class='ocrx_word' id='word_1_582' title='bbox 753 4665 889 4747; x_wconf 89' lang='lat' dir='ltr'><strong>inquam,</strong></span> <span class='ocrx_word' id='word_1_583' title='bbox 913 4667 1094 4728; x_wconf 88' lang='lat' dir='ltr'><strong>obliviscens</strong></span> <span class='ocrx_word' id='word_1_584' title='bbox 1118 4685 1155 4728; x_wconf 86' lang='lat' dir='ltr'><strong>ex</strong></span> <span class='ocrx_word' id='word_1_585' title='bbox 1180 4684 1250 4727; x_wconf 91' lang='lat' dir='ltr'><strong>arcu</strong></span> <span class='ocrx_word' id='word_1_586' title='bbox 1274 4663 1378 4726; x_wconf 89' lang='lat' dir='ltr'><strong>circuli</strong></span> <span class='ocrx_word' id='word_1_587' title='bbox 1402 4678 1511 4751; x_wconf 63' lang='lat' dir='ltr'><strong>ecoeu7</strong></span> 
     </span>
     <span class='ocr_line' id='line_1_53' title="bbox 151 4750 1512 4839; baseline -0.004 -20"><span class='ocrx_word' id='word_1_588' title='bbox 151 4759 220 4822; x_wconf 88' lang='lat' dir='ltr'><strong>trici</strong></span> <span class='ocrx_word' id='word_1_589' title='bbox 251 4758 327 4823; x_wconf 86' lang='lat' dir='ltr'><strong>iacis</strong></span> <span class='ocrx_word' id='word_1_590' title='bbox 351 4757 424 4820; x_wconf 89' lang='lat' dir='ltr'><strong>mihi</strong></span> <span class='ocrx_word' id='word_1_591' title='bbox 446 4756 574 4825; x_wconf 87' lang='lat' dir='ltr'><strong>mediam</strong></span> <span class='ocrx_word' id='word_1_592' title='bbox 598 4755 794 4827; x_wconf 86' lang='lat' dir='ltr'><strong>anomaliam,</strong></span> <span class='ocrx_word' id='word_1_593' title='bbox 827 4774 894 4830; x_wconf 84' lang='lat' dir='ltr'><strong>cum</strong></span> <span class='ocrx_word' id='word_1_594' title='bbox 918 4756 960 4818; x_wconf 91' lang='lat' dir='ltr'><strong>sit</strong></span> <span class='ocrx_word' id='word_1_595' title='bbox 981 4755 1056 4836; x_wconf 82' lang='lat' dir='ltr'><strong>baec</strong></span> <span class='ocrx_word' id='word_1_596' title='bbox 1072 4750 1238 4839; x_wconf 58' lang='lat' dir='ltr'><strong>&gt;anomalia</strong></span> <span class='ocrx_word' id='word_1_597' title='bbox 1260 4752 1408 4825; x_wconf 90' lang='lat' dir='ltr'><strong>eccentri,</strong></span> <span class='ocrx_word' id='word_1_598' title='bbox 1442 4770 1512 4834; x_wconf 75' lang='lat' dir='ltr'><strong>serp</strong></span> 
     </span>
     <span class='ocr_line' id='line_1_54' title="bbox 154 4841 1513 4933; baseline -0.004 -20"><span class='ocrx_word' id='word_1_599' title='bbox 154 4849 272 4933; x_wconf 89' lang='lat' dir='ltr'><strong>quidem</strong></span> <span class='ocrx_word' id='word_1_600' title='bbox 305 4846 421 4924; x_wconf 87' lang='lat' dir='ltr'><strong>media,</strong></span> <span class='ocrx_word' id='word_1_601' title='bbox 455 4845 509 4908; x_wconf 90' lang='lat' dir='ltr'><strong>sed</strong></span> <span class='ocrx_word' id='word_1_602' title='bbox 533 4844 707 4929; x_wconf 86' lang='lat' dir='ltr'><strong>quantitate</strong></span> <span class='ocrx_word' id='word_1_603' title='bbox 730 4844 810 4908; x_wconf 87' lang='lat' dir='ltr'><strong>inter</strong></span> <span class='ocrx_word' id='word_1_604' title='bbox 844 4843 976 4929; x_wconf 87' lang='lat' dir='ltr'><strong>reliquas</strong></span> <span class='ocrx_word' id='word_1_605' title='bbox 1000 4841 1145 4920; x_wconf 64' lang='lat' dir='ltr'><strong>cum-at</strong></span> <span class='ocrx_word' id='word_1_606' title='bbox 1172 4862 1232 4908; x_wconf 91' lang='lat' dir='ltr'><strong>nou</strong></span> <span class='ocrx_word' id='word_1_607' title='bbox 1263 4861 1356 4907; x_wconf 89' lang='lat' dir='ltr'><strong>sensu</strong></span> <span class='ocrx_word' id='word_1_608' title='bbox 1387 4841 1513 4928; x_wconf 78' lang='lat' dir='ltr'><strong>antique</strong></span> 
     </span>
    </p>
   </div>
   <div class='ocr_carea' id='block_1_7' title="bbox 0 0 1655 5550">
    <p class='ocr_par' dir='ltr' id='par_1_7' title="bbox 0 0 1655 5550">
     <span class='ocr_line' id='line_1_55' title="bbox 0 0 1655 5550; baseline 0 0"><span class='ocrx_word' id='word_1_609' title='bbox 0 0 1655 5550; x_wconf 95' lang='lat' dir='ltr'><strong> </strong></span> 
     </span>
    </p>
   </div>
  </div>
 </body>
</html>
