3278 5550
602 324 605 331 -
672 294 835 347 notaris
1392 287 1432 360 in

264 477 324 532 14..
345 474 450 536 Quibus
472 475 592 546 remigiis
613 475 666 531 uim
687 478 760 530 banc
787 481 914 538 exserat,
945 476 991 529 nbi
1012 476 1169 546 exemplum
1189 477 1222 528 de
1243 473 1360 529 flumine.
1394 474 1432 529 Et

336 557 469 625 quomedo
489 557 554 609 remi
577 556 726 610 directione
748 562 835 609 nauta
854 564 950 625 posset
971 555 1089 609 scribere
1111 554 1304 609 eccentricnm.

259 637 305 691 15.
340 635 417 688 Talis
447 636 515 688 romi
544 635 658 690 directio
688 642 811 705 temporo
841 633 980 707 inaequali
1007 643 1038 689 et
1064 636 1148 689 librat
1168 642 1198 689 et
1224 633 1363 697 dimidiat,
1394 652 1432 690 ex

338 715 508 784 antecipato.
554 717 625 770 Nam
650 733 759 786 possem
787 715 892 781 dicere,
921 717 1043 770 accidere
1065 716 1117 769 boc
1137 715 1335 786 inaequaliter,
1362 730 1432 788 ergo

337 802 369 848 nt
390 796 416 848 in
438 812 520 852 remo.
587 793 590 799 ’

260 877 306 930 16.
341 874 408 929 Cum
429 875 516 946 igitur
535 875 563 928 vi
585 882 723 930 extranea
742 881 840 929 utatur
860 876 896 929 ed
912 893 1011 946 corpus
1032 876 1283 939 transvectandnm,
1305 875 1332 929 in
1353 892 1432 930 sunm

337 973 435 1024 eorpus
458 956 496 1010 nil
518 963 619 1026 petest,
641 957 693 1010 nisi
714 956 929 1021 conversionem,
951 957 1079 1026 exemplo
1099 954 1176 1011 remi.

262 1035 307 1093 17.
343 1038 409 1090 Cum
431 1037 484 1090 loci
505 1036 691 1107 coguitionem
712 1055 766 1090 non
787 1037 907 1100 babeat,
933 1039 1097 1091 restituatur
1122 1043 1215 1090 tamen
1236 1051 1295 1089 cum
1316 1053 1431 1091 concen-

340 1117 416 1180 trico,
439 1117 573 1171 tributum
594 1117 681 1189 igitur
701 1116 760 1186 ipsi·
781 1117 907 1186 primitus
935 1117 1082 1188 aequabile
1110 1116 1251 1188 quippiam
1270 1113 1389 1175 virtutis,
1402 1122 1435 1172 et

339 1198 497 1259 dimensum,
519 1197 597 1266 cnjm
619 1197 795 1257 contentione
815 1197 928 1252 nititur!
1200 1249 1203 1252 ,

260 1275 308 1333 18.
342 1278 388 1331 Ex
407 1279 449 1333 11.
465 1277 560 1350 alique
580 1284 763 1340 assumuntur,
783 1284 814 1330 et
827 1280 1039 1340 demonstratur,
1061 1276 1124 1349 ,quid
1138 1276 1200 1337 inde
1221 1275 1297 1346 sequi
1319 1291 1431 1329 neeesse

340 1357 383 1421 sit,
405 1363 438 1410 ut
459 1357 580 1412 varietas
602 1364 747 1429 appareat,
770 1358 850 1412 simul
870 1365 902 1412 ut
922 1359 1103 1412 fundamenta
1118 1355 1262 1424 jaciantur
1282 1362 1431 1428 sequutura

340 1436 432 1490 inutili
451 1438 549 1493 labori.
590 1438 660 1492 Nam
683 1437 786 1508 posito,
809 1438 900 1492 radios
927 1440 1049 1501 eosdem,
1071 1437 1141 1491 idem
1163 1443 1285 1492 centrum
1305 1432 1432 1525 epicyeli‘

341 1518 458 1586 planeta
478 1519 542 1590 loge
563 1518 716 1595 epicyelica
736 1519 890 1572 movebitur
910 1520 937 1572 in
959 1510 1080 1589 leu'gum.

261 1596 308 1649 19.
343 1596 436 1651 Etiam
450 1598 477 1651 in
492 1599 580 1653 latum
594 1607 690 1668 posset
703 1599 744 1651 ita
758 1600 869 1661 moveri,
892 1602 939 1652 sed
957 1598 1089 1667 judicium
1105 1598 1228 1652 diuorum
1242 1599 1277 1650 ad
1291 1595 1440 1652 interium·

418 1679 461 1732 De
482 1678 641 1748 quantitate
660 1679 891 1734 Eeoentricitatis.
927 1681 997 1734 Nam
1023 1695 1122 1749 eorpus
1144 1684 1169 1746 (ς
1191 1693 1307 1746 parrum
1327 1675 1433 1749 esa&

341 1774 480 1829 magnum.
523 1760 650 1813 Vicissim
670 1760 861 1814 eccentricitas
884 1765 909 1826 0¹
931 1776 1042 1832 magna,
1065 1760 1204 1832 &parva
1234 1759 1327 1811 Causa
1348 1755 1435 1828 igitur

338 1838 367 1891 in
382 1838 502 1908 eorporis
516 1837 642 1903 levitate,
664 1841 712 1893 sed
727 1846 819 1894 temen
838 1841 1072 1902 considerandum,
1094 1856 1130 1893 an
1145 1839 1229 1893 etiam
1243 1838 1435 1893 restitutiones

340 1919 422 1983 tales,
443 1937 541 1990 nempe
562 1927 588 1987 ό
611 1920 739 1982 velocior,
762 1937 844 1991 quam
864 1938 915 1991 pro
936 1921 1028 1990 spatio
1049 1928 1080 1974 et
1099 1917 1269 1974 fortitudine.

157 2168 235 2218 Haec
255 2177 394 2234 sequnntur
413 2187 455 2236 per
472 2174 532 2224 lolia
549 2174 619 2239 plura
637 2191 712 2240 qnam
730 2173 783 2225 900
803 2176 936 2227 conamina
954 2173 1122 2231 diversimode.
1142 2172 1290 2223 emendandi
1309 2171 1334 2234 d
1354 2177 1435 2223 motus

80 2254 114 2298 per
130 2238 276 2297 talenlmn,
305 2244 331 2291 in
357 2244 443 2308 quibas
470 2247 579 2296 maxima
597 2262 627 2296 ex
655 2255 725 2311 parte
743 2248 866 2312 Keplerns
893 2255 976 2298 tentat
1006 2247 1062 2296 loca
1080 2242 1106 2305 d
1125 2259 1142 2295 a
1159 2244 1277 2307 Tycbone
1305 2244 1436 2295 obsonate

77 2311 226 2373 aemnyebia
243 2314 274 2360 in
292 2314 411 2365 euenum
430 2317 548 2381 redigere.
1411 2322 1415 2329 ¹
1433 2314 1436 2319 Ι

156 2384 238 2431 Foliis
258 2382 402 2435 eto-8³2
421 2384 450 2449 (a
466 2389 576 2453 Keplero
598 2391 703 2455 signetis
730 2391 838 2441 numeris
857 2386 1011 2449 ete-528)
1035 2386 1100 2438 baec
1123 2385 1340 2452 deprehendimur,
1368 2386 1438 2438 cirea

78 2466 162 2503 unum
185 2452 270 2504 1605.
289 2459 438 2522 conscripta.
1427 2457 1431 2465 ⁶

293 2578 393 2651 Quae
417 2582 451 2644 in
474 2584 622 2646 theoria
645 2586 781 2649 Martis
804 2593 952 2648 restent
979 2582 1220 2665 exploranda.
1406 2660 1409 2665 Ι

158 2704 232 2764 Duo
261 2712 348 2777 suut,
373 2724 449 2785 quae
471 2708 618 2771 theoriam
642 2713 753 2777 Martis
776 2714 906 2775 reddunt
928 2708 1115 2783 intricatam,
1146 2706 1276 2786 sphaera
1298 2703 1381 2768 Solis
1404 2710 1438 2767 et

86 2790 207 2866 ›pbscra
237 2793 308 2872 ipsa
330 2793 451 2858 Martis.
498 2797 639 2878 Sphaera
661 2802 744 2865 Solis
776 2822 834 2863 non
867 2800 987 2882 quidem
1018 2799 1049 2861 in
1081 2818 1117 2859 eo
1149 2794 1323 2876 praecipue,
1356 2792 1437 2875 qdod

78 2879 223 2942 hactenus
258 2882 395 2962 exemplo
427 2893 652 2952 antecessorum
681 2891 842 2972 dispositio
882 2889 998 2953 orbium
1030 2885 1141 2951 Martis
1180 2885 1278 2947 relata
1311 2881 1367 2944 init
1395 2880 1437 2949 ad
1454 2900 1467 2943 ι’

74 2969 209 3030 medinm
223 2971 324 3041 locum
338 2971 432 3035 Solis.
477 2976 557 3037 uam
579 2978 636 3041 hoc
655 2981 719 3061 jam
744 2974 939 3059 praesentim
963 2985 1021 3052 cst,
1045 2984 1077 3039 et
1095 2994 1155 3038 non
1174 2973 1317 3034 debemus
1339 2968 1438 3033 videri

70 3058 251 3136 neglexisse
277 3062 532 3126 eccentricitatem
554 3066 652 3141 Solis,
685 3070 712 3132 si
734 3066 888 3150 planetam
910 3069 951 3130 ad
975 3068 1072 3128 locum
1095 3062 1224 3126 medium
1248 3059 1331 3124 Solis
1353 3058 1436 3149 rele-

66 3149 174 3208 rimus.
224 3150 294 3211 Hoc
317 3149 396 3211 enim
424 3152 521 3233 ipsum
554 3156 680 3221 includit
707 3159 895 3240 inaequalem
917 3156 1028 3220 Martis
1059 3152 1173 3218 aSole
1205 3149 1383 3213 distantiam
1405 3147 1435 3212 in

65 3245 136 3297 toto
155 3237 279 3313 ambitu
292 3238 407 3303 orbitae
423 3241 550 3306 Solaris.
587 3248 636 3309 Ac
654 3249 713 3311 etsi
731 3249 845 3329 aliquid
868 3247 995 3309 infertur
1012 3240 1201 3306 diversitatis
1224 3240 1282 3302 boc
1304 3238 1435 3314 nomine,

64 3348 146 3408 quae
184 3327 218 3389 in
246 3329 425 3409 aequatione
453 3335 585 3397 eccentri
611 3338 651 3398 ad
681 3337 723 3414 5‘,
754 3339 783 3400 in
812 3335 963 3419 parallaxi
992 3336 1064 3396 vero'
1092 3333 1132 3393 ad
1160 3327 1214 3394 42¹
1243 3336 1275 3389 et
1306 3325 1436 3409 amplius

64 3417 228 3491 excurrit,
252 3416 283 3477 id
305 3423 407 3481 temen
430 3421 543 3482 accidit
568 3435 692 3507 propter
720 3429 818 3508 ipsum
841 3433 867 3497 ό
891 3426 1009 3499 orbem,
1037 3423 1075 3484 ob
1098 3422 1177 3483 bauo
1200 3436 1323 3481 cansam
1344 3415 1435 3487 aliter

64 3506 297 3578 ordinandum,
320 3514 354 3568 nt
375 3516 485 3588 postea
507 3509 649 3576 dicemus.
698 3516 760 3580 Sed
782 3518 840 3581 hoc
863 3514 981 3576 nomine
1004 3511 1088 3574 venit
1111 3509 1213 3590 aliqua
1234 3525 1273 3568 ex
1296 3505 1367 3567 orbe
1392 3498 1433 3583 Θ

65 3597 99 3655 in
123 3603 150 3664 0'
177 3594 360 3671 diversitas,
393 3600 472 3679 quod
504 3605 664 3667 eccentrici
698 3603 738 3683 Θ
771 3626 831 3667 ιιοιι
863 3612 911 3666 est
942 3609 1028 3665 tanta
1060 3597 1287 3671 eccentricitas,
1322 3600 1436 3679 quanta

65 3684 235 3765 sequentis
259 3682 378 3747 Solaris
407 3695 455 3750 est
478 3693 697 3756 eccentricitas.
730 3696 779 3769 ‚ld
803 3713 858 3774 ego
890 3690 1073 3773 deprehendi
1094 3690 1151 3751 hoc
1183 3686 1280 3747 modo.
1326 3682 1433 3759 Quae7

64 3773 126 3834 siri
150 3773 275 3854 aliquot
295 3773 442 3838 articulos
465 3785 641 3861 temporum,
666 3783 826 3864 inquibus
849 3781 1035 3863 &praecise
1059 3785 1142 3841 esset
1172 3776 1202 3837 in
1232 3774 1300 3835 loco
1325 3789 1433 3853 eccen-

66 3862 154 3937 trici,
191 3871 226 3923 ut
254 3862 298 3924 ita
320 3863 394 3926 mihi
423 3887 482 3927 uon
506 3887 580 3949 epus
604 3880 688 3934 esset
709 3873 879 3954 cognitione
903 3869 1111 3952 dispositionis
1135 3864 1249 3928 orbium
1273 3869 1309 3933 d.
1356 3857 1434 3925 Cum

67 3972 142 4032 ergo
167 3970 226 4033 per
250 3959 314 4015 tres
329 3953 508 4037 ‚hujusmodi
530 3959 758 4025 observationes
786 3963 877 4025 trium
905 3959 1106 4041 parallaxium
1130 3954 1212 4017 orbis
1241 3951 1333 4013 annui
1360 3955 1432 4015 tan·

67 4062 160 4122 qnam
186 4060 243 4120 per
265 4041 326 4103 tria
348 4051 460 4124 puncta
481 4049 700 4126 processissem
723 4052 762 4112 ad
786 4050 1010 4132 inquisitionem
1033 4045 1153 4125 circuli,
1183 4039 1297 4124 prodiit
1323 4056 1432 4133 eccen-

66 4131 136 4193 triei
161 4130 287 4194 Solaris
317 4133 525 4199 eccentricitas
555 4138 675 4201 circiter
706 4141 829 4203 dimidie
860 4135 1095 4202 eccentricitatis
1119 4157 1137 4196 a
1159 4135 1202 4195 M.
1227 4132 1265 4194 D.
1290 4128 1433 4213 Tyebone

68 4230 241 4281 msumtae.
287 4223 331 4283 Ut
352 4222 396 4284 ita
418 4223 468 4285 vel
495 4246 628 4308 aequans
655 4229 861 4292 Ptolomeicus
885 4230 931 4290 vel
961 4225 1100 4290 circellns
1124 4220 1349 4303 Cepernicanns
1370 4230 1432 4280 non

67 4311 170 4371 minus
199 4309 230 4371 in
253 4309 326 4374 Sole
350 4312 393 4374 sit
414 4317 602 4394 statuendus,
626 4339 715 4399 qnam
733 4320 764 4382 in
788 4318 898 4381 ceteris
919 4316 1060 4399 planetis.
1097 4312 1217 4377 Prodiit
1239 4310 1330 4372 etiam
1353 4327 1431 4393 app·

69 4418 182 4477 8³0OE
208 4396 267 4475 Θ,
296 4399 378 4463 linea
399 4423 418 4464 a
440 4408 535 4467 Terra
563 4427 617 4487 per
640 4409 800 4472 eccentrici
830 4415 966 4470 centrum
988 4406 1134 4484 trajecta,
1162 4401 1281 4465 circiter
1305 4393 1366 4462 30⁰
1387 4403 1452 4474 11„

69 4489 148 4568 qued
172 4507 281 4568 parum
303 4489 392 4553 abest
413 4489 494 4557 at⁰
517 4510 559 4562 Θ.
1000 4511 1023 4550 '-

158 4579 280 4640 Verum
303 4587 403 4643 tamen
426 4603 492 4645 cnm
515 4603 580 4646 rem
603 4586 681 4651 hanc
704 4606 762 4647 non
787 4605 841 4665 per
864 4605 954 4647 uuam
976 4590 1094 4647 tantum
1106 4583 1217 4664 trigam
1232 4579 1438 4662 parallaxeon·

71 4687 251 4745 annuarum,
274 4670 314 4731 ed
336 4669 414 4732 idern
438 4673 598 4737 eccentrici
621 4684 646 4746 d
669 4683 810 4755 punctum
834 4674 1011 4749 relatarum,
1036 4672 1090 4735 sed
1107 4691 1166 4752 per
1188 4672 1315 4734 alteram
1338 4675 1429 4751 atque

73 4757 195 4819 terusm
212 4758 414 4838 explorarem,
432 4761 547 4843 prodiit
568 4762 669 4845 aliqua
691 4765 864 4836 diuersitas,
888 4773 918 4825 et
942 4762 1099 4826 uidebatur
1121 4762 1195 4824 haee
1219 4756 1428 4845 eccentricitas

75 4838 361 4927 alquantomlnor,
384 4870 551 4933 apogaeum
575 4838 650 4935 uero'
665 4853 728 4933 jam
753 4854 783 4915 in
807 4849 868 4917 28⁰
889 4855 932 4931 Π,
950 4853 1016 4934 jam
1038 4853 1068 4915 in
1092 4847 1131 4915 8⁰
1154 4865 1185 4917 to
1210 4849 1350 4922 cadebat,
1373 4863 1427 4911 seu

1177 4948 1218 5005 2.
