<?xml version="1.0" encoding="UTF-8"?>
<!DOCTYPE html PUBLIC "-//W3C//DTD XHTML 1.0 Transitional//EN"
    "http://www.w3.org/TR/xhtml1/DTD/xhtml1-transitional.dtd">
<html xmlns="http://www.w3.org/1999/xhtml" xml:lang="en" lang="en">
 <head>
  <title>
</title>
<meta http-equiv="Content-Type" content="text/html;charset=utf-8" />
  <meta name='ocr-system' content='tesseract 3.04.00' />
  <meta name='ocr-capabilities' content='ocr_page ocr_carea ocr_par ocr_line ocrx_word'/>
</head>
<body>
  <div class='ocr_page' id='page_1' title='image "./joanniskepleria12frisgoog/joanniskepleria12frisgoog_0037.png"; bbox 0 0 3278 5550; ppageno 0'>
   <div class='ocr_carea' id='block_1_1' title="bbox 123 285 1050 358">
    <p class='ocr_par' dir='ltr' id='par_1_1' title="bbox 123 285 1050 358">
     <span class='ocr_line' id='line_1_1' title="bbox 123 285 1050 358; baseline 0 -14"><span class='ocrx_word' id='word_1_1' title='bbox 123 285 167 358; x_wconf 77' lang='lat'><strong>28</strong></span> <span class='ocrx_word' id='word_1_2' title='bbox 545 288 644 344; x_wconf 65' lang='lat' dir='ltr'><strong>lriterae</strong></span> <span class='ocrx_word' id='word_1_3' title='bbox 661 287 763 358; x_wconf 83' lang='lat' dir='ltr'><strong>Kopleri</strong></span> <span class='ocrx_word' id='word_1_4' title='bbox 781 288 931 358; x_wconf 84' lang='lat' dir='ltr'><strong>alioruuiqus</strong></span> <span class='ocrx_word' id='word_1_5' title='bbox 949 298 1050 344; x_wconf 79' lang='lat' dir='ltr'><strong>noctuae</strong></span> 
     </span>
    </p>
   </div>
   <div class='ocr_carea' id='block_1_2' title="bbox 122 465 1487 964">
    <p class='ocr_par' dir='ltr' id='par_1_2' title="bbox 122 465 1487 964">
     <span class='ocr_line' id='line_1_2' title="bbox 211 465 1483 539; baseline -0.002 -19"><span class='ocrx_word' id='word_1_6' title='bbox 211 471 251 520; x_wconf 82' lang='lat' dir='ltr'><strong>Ad</strong></span> <span class='ocrx_word' id='word_1_7' title='bbox 268 469 332 521; x_wconf 89' lang='lat' dir='ltr'><strong>haee</strong></span> <span class='ocrx_word' id='word_1_8' title='bbox 351 469 504 539; x_wconf 84' lang='lat' dir='ltr'><strong>problemata</strong></span> <span class='ocrx_word' id='word_1_9' title='bbox 521 469 664 519; x_wconf 83' lang='lat' dir='ltr'><strong>liervartus</strong></span> <span class='ocrx_word' id='word_1_10' title='bbox 682 486 732 522; x_wconf 92' lang='lat' dir='ltr'><strong>non</strong></span> <span class='ocrx_word' id='word_1_11' title='bbox 759 471 898 536; x_wconf 86' lang='lat' dir='ltr'><strong>respondit,</strong></span> <span class='ocrx_word' id='word_1_12' title='bbox 924 471 987 520; x_wconf 89' lang='lat' dir='ltr'><strong>iorte</strong></span> <span class='ocrx_word' id='word_1_13' title='bbox 1006 470 1082 520; x_wconf 83' lang='lat' dir='ltr'><strong>etiam</strong></span> <span class='ocrx_word' id='word_1_14' title='bbox 1100 468 1195 534; x_wconf 89' lang='lat' dir='ltr'><strong>petenti</strong></span> <span class='ocrx_word' id='word_1_15' title='bbox 1212 467 1337 534; x_wconf 83' lang='lat' dir='ltr'><strong>Kepiero,</strong></span> <span class='ocrx_word' id='word_1_16' title='bbox 1356 474 1385 518; x_wconf 89' lang='lat' dir='ltr'><strong>ut</strong></span> <span class='ocrx_word' id='word_1_17' title='bbox 1402 465 1483 518; x_wconf 81' lang='lat' dir='ltr'><strong>Viets</strong></span> 
     </span>
     <span class='ocr_line' id='line_1_3' title="bbox 124 537 1484 607; baseline -0.003 -15"><span class='ocrx_word' id='word_1_18' title='bbox 124 541 302 600; x_wconf 74' lang='lat' dir='ltr'><strong>consuleretur,</strong></span> <span class='ocrx_word' id='word_1_19' title='bbox 321 557 371 591; x_wconf 92' lang='lat' dir='ltr'><strong>non</strong></span> <span class='ocrx_word' id='word_1_20' title='bbox 389 541 518 592; x_wconf 82' lang='lat' dir='ltr'><strong>satisfecit.</strong></span> <span class='ocrx_word' id='word_1_21' title='bbox 544 540 572 589; x_wconf 94' lang='lat' dir='ltr'><strong>ln</strong></span> <span class='ocrx_word' id='word_1_22' title='bbox 591 544 759 605; x_wconf 73' lang='lat' dir='ltr'>responsione,</span> <span class='ocrx_word' id='word_1_23' title='bbox 777 557 849 607; x_wconf 89' lang='lat' dir='ltr'><strong>quam</strong></span> <span class='ocrx_word' id='word_1_24' title='bbox 869 558 899 592; x_wconf 88' lang='lat' dir='ltr'><strong>ex</strong></span> <span class='ocrx_word' id='word_1_25' title='bbox 917 549 987 607; x_wconf 85' lang='lat' dir='ltr'><strong>parta</strong></span> <span class='ocrx_word' id='word_1_26' title='bbox 1006 543 1174 606; x_wconf 70' lang='lat' dir='ltr'><strong>proposuimus</strong></span> <span class='ocrx_word' id='word_1_27' title='bbox 1192 538 1249 589; x_wconf 89' lang='lat' dir='ltr'><strong>Vol.</strong></span> <span class='ocrx_word' id='word_1_28' title='bbox 1268 539 1289 597; x_wconf 92' lang='lat' dir='ltr'><strong>l,</strong></span> <span class='ocrx_word' id='word_1_29' title='bbox 1308 554 1331 604; x_wconf 94' lang='lat' dir='ltr'><strong>p.</strong></span> <span class='ocrx_word' id='word_1_30' title='bbox 1352 537 1397 598; x_wconf 85' lang='grc'><strong>73,</strong></span> <span class='ocrx_word' id='word_1_31' title='bbox 1417 539 1484 590; x_wconf 84' lang='lat' dir='ltr'><strong>haec</strong></span> 
     </span>
     <span class='ocr_line' id='line_1_4' title="bbox 122 610 1483 679; baseline -0.001 -17"><span class='ocrx_word' id='word_1_32' title='bbox 122 613 245 679; x_wconf 79' lang='lat' dir='ltr'><strong>legimus:</strong></span> <span class='ocrx_word' id='word_1_33' title='bbox 270 613 407 662; x_wconf 88' lang='lat' dir='ltr'><strong>Ptolemaei</strong></span> <span class='ocrx_word' id='word_1_34' title='bbox 429 613 501 663; x_wconf 92' lang='lat' dir='ltr'><strong>libros</strong></span> <span class='ocrx_word' id='word_1_35' title='bbox 524 612 676 662; x_wconf 74' lang='lat' dir='ltr'><strong>Harmoniae</strong></span> <span class='ocrx_word' id='word_1_36' title='bbox 703 614 753 663; x_wconf 90' lang='lat' dir='ltr'><strong>und</strong></span> <span class='ocrx_word' id='word_1_37' title='bbox 778 615 850 663; x_wconf 85' lang='lat' dir='ltr'><strong>dabci</strong></span> <span class='ocrx_word' id='word_1_38' title='bbox 869 613 1008 664; x_wconf 72' lang='lat' dir='ltr'><strong>Aristoxeni</strong></span> <span class='ocrx_word' id='word_1_39' title='bbox 1027 611 1188 662; x_wconf 82' lang='lat' dir='ltr'><strong>Harmoniam</strong></span> <span class='ocrx_word' id='word_1_40' title='bbox 1210 610 1261 660; x_wconf 81' lang='lat' dir='ltr'><strong>hab</strong></span> <span class='ocrx_word' id='word_1_41' title='bbox 1283 610 1324 661; x_wconf 89' lang='lat' dir='ltr'><strong>ich</strong></span> <span class='ocrx_word' id='word_1_42' title='bbox 1350 612 1397 661; x_wconf 85' lang='lat' dir='ltr'><strong>ani</strong></span> <span class='ocrx_word' id='word_1_43' title='bbox 1415 610 1483 661; x_wconf 80' lang='lat' dir='ltr'><strong>selba</strong></span> 
     </span>
     <span class='ocr_line' id='line_1_5' title="bbox 124 682 1482 751; baseline -0.001 -17"><span class='ocrx_word' id='word_1_44' title='bbox 124 685 218 751; x_wconf 74' lang='lat' dir='ltr'><strong>fleissig</strong></span> <span class='ocrx_word' id='word_1_45' title='bbox 241 683 408 734; x_wconf 89' lang='lat' dir='ltr'><strong>Nachsuchen</strong></span> <span class='ocrx_word' id='word_1_46' title='bbox 427 683 561 748; x_wconf 79' lang='lat' dir='ltr'><strong>geinnden.</strong></span> <span class='ocrx_word' id='word_1_47' title='bbox 599 682 652 733; x_wconf 86' lang='lat' dir='ltr'><strong>Hat</strong></span> <span class='ocrx_word' id='word_1_48' title='bbox 674 685 770 734; x_wconf 88' lang='lat' dir='ltr'><strong>solebas</strong></span> <span class='ocrx_word' id='word_1_49' title='bbox 795 686 839 735; x_wconf 92' lang='lat' dir='ltr'><strong>der</strong></span> <span class='ocrx_word' id='word_1_50' title='bbox 858 685 1074 742; x_wconf 86' lang='lat' dir='ltr'><strong>Bibliothecarins‚</strong></span> <span class='ocrx_word' id='word_1_51' title='bbox 1101 683 1158 732; x_wconf 81' lang='lat' dir='ltr'><strong>veil</strong></span> <span class='ocrx_word' id='word_1_52' title='bbox 1181 697 1208 732; x_wconf 86' lang='lat' dir='ltr'><strong>ea</strong></span> <span class='ocrx_word' id='word_1_53' title='bbox 1235 689 1331 734; x_wconf 79' lang='lat' dir='ltr'><strong>veneat</strong></span> <span class='ocrx_word' id='word_1_54' title='bbox 1355 696 1482 748; x_wconf 72' lang='lat' dir='ltr'><strong>gavesen,</strong></span> 
     </span>
     <span class='ocr_line' id='line_1_6' title="bbox 122 754 1484 818; baseline -0.001 -13"><span class='ocrx_word' id='word_1_55' title='bbox 122 757 162 806; x_wconf 91' lang='lat' dir='ltr'><strong>nit</strong></span> <span class='ocrx_word' id='word_1_56' title='bbox 178 756 261 805; x_wconf 84' lang='lat' dir='ltr'><strong>finden</strong></span> <span class='ocrx_word' id='word_1_57' title='bbox 282 756 388 805; x_wconf 80' lang='lat' dir='ltr'><strong>konnen.</strong></span> <span class='ocrx_word' id='word_1_58' title='bbox 425 755 484 805; x_wconf 87' lang='lat' dir='ltr'><strong>Hab</strong></span> <span class='ocrx_word' id='word_1_59' title='bbox 508 755 573 805; x_wconf 83' lang='lat' dir='ltr'><strong>mich</strong></span> <span class='ocrx_word' id='word_1_60' title='bbox 593 756 617 804; x_wconf 93' lang='lat' dir='ltr'><strong>in</strong></span> <span class='ocrx_word' id='word_1_61' title='bbox 636 755 766 806; x_wconf 85' lang='lat' dir='ltr'><strong>Wahrheit</strong></span> <span class='ocrx_word' id='word_1_62' title='bbox 793 757 872 807; x_wconf 90' lang='lat' dir='ltr'><strong>selber</strong></span> <span class='ocrx_word' id='word_1_63' title='bbox 900 757 1008 817; x_wconf 72' lang='lat' dir='ltr'><strong>snmus,</strong></span> <span class='ocrx_word' id='word_1_64' title='bbox 1035 755 1093 805; x_wconf 88' lang='lat' dir='ltr'><strong>dass</strong></span> <span class='ocrx_word' id='word_1_65' title='bbox 1117 754 1159 804; x_wconf 90' lang='lat' dir='ltr'><strong>ich</strong></span> <span class='ocrx_word' id='word_1_66' title='bbox 1177 754 1246 804; x_wconf 79' lang='lat' dir='ltr'><strong>soen</strong></span> <span class='ocrx_word' id='word_1_67' title='bbox 1270 757 1324 818; x_wconf 73' lang='lat' dir='ltr'><strong>leat</strong></span> <span class='ocrx_word' id='word_1_68' title='bbox 1349 754 1484 804; x_wconf 86' lang='lat' dir='ltr'><strong>vermeltes</strong></span> 
     </span>
     <span class='ocr_line' id='line_1_7' title="bbox 123 824 1487 885; baseline -0.002 -6"><span class='ocrx_word' id='word_1_69' title='bbox 123 826 221 879; x_wconf 87' lang='lat' dir='ltr'><strong>Biiecbl</strong></span> <span class='ocrx_word' id='word_1_70' title='bbox 239 827 387 877; x_wconf 83' lang='lat' dir='ltr'><strong>anschicien</strong></span> <span class='ocrx_word' id='word_1_71' title='bbox 405 826 506 885; x_wconf 82' lang='lat' dir='ltr'><strong>konute,</strong></span> <span class='ocrx_word' id='word_1_72' title='bbox 525 827 577 876; x_wconf 92' lang='lat' dir='ltr'><strong>und</strong></span> <span class='ocrx_word' id='word_1_73' title='bbox 595 826 691 876; x_wconf 88' lang='lat' dir='ltr'><strong>solches</strong></span> <span class='ocrx_word' id='word_1_74' title='bbox 709 844 750 877; x_wconf 89' lang='lat' dir='ltr'><strong>um</strong></span> <span class='ocrx_word' id='word_1_75' title='bbox 769 842 796 877; x_wconf 91' lang='lat' dir='ltr'><strong>so</strong></span> <span class='ocrx_word' id='word_1_76' title='bbox 815 829 862 878; x_wconf 90' lang='lat' dir='ltr'><strong>riel</strong></span> <span class='ocrx_word' id='word_1_77' title='bbox 880 828 962 882; x_wconf 83' lang='lat' dir='ltr'><strong>mehr.</strong></span> <span class='ocrx_word' id='word_1_78' title='bbox 981 827 1037 877; x_wconf 88' lang='lat' dir='ltr'><strong>veil</strong></span> <span class='ocrx_word' id='word_1_79' title='bbox 1055 826 1095 876; x_wconf 90' lang='lat' dir='ltr'><strong>ich</strong></span> <span class='ocrx_word' id='word_1_80' title='bbox 1113 825 1219 883; x_wconf 79' lang='lat' dir='ltr'><strong>vorhoff,</strong></span> <span class='ocrx_word' id='word_1_81' title='bbox 1237 826 1263 876; x_wconf 88' lang='lat' dir='ltr'><strong>ir</strong></span> <span class='ocrx_word' id='word_1_82' title='bbox 1279 825 1374 876; x_wconf 67' lang='lat' dir='ltr'><strong>sordet</strong></span> <span class='ocrx_word' id='word_1_83' title='bbox 1392 824 1487 876; x_wconf 74' lang='lat' dir='ltr'><strong>ausos</strong></span> 
     </span>
     <span class='ocr_line' id='line_1_8' title="bbox 123 897 1187 964; baseline 0.001 -17"><span class='ocrx_word' id='word_1_84' title='bbox 123 897 244 948; x_wconf 88' lang='lat' dir='ltr'><strong>nunmehr</strong></span> <span class='ocrx_word' id='word_1_85' title='bbox 261 914 292 947; x_wconf 83' lang='lat' dir='ltr'><strong>au</strong></span> <span class='ocrx_word' id='word_1_86' title='bbox 312 913 394 949; x_wconf 90' lang='lat' dir='ltr'><strong>eurem</strong></span> <span class='ocrx_word' id='word_1_87' title='bbox 411 900 464 961; x_wconf 85' lang='lat' dir='ltr'><strong>jezt</strong></span> <span class='ocrx_word' id='word_1_88' title='bbox 481 905 554 947; x_wconf 81' lang='lat' dir='ltr'><strong>unter</strong></span> <span class='ocrx_word' id='word_1_89' title='bbox 572 897 680 947; x_wconf 84' lang='lat' dir='ltr'><strong>Handen</strong></span> <span class='ocrx_word' id='word_1_90' title='bbox 698 899 829 949; x_wconf 87' lang='lat' dir='ltr'><strong>habandan</strong></span> <span class='ocrx_word' id='word_1_91' title='bbox 847 899 922 949; x_wconf 83' lang='lat' dir='ltr'><strong>Werk</strong></span> <span class='ocrx_word' id='word_1_92' title='bbox 941 898 1070 948; x_wconf 87' lang='lat' dir='ltr'><strong>voriahren</strong></span> <span class='ocrx_word' id='word_1_93' title='bbox 1088 903 1187 964; x_wconf 73' lang='lat' dir='ltr'><strong>mogon.</strong></span> 
     </span>
    </p>
   </div>
   <div class='ocr_carea' id='block_1_3' title="bbox 121 984 1483 1834">
    <p class='ocr_par' dir='ltr' id='par_1_3' title="bbox 121 984 1483 1252">
     <span class='ocr_line' id='line_1_9' title="bbox 211 984 1483 1047; baseline -0.002 -11"><span class='ocrx_word' id='word_1_94' title='bbox 211 987 255 1037; x_wconf 91' lang='lat' dir='ltr'><strong>ich</strong></span> <span class='ocrx_word' id='word_1_95' title='bbox 273 987 408 1047; x_wconf 91' lang='lat' dir='ltr'><strong>vermuthe,</strong></span> <span class='ocrx_word' id='word_1_96' title='bbox 428 987 461 1035; x_wconf 91' lang='lat' dir='ltr'><strong>Es</strong></span> <span class='ocrx_word' id='word_1_97' title='bbox 480 986 562 1036; x_wconf 85' lang='lat' dir='ltr'><strong>verde</strong></span> <span class='ocrx_word' id='word_1_98' title='bbox 581 986 625 1034; x_wconf 90' lang='lat' dir='ltr'><strong>der</strong></span> <span class='ocrx_word' id='word_1_99' title='bbox 642 987 706 1036; x_wconf 88' lang='lat' dir='ltr'><strong>Herr</strong></span> <span class='ocrx_word' id='word_1_100' title='bbox 724 987 807 1037; x_wconf 92' lang='lat' dir='ltr'><strong>Brnhe</strong></span> <span class='ocrx_word' id='word_1_101' title='bbox 825 987 896 1038; x_wconf 83' lang='lat' dir='ltr'><strong>Euch</strong></span> <span class='ocrx_word' id='word_1_102' title='bbox 915 986 955 1036; x_wconf 93' lang='lat' dir='ltr'><strong>die</strong></span> <span class='ocrx_word' id='word_1_103' title='bbox 973 987 1156 1036; x_wconf 85' lang='lat' dir='ltr'><strong>observationes</strong></span> <span class='ocrx_word' id='word_1_104' title='bbox 1168 984 1258 1036; x_wconf 68' lang='lat' dir='ltr'><strong>Marus</strong></span> <span class='ocrx_word' id='word_1_105' title='bbox 1275 984 1320 1036; x_wconf 89' lang='lat' dir='ltr'><strong>snb</strong></span> <span class='ocrx_word' id='word_1_106' title='bbox 1338 985 1483 1037; x_wconf 89' lang='lat' dir='ltr'><strong>conditione</strong></span> 
     </span>
     <span class='ocr_line' id='line_1_10' title="bbox 121 1057 1480 1125; baseline -0.001 -17"><span class='ocrx_word' id='word_1_107' title='bbox 121 1058 213 1108; x_wconf 73' lang='lat' dir='ltr'><strong>silenui</strong></span> <span class='ocrx_word' id='word_1_108' title='bbox 232 1064 390 1108; x_wconf 76' lang='lat' dir='ltr'><strong>euvernaoet</strong></span> <span class='ocrx_word' id='word_1_109' title='bbox 407 1057 507 1114; x_wconf 69' lang='lat' dir='ltr'><strong>habene</strong></span> <span class='ocrx_word' id='word_1_110' title='bbox 527 1058 561 1107; x_wconf 89' lang='lat' dir='ltr'><strong>da</strong></span> <span class='ocrx_word' id='word_1_111' title='bbox 573 1058 647 1107; x_wconf 73' lang='lat' dir='ltr'><strong>&#39;uuhn</strong></span> <span class='ocrx_word' id='word_1_112' title='bbox 665 1060 720 1108; x_wconf 90' lang='lat' dir='ltr'><strong>dem</strong></span> <span class='ocrx_word' id='word_1_113' title='bbox 740 1060 800 1116; x_wconf 89' lang='lat' dir='ltr'><strong>also,</strong></span> <span class='ocrx_word' id='word_1_114' title='bbox 820 1060 927 1125; x_wconf 77' lang='lat' dir='ltr'><strong>begehre</strong></span> <span class='ocrx_word' id='word_1_115' title='bbox 945 1057 985 1108; x_wconf 88' lang='lat' dir='ltr'><strong>ich</strong></span> <span class='ocrx_word' id='word_1_116' title='bbox 999 1059 1079 1108; x_wconf 86' lang='lat' dir='ltr'><strong>devon</strong></span> <span class='ocrx_word' id='word_1_117' title='bbox 1098 1057 1220 1107; x_wconf 89' lang='lat' dir='ltr'><strong>durchana</strong></span> <span class='ocrx_word' id='word_1_118' title='bbox 1237 1057 1319 1107; x_wconf 85' lang='lat' dir='ltr'><strong>nichts</strong></span> <span class='ocrx_word' id='word_1_119' title='bbox 1337 1072 1369 1107; x_wconf 84' lang='lat' dir='ltr'><strong>zu</strong></span> <span class='ocrx_word' id='word_1_120' title='bbox 1380 1059 1480 1107; x_wconf 79' lang='lat' dir='ltr'><strong>visson.</strong></span> 
     </span>
     <span class='ocr_line' id='line_1_11' title="bbox 122 1128 1481 1195; baseline 0 -16"><span class='ocrx_word' id='word_1_121' title='bbox 122 1131 175 1179; x_wconf 79' lang='lat' dir='ltr'><strong>Ani</strong></span> <span class='ocrx_word' id='word_1_122' title='bbox 191 1131 239 1180; x_wconf 86' lang='lat' dir='ltr'><strong>den</strong></span> <span class='ocrx_word' id='word_1_123' title='bbox 257 1130 311 1180; x_wconf 81' lang='lat' dir='ltr'><strong>Enii</strong></span> <span class='ocrx_word' id='word_1_124' title='bbox 330 1145 357 1179; x_wconf 89' lang='lat' dir='ltr'><strong>es</strong></span> <span class='ocrx_word' id='word_1_125' title='bbox 376 1131 435 1179; x_wconf 88' lang='lat' dir='ltr'><strong>aber</strong></span> <span class='ocrx_word' id='word_1_126' title='bbox 454 1131 492 1178; x_wconf 91' lang='lat' dir='ltr'><strong>nit</strong></span> <span class='ocrx_word' id='word_1_127' title='bbox 509 1134 584 1185; x_wconf 78' lang='lat' dir='ltr'><strong>vitre,</strong></span> <span class='ocrx_word' id='word_1_128' title='bbox 611 1143 676 1180; x_wconf 83' lang='lat' dir='ltr'><strong>vere</strong></span> <span class='ocrx_word' id='word_1_129' title='bbox 694 1132 741 1180; x_wconf 89' lang='lat' dir='ltr'><strong>mir</strong></span> <span class='ocrx_word' id='word_1_130' title='bbox 768 1131 846 1181; x_wconf 84' lang='lat' dir='ltr'><strong>demit</strong></span> <span class='ocrx_word' id='word_1_131' title='bbox 872 1130 971 1181; x_wconf 78' lang='lat' dir='ltr'><strong>sordere</strong></span> <span class='ocrx_word' id='word_1_132' title='bbox 988 1130 1035 1179; x_wconf 82' lang='lat' dir='ltr'><strong>vol</strong></span> <span class='ocrx_word' id='word_1_133' title='bbox 1057 1129 1169 1195; x_wconf 78' lang='lat' dir='ltr'><strong>gadient,</strong></span> <span class='ocrx_word' id='word_1_134' title='bbox 1198 1130 1231 1179; x_wconf 89' lang='lat' dir='ltr'><strong>da</strong></span> <span class='ocrx_word' id='word_1_135' title='bbox 1249 1129 1290 1179; x_wconf 89' lang='lat' dir='ltr'><strong>ich</strong></span> <span class='ocrx_word' id='word_1_136' title='bbox 1312 1130 1420 1179; x_wconf 80' lang='lat' dir='ltr'><strong>brevitor</strong></span> <span class='ocrx_word' id='word_1_137' title='bbox 1438 1128 1481 1179; x_wconf 81' lang='lat' dir='ltr'><strong>sed</strong></span> 
     </span>
     <span class='ocr_line' id='line_1_12' title="bbox 124 1201 704 1252; baseline 0 -1"><span class='ocrx_word' id='word_1_138' title='bbox 124 1201 229 1252; x_wconf 78' lang='lat' dir='ltr'><strong>dilucide</strong></span> <span class='ocrx_word' id='word_1_139' title='bbox 247 1201 369 1251; x_wconf 87' lang='lat' dir='ltr'><strong>theoriam</strong></span> <span class='ocrx_word' id='word_1_140' title='bbox 386 1201 476 1250; x_wconf 87' lang='lat' dir='ltr'><strong>Martis</strong></span> <span class='ocrx_word' id='word_1_141' title='bbox 494 1201 582 1250; x_wconf 76' lang='lat' dir='ltr'><strong>vimen</strong></span> <span class='ocrx_word' id='word_1_142' title='bbox 601 1201 704 1251; x_wconf 82' lang='lat' dir='ltr'><strong>kbnnte.</strong></span> 
     </span>
    </p>

    <p class='ocr_par' dir='ltr' id='par_1_4' title="bbox 121 1270 1480 1834">
     <span class='ocr_line' id='line_1_13' title="bbox 213 1270 1479 1337; baseline -0.002 -14"><span class='ocrx_word' id='word_1_143' title='bbox 213 1271 288 1323; x_wconf 88' lang='lat' dir='ltr'><strong>Sonst</strong></span> <span class='ocrx_word' id='word_1_144' title='bbox 304 1273 399 1322; x_wconf 71' lang='lat' dir='ltr'><strong>serdot</strong></span> <span class='ocrx_word' id='word_1_145' title='bbox 416 1272 439 1320; x_wconf 87' lang='lat' dir='ltr'><strong>Is</strong></span> <span class='ocrx_word' id='word_1_146' title='bbox 457 1271 521 1322; x_wconf 88' lang='lat' dir='ltr'><strong>noch</strong></span> <span class='ocrx_word' id='word_1_147' title='bbox 539 1271 670 1337; x_wconf 78' lang='lat' dir='ltr'><strong>gedanken</strong></span> <span class='ocrx_word' id='word_1_148' title='bbox 688 1273 738 1323; x_wconf 92' lang='lat' dir='ltr'><strong>und</strong></span> <span class='ocrx_word' id='word_1_149' title='bbox 751 1289 802 1325; x_wconf 88' lang='lat' dir='ltr'><strong>von</strong></span> <span class='ocrx_word' id='word_1_150' title='bbox 811 1273 910 1323; x_wconf 86' lang='lat' dir='ltr'><strong>Brahoo</strong></span> <span class='ocrx_word' id='word_1_151' title='bbox 928 1272 1005 1323; x_wconf 74' lang='lat' dir='ltr'><strong>sdbat</strong></span> <span class='ocrx_word' id='word_1_152' title='bbox 1022 1286 1179 1322; x_wconf 90' lang='lat' dir='ltr'><strong>veruommeu</strong></span> <span class='ocrx_word' id='word_1_153' title='bbox 1197 1271 1288 1328; x_wconf 84' lang='lat' dir='ltr'><strong>haben,</strong></span> <span class='ocrx_word' id='word_1_154' title='bbox 1307 1273 1354 1322; x_wconf 78' lang='lat' dir='ltr'><strong>vie</strong></span> <span class='ocrx_word' id='word_1_155' title='bbox 1367 1270 1479 1321; x_wconf 86' lang='lat' dir='ltr'><strong>Brabens</strong></span> 
     </span>
     <span class='ocr_line' id='line_1_14' title="bbox 123 1342 1478 1408; baseline 0.003 -14"><span class='ocrx_word' id='word_1_156' title='bbox 123 1342 156 1394; x_wconf 86' lang='lat' dir='ltr'><strong>ad</strong></span> <span class='ocrx_word' id='word_1_157' title='bbox 173 1344 378 1394; x_wconf 77' lang='lat' dir='ltr'><strong>rectificationem</strong></span> <span class='ocrx_word' id='word_1_158' title='bbox 395 1344 446 1392; x_wconf 91' lang='lat' dir='ltr'><strong>veri</strong></span> <span class='ocrx_word' id='word_1_159' title='bbox 464 1343 512 1391; x_wconf 88' lang='lat' dir='ltr'><strong>loti</strong></span> <span class='ocrx_word' id='word_1_160' title='bbox 530 1343 619 1394; x_wconf 85' lang='lat' dir='ltr'><strong>Lunae</strong></span> <span class='ocrx_word' id='word_1_161' title='bbox 638 1347 677 1394; x_wconf 92' lang='lat' dir='ltr'><strong>ein</strong></span> <span class='ocrx_word' id='word_1_162' title='bbox 698 1344 822 1395; x_wconf 82' lang='lat' dir='ltr'><strong>circellum</strong></span> <span class='ocrx_word' id='word_1_163' title='bbox 842 1359 941 1394; x_wconf 88' lang='lat' dir='ltr'><strong>annuae</strong></span> <span class='ocrx_word' id='word_1_164' title='bbox 964 1344 1107 1393; x_wconf 74' lang='lat' dir='ltr'><strong>variationis</strong></span> <span class='ocrx_word' id='word_1_165' title='bbox 1126 1345 1162 1404; x_wconf 79' lang='lat' dir='ltr'><strong>iio</strong></span> <span class='ocrx_word' id='word_1_166' title='bbox 1182 1342 1238 1401; x_wconf 83' lang='lat' dir='ltr'><strong>dem</strong></span> <span class='ocrx_word' id='word_1_167' title='bbox 1257 1342 1364 1408; x_wconf 86' lang='lat' dir='ltr'><strong>deliquio</strong></span> <span class='ocrx_word' id='word_1_168' title='bbox 1383 1342 1478 1397; x_wconf 74' lang='lat' dir='ltr'><strong>Lunae.</strong></span> 
     </span>
     <span class='ocr_line' id='line_1_15' title="bbox 121 1413 1479 1480; baseline -0.003 -14"><span class='ocrx_word' id='word_1_169' title='bbox 121 1430 149 1466; x_wconf 87' lang='lat' dir='ltr'><strong>so</strong></span> <span class='ocrx_word' id='word_1_170' title='bbox 167 1417 203 1466; x_wconf 81' lang='lat' dir='ltr'><strong>sie</strong></span> <span class='ocrx_word' id='word_1_171' title='bbox 222 1432 253 1465; x_wconf 85' lang='lat' dir='ltr'><strong>so</strong></span> <span class='ocrx_word' id='word_1_172' title='bbox 271 1415 428 1479; x_wconf 76' lang='lat' dir='ltr'><strong>Wittenberg</strong></span> <span class='ocrx_word' id='word_1_173' title='bbox 454 1413 563 1464; x_wconf 80' lang='lat' dir='ltr'><strong>druchen</strong></span> <span class='ocrx_word' id='word_1_174' title='bbox 582 1413 674 1476; x_wconf 80' lang='lat' dir='ltr'><strong>lusson)</strong></span> <span class='ocrx_word' id='word_1_175' title='bbox 702 1416 863 1476; x_wconf 87' lang='lat' dir='ltr'><strong>introducirt,</strong></span> <span class='ocrx_word' id='word_1_176' title='bbox 892 1419 961 1480; x_wconf 82' lang='lat' dir='ltr'><strong>cujus</strong></span> <span class='ocrx_word' id='word_1_177' title='bbox 986 1416 1083 1463; x_wconf 89' lang='lat' dir='ltr'><strong>initium</strong></span> <span class='ocrx_word' id='word_1_178' title='bbox 1111 1415 1228 1464; x_wconf 84' lang='lat' dir='ltr'><strong>statuitur</strong></span> <span class='ocrx_word' id='word_1_179' title='bbox 1246 1413 1303 1464; x_wconf 88' lang='lat' dir='ltr'><strong>Sole</strong></span> <span class='ocrx_word' id='word_1_180' title='bbox 1321 1420 1438 1464; x_wconf 84' lang='lat' dir='ltr'><strong>versante</strong></span> <span class='ocrx_word' id='word_1_181' title='bbox 1456 1417 1479 1463; x_wconf 90' lang='lat' dir='ltr'><strong>in</strong></span> 
     </span>
     <span class='ocr_line' id='line_1_16' title="bbox 122 1486 1479 1554; baseline -0.003 -17"><span class='ocrx_word' id='word_1_182' title='bbox 122 1489 243 1553; x_wconf 76' lang='lat' dir='ltr'><strong>principio</strong></span> <span class='ocrx_word' id='word_1_183' title='bbox 263 1486 363 1544; x_wconf 70' lang='lat' dir='ltr'><strong>Cancri</strong></span> <span class='ocrx_word' id='word_1_184' title='bbox 384 1487 421 1535; x_wconf 85' lang='lat' dir='ltr'><strong>ita</strong></span> <span class='ocrx_word' id='word_1_185' title='bbox 438 1493 467 1535; x_wconf 92' lang='lat' dir='ltr'><strong>ut</strong></span> <span class='ocrx_word' id='word_1_186' title='bbox 484 1487 510 1535; x_wconf 91' lang='lat' dir='ltr'><strong>in</strong></span> <span class='ocrx_word' id='word_1_187' title='bbox 528 1488 600 1550; x_wconf 84' lang='lat' dir='ltr'><strong>priori</strong></span> <span class='ocrx_word' id='word_1_188' title='bbox 620 1488 773 1554; x_wconf 74' lang='lat' dir='ltr'><strong>semicirculo</strong></span> <span class='ocrx_word' id='word_1_189' title='bbox 789 1487 863 1551; x_wconf 77' lang='lat' dir='ltr'><strong>hujus</strong></span> <span class='ocrx_word' id='word_1_190' title='bbox 882 1487 972 1536; x_wconf 86' lang='lat' dir='ltr'><strong>circeiii</strong></span> <span class='ocrx_word' id='word_1_191' title='bbox 991 1501 1062 1535; x_wconf 90' lang='lat' dir='ltr'><strong>verus</strong></span> <span class='ocrx_word' id='word_1_192' title='bbox 1079 1486 1148 1534; x_wconf 83' lang='lat' dir='ltr'><strong>locus</strong></span> <span class='ocrx_word' id='word_1_193' title='bbox 1161 1486 1248 1536; x_wconf 87' lang='lat' dir='ltr'><strong>Lunae</strong></span> <span class='ocrx_word' id='word_1_194' title='bbox 1265 1492 1440 1551; x_wconf 77' lang='lat' dir='ltr'><strong>promoveatur</strong></span> <span class='ocrx_word' id='word_1_195' title='bbox 1455 1488 1479 1534; x_wconf 91' lang='lat' dir='ltr'><strong>iu</strong></span> 
     </span>
     <span class='ocr_line' id='line_1_17' title="bbox 121 1556 1479 1624; baseline -0.004 -13"><span class='ocrx_word' id='word_1_196' title='bbox 121 1559 310 1624; x_wconf 72' lang='lat' dir='ltr'><strong>consequentia,</strong></span> <span class='ocrx_word' id='word_1_197' title='bbox 329 1565 356 1608; x_wconf 92' lang='lat' dir='ltr'><strong>et</strong></span> <span class='ocrx_word' id='word_1_198' title='bbox 373 1559 399 1621; x_wconf 84' lang='lat' dir='ltr'><strong>in</strong></span> <span class='ocrx_word' id='word_1_199' title='bbox 417 1559 545 1621; x_wconf 87' lang='lat' dir='ltr'><strong>posteriori</strong></span> <span class='ocrx_word' id='word_1_200' title='bbox 563 1559 743 1608; x_wconf 85' lang='lat' dir='ltr'><strong>retrotrahatur</strong></span> <span class='ocrx_word' id='word_1_201' title='bbox 759 1560 788 1609; x_wconf 86' lang='lat' dir='ltr'><strong>iss</strong></span> <span class='ocrx_word' id='word_1_202' title='bbox 803 1559 988 1623; x_wconf 76' lang='lat' dir='ltr'><strong>praecedentia</strong></span> <span class='ocrx_word' id='word_1_203' title='bbox 1013 1557 1072 1606; x_wconf 87' lang='lat' dir='ltr'><strong>Nnu</strong></span> <span class='ocrx_word' id='word_1_204' title='bbox 1090 1557 1204 1607; x_wconf 88' lang='lat' dir='ltr'><strong>verstehe</strong></span> <span class='ocrx_word' id='word_1_205' title='bbox 1222 1556 1262 1607; x_wconf 88' lang='lat' dir='ltr'><strong>ioh</strong></span> <span class='ocrx_word' id='word_1_206' title='bbox 1281 1558 1340 1608; x_wconf 86' lang='lat' dir='ltr'><strong>aber</strong></span> <span class='ocrx_word' id='word_1_207' title='bbox 1359 1572 1407 1606; x_wconf 88' lang='lat' dir='ltr'><strong>von</strong></span> <span class='ocrx_word' id='word_1_208' title='bbox 1419 1556 1479 1615; x_wconf 74' lang='lat' dir='ltr'><strong>lma,</strong></span> 
     </span>
     <span class='ocr_line' id='line_1_18' title="bbox 122 1628 1480 1698; baseline -0.002 -19"><span class='ocrx_word' id='word_1_209' title='bbox 122 1630 168 1679; x_wconf 89' lang='lat' dir='ltr'><strong>das</strong></span> <span class='ocrx_word' id='word_1_210' title='bbox 182 1645 209 1679; x_wconf 94' lang='lat' dir='ltr'><strong>er</strong></span> <span class='ocrx_word' id='word_1_211' title='bbox 221 1630 289 1680; x_wconf 89' lang='lat' dir='ltr'><strong>disse</strong></span> <span class='ocrx_word' id='word_1_212' title='bbox 307 1630 470 1681; x_wconf 81' lang='lat' dir='ltr'><strong>variationem</strong></span> <span class='ocrx_word' id='word_1_213' title='bbox 489 1644 599 1681; x_wconf 88' lang='lat' dir='ltr'><strong>annuam</strong></span> <span class='ocrx_word' id='word_1_214' title='bbox 617 1631 761 1694; x_wconf 84' lang='lat' dir='ltr'><strong>praesertim</strong></span> <span class='ocrx_word' id='word_1_215' title='bbox 773 1631 841 1683; x_wconf 70' lang='lat' dir='ltr'><strong>drea</strong></span> <span class='ocrx_word' id='word_1_216' title='bbox 858 1632 1001 1695; x_wconf 74' lang='lat' dir='ltr'><strong>parigaeum</strong></span> <span class='ocrx_word' id='word_1_217' title='bbox 1013 1629 1064 1678; x_wconf 92' lang='lat' dir='ltr'><strong>und</strong></span> <span class='ocrx_word' id='word_1_218' title='bbox 1082 1642 1221 1698; x_wconf 78' lang='lat' dir='ltr'><strong>apogaeum</strong></span> <span class='ocrx_word' id='word_1_219' title='bbox 1235 1629 1321 1679; x_wconf 86' lang='lat' dir='ltr'><strong>Lunae</strong></span> <span class='ocrx_word' id='word_1_220' title='bbox 1339 1630 1365 1678; x_wconf 89' lang='lat' dir='ltr'><strong>in</strong></span> <span class='ocrx_word' id='word_1_221' title='bbox 1378 1628 1480 1678; x_wconf 78' lang='lat' dir='ltr'><strong>Zveiisl</strong></span> 
     </span>
     <span class='ocr_line' id='line_1_19' title="bbox 123 1699 1480 1766; baseline -0.001 -16"><span class='ocrx_word' id='word_1_222' title='bbox 123 1699 202 1757; x_wconf 84' lang='lat' dir='ltr'><strong>siaha.</strong></span> <span class='ocrx_word' id='word_1_223' title='bbox 222 1701 294 1765; x_wconf 87' lang='lat' dir='ltr'><strong>idque</strong></span> <span class='ocrx_word' id='word_1_224' title='bbox 313 1707 412 1765; x_wconf 85' lang='lat' dir='ltr'><strong>propter</strong></span> <span class='ocrx_word' id='word_1_225' title='bbox 431 1700 534 1764; x_wconf 76' lang='lat' dir='ltr'><strong>eclipses</strong></span> <span class='ocrx_word' id='word_1_226' title='bbox 552 1702 615 1750; x_wconf 90' lang='lat' dir='ltr'><strong>duas</strong></span> <span class='ocrx_word' id='word_1_227' title='bbox 634 1701 757 1759; x_wconf 87' lang='lat' dir='ltr'><strong>veltres,</strong></span> <span class='ocrx_word' id='word_1_228' title='bbox 785 1704 917 1765; x_wconf 88' lang='lat' dir='ltr'><strong>praecipue</strong></span> <span class='ocrx_word' id='word_1_229' title='bbox 944 1707 1043 1765; x_wconf 85' lang='lat' dir='ltr'><strong>propter</strong></span> <span class='ocrx_word' id='word_1_230' title='bbox 1070 1700 1187 1764; x_wconf 89' lang='lat' dir='ltr'><strong>eclipsem</strong></span> <span class='ocrx_word' id='word_1_231' title='bbox 1206 1700 1377 1766; x_wconf 74' lang='lat' dir='ltr'><strong>Wittebergae</strong></span> <span class='ocrx_word' id='word_1_232' title='bbox 1395 1700 1480 1750; x_wconf 85' lang='lat' dir='ltr'><strong>ultimo</strong></span> 
     </span>
     <span class='ocr_line' id='line_1_20' title="bbox 123 1772 1202 1834; baseline -0.001 -12"><span class='ocrx_word' id='word_1_233' title='bbox 123 1773 163 1822; x_wconf 92' lang='lat' dir='ltr'><strong>die</strong></span> <span class='ocrx_word' id='word_1_234' title='bbox 180 1772 295 1822; x_wconf 72' lang='lat' dir='ltr'><strong>ianuarii</strong></span> <span class='ocrx_word' id='word_1_235' title='bbox 317 1773 481 1833; x_wconf 80' lang='lat' dir='ltr'><strong>observatam,</strong></span> <span class='ocrx_word' id='word_1_236' title='bbox 502 1775 571 1834; x_wconf 89' lang='lat' dir='ltr'><strong>cojns</strong></span> <span class='ocrx_word' id='word_1_237' title='bbox 590 1775 685 1823; x_wconf 88' lang='lat' dir='ltr'><strong>initium</strong></span> <span class='ocrx_word' id='word_1_238' title='bbox 704 1773 813 1822; x_wconf 88' lang='lat' dir='ltr'><strong>nonnihil</strong></span> <span class='ocrx_word' id='word_1_239' title='bbox 833 1773 955 1823; x_wconf 84' lang='lat' dir='ltr'><strong>calculum</strong></span> <span class='ocrx_word' id='word_1_240' title='bbox 973 1785 1044 1821; x_wconf 90' lang='lat' dir='ltr'><strong>suum</strong></span> <span class='ocrx_word' id='word_1_241' title='bbox 1062 1772 1202 1821; x_wconf 86' lang='lat' dir='ltr'><strong>antevertit.</strong></span> 
     </span>
    </p>
   </div>
   <div class='ocr_carea' id='block_1_4' title="bbox 123 1855 1483 2782">
    <p class='ocr_par' dir='ltr' id='par_1_5' title="bbox 125 1855 1481 2068">
     <span class='ocr_line' id='line_1_21' title="bbox 212 1855 1481 1926; baseline -0.002 -16"><span class='ocrx_word' id='word_1_242' title='bbox 212 1860 254 1910; x_wconf 81' lang='lat' dir='ltr'><strong>Da</strong></span> <span class='ocrx_word' id='word_1_243' title='bbox 271 1862 304 1910; x_wconf 91' lang='lat' dir='ltr'><strong>ist</strong></span> <span class='ocrx_word' id='word_1_244' title='bbox 326 1861 373 1909; x_wconf 89' lang='lat' dir='ltr'><strong>mir</strong></span> <span class='ocrx_word' id='word_1_245' title='bbox 399 1860 565 1926; x_wconf 78' lang='lat' dir='ltr'><strong>eingeialien,</strong></span> <span class='ocrx_word' id='word_1_246' title='bbox 595 1862 626 1910; x_wconf 94' lang='lat' dir='ltr'><strong>ob</strong></span> <span class='ocrx_word' id='word_1_247' title='bbox 652 1855 776 1911; x_wconf 87' lang='lat' dir='ltr'><strong>vielieiclst</strong></span> <span class='ocrx_word' id='word_1_248' title='bbox 802 1860 842 1911; x_wconf 92' lang='lat' dir='ltr'><strong>die</strong></span> <span class='ocrx_word' id='word_1_249' title='bbox 870 1860 985 1924; x_wconf 72' lang='lat' dir='ltr'><strong>sequano</strong></span> <span class='ocrx_word' id='word_1_250' title='bbox 1014 1861 1073 1910; x_wconf 93' lang='lat' dir='ltr'><strong>oder</strong></span> <span class='ocrx_word' id='word_1_251' title='bbox 1100 1873 1211 1924; x_wconf 84' lang='lat' dir='ltr'><strong>aequans</strong></span> <span class='ocrx_word' id='word_1_252' title='bbox 1234 1858 1315 1915; x_wconf 85' lang='lat' dir='ltr'><strong>Solia,</strong></span> <span class='ocrx_word' id='word_1_253' title='bbox 1343 1875 1371 1909; x_wconf 90' lang='lat' dir='ltr'><strong>so</strong></span> <span class='ocrx_word' id='word_1_254' title='bbox 1391 1859 1481 1909; x_wconf 84' lang='lat' dir='ltr'><strong>Enseu</strong></span> 
     </span>
     <span class='ocr_line' id='line_1_22' title="bbox 125 1930 1480 1997; baseline -0.002 -15"><span class='ocrx_word' id='word_1_255' title='bbox 125 1930 261 1982; x_wconf 80' lang='lat' dir='ltr'><strong>Schreiben</strong></span> <span class='ocrx_word' id='word_1_256' title='bbox 279 1931 346 1982; x_wconf 88' lang='lat' dir='ltr'><strong>nach</strong></span> <span class='ocrx_word' id='word_1_257' title='bbox 365 1932 404 1982; x_wconf 89' lang='lat' dir='ltr'><strong>die</strong></span> <span class='ocrx_word' id='word_1_258' title='bbox 423 1931 530 1982; x_wconf 81' lang='lat' dir='ltr'><strong>Theoria</strong></span> <span class='ocrx_word' id='word_1_259' title='bbox 547 1932 636 1981; x_wconf 86' lang='lat' dir='ltr'><strong>Martis</strong></span> <span class='ocrx_word' id='word_1_260' title='bbox 655 1948 686 1982; x_wconf 83' lang='lat' dir='ltr'><strong>au</strong></span> <span class='ocrx_word' id='word_1_261' title='bbox 704 1932 830 1982; x_wconf 77' lang='lat' dir='ltr'><strong>ariennen</strong></span> <span class='ocrx_word' id='word_1_262' title='bbox 849 1933 908 1997; x_wconf 75' lang='lat' dir='ltr'><strong>giht,</strong></span> <span class='ocrx_word' id='word_1_263' title='bbox 928 1931 1013 1981; x_wconf 84' lang='lat' dir='ltr'><strong>hiersu</strong></span> <span class='ocrx_word' id='word_1_264' title='bbox 1031 1932 1176 1989; x_wconf 88' lang='lat' dir='ltr'><strong>dienstlich,</strong></span> <span class='ocrx_word' id='word_1_265' title='bbox 1195 1933 1246 1982; x_wconf 91' lang='lat' dir='ltr'><strong>und</strong></span> <span class='ocrx_word' id='word_1_266' title='bbox 1263 1931 1388 1981; x_wconf 88' lang='lat' dir='ltr'><strong>vieileicht</strong></span> <span class='ocrx_word' id='word_1_267' title='bbox 1405 1931 1480 1985; x_wconf 85' lang='lat' dir='ltr'><strong>oben·</strong></span> 
     </span>
     <span class='ocr_line' id='line_1_23' title="bbox 126 2003 1055 2068; baseline -0.001 -14"><span class='ocrx_word' id='word_1_268' title='bbox 126 2004 247 2068; x_wconf 77' lang='lat' dir='ltr'><strong>gedeotte</strong></span> <span class='ocrx_word' id='word_1_269' title='bbox 264 2005 427 2054; x_wconf 72' lang='lat' dir='ltr'><strong>variationem</strong></span> <span class='ocrx_word' id='word_1_270' title='bbox 447 2016 557 2052; x_wconf 74' lang='lat' dir='ltr'><strong>monam</strong></span> <span class='ocrx_word' id='word_1_271' title='bbox 575 2005 699 2054; x_wconf 87' lang='lat' dir='ltr'><strong>auihehen</strong></span> <span class='ocrx_word' id='word_1_272' title='bbox 718 2003 776 2053; x_wconf 90' lang='lat' dir='ltr'><strong>oder</strong></span> <span class='ocrx_word' id='word_1_273' title='bbox 794 2004 929 2054; x_wconf 82' lang='lat' dir='ltr'><strong>vertudern</strong></span> <span class='ocrx_word' id='word_1_274' title='bbox 948 2005 1055 2053; x_wconf 85' lang='lat' dir='ltr'><strong>mochte.</strong></span> 
     </span>
    </p>

    <p class='ocr_par' dir='ltr' id='par_1_6' title="bbox 211 2072 1389 2140">
     <span class='ocr_line' id='line_1_24' title="bbox 211 2072 1389 2140; baseline -0.001 -15"><span class='ocrx_word' id='word_1_275' title='bbox 211 2075 298 2125; x_wconf 88' lang='lat' dir='ltr'><strong>Bleibe</strong></span> <span class='ocrx_word' id='word_1_276' title='bbox 316 2074 372 2124; x_wconf 91' lang='lat' dir='ltr'><strong>dem</strong></span> <span class='ocrx_word' id='word_1_277' title='bbox 390 2074 472 2124; x_wconf 82' lang='lat' dir='ltr'><strong>Horra</strong></span> <span class='ocrx_word' id='word_1_278' title='bbox 491 2088 645 2140; x_wconf 78' lang='lat' dir='ltr'><strong>augenemen</strong></span> <span class='ocrx_word' id='word_1_279' title='bbox 664 2075 768 2124; x_wconf 82' lang='lat' dir='ltr'><strong>irenndl.</strong></span> <span class='ocrx_word' id='word_1_280' title='bbox 786 2076 837 2125; x_wconf 89' lang='lat' dir='ltr'><strong>und</strong></span> <span class='ocrx_word' id='word_1_281' title='bbox 855 2075 1018 2125; x_wconf 84' lang='lat' dir='ltr'><strong>dienetvillen</strong></span> <span class='ocrx_word' id='word_1_282' title='bbox 1037 2090 1066 2124; x_wconf 85' lang='lat' dir='ltr'><strong>su</strong></span> <span class='ocrx_word' id='word_1_283' title='bbox 1086 2077 1204 2125; x_wconf 85' lang='lat' dir='ltr'><strong>erveisen</strong></span> <span class='ocrx_word' id='word_1_284' title='bbox 1223 2075 1326 2140; x_wconf 69' lang='lat' dir='ltr'><strong>geneigt</strong></span> <span class='ocrx_word' id='word_1_285' title='bbox 1344 2072 1389 2124; x_wconf 79' lang='lat' dir='ltr'><strong>oa.</strong></span> 
     </span>
    </p>

    <p class='ocr_par' dir='ltr' id='par_1_7' title="bbox 125 2145 1481 2268">
     <span class='ocr_line' id='line_1_25' title="bbox 211 2145 1481 2217; baseline -0.002 -20"><span class='ocrx_word' id='word_1_286' title='bbox 211 2145 338 2197; x_wconf 83' lang='lat' dir='ltr'><strong>Miinchen</strong></span> <span class='ocrx_word' id='word_1_287' title='bbox 351 2148 377 2195; x_wconf 91' lang='lat' dir='ltr'><strong>iu</strong></span> <span class='ocrx_word' id='word_1_288' title='bbox 390 2146 436 2217; x_wconf 74' lang='grc' dir='ltr'><strong>Εἰ),</strong></span> <span class='ocrx_word' id='word_1_289' title='bbox 456 2152 531 2210; x_wconf 83' lang='lat' dir='ltr'><strong>atque</strong></span> <span class='ocrx_word' id='word_1_290' title='bbox 550 2147 613 2196; x_wconf 88' lang='lat' dir='ltr'><strong>adeo</strong></span> <span class='ocrx_word' id='word_1_291' title='bbox 625 2148 650 2195; x_wconf 93' lang='lat' dir='ltr'><strong>in</strong></span> <span class='ocrx_word' id='word_1_292' title='bbox 669 2148 721 2210; x_wconf 90' lang='lat' dir='ltr'><strong>ipso</strong></span> <span class='ocrx_word' id='word_1_293' title='bbox 740 2146 858 2204; x_wconf 86' lang='lat' dir='ltr'><strong>discessu,</strong></span> <span class='ocrx_word' id='word_1_294' title='bbox 879 2161 934 2195; x_wconf 89' lang='lat' dir='ltr'><strong>cum</strong></span> <span class='ocrx_word' id='word_1_295' title='bbox 948 2146 1025 2196; x_wconf 87' lang='lat' dir='ltr'><strong>altero</strong></span> <span class='ocrx_word' id='word_1_296' title='bbox 1038 2147 1101 2210; x_wconf 89' lang='lat' dir='ltr'><strong>pede</strong></span> <span class='ocrx_word' id='word_1_297' title='bbox 1118 2150 1171 2209; x_wconf 84' lang='lat' dir='ltr'><strong>jam</strong></span> <span class='ocrx_word' id='word_1_298' title='bbox 1190 2160 1287 2196; x_wconf 81' lang='lat' dir='ltr'><strong>cunum</strong></span> <span class='ocrx_word' id='word_1_299' title='bbox 1307 2145 1481 2197; x_wconf 78' lang='lat' dir='ltr'><strong>conscendisse</strong></span> 
     </span>
     <span class='ocr_line' id='line_1_26' title="bbox 125 2215 542 2268; baseline 0 -2"><span class='ocrx_word' id='word_1_300' title='bbox 125 2217 184 2266; x_wconf 88' lang='lat' dir='ltr'><strong>mihi</strong></span> <span class='ocrx_word' id='word_1_301' title='bbox 203 2218 293 2268; x_wconf 79' lang='lat' dir='ltr'><strong>ridear</strong></span> <span class='ocrx_word' id='word_1_302' title='bbox 333 2216 375 2266; x_wconf 78' lang='lat'><strong>25.</strong></span> <span class='ocrx_word' id='word_1_303' title='bbox 395 2217 445 2266; x_wconf 88' lang='lat' dir='ltr'><strong>Juli</strong></span> <span class='ocrx_word' id='word_1_304' title='bbox 466 2215 542 2266; x_wconf 79' lang='lat'><strong>1600.</strong></span> 
     </span>
    </p>

    <p class='ocr_par' dir='ltr' id='par_1_8' title="bbox 123 2287 1483 2782">
     <span class='ocr_line' id='line_1_27' title="bbox 212 2287 1481 2354; baseline 0 -15"><span class='ocrx_word' id='word_1_305' title='bbox 212 2289 243 2339; x_wconf 92' lang='lat' dir='ltr'><strong>ln</strong></span> <span class='ocrx_word' id='word_1_306' title='bbox 262 2290 354 2354; x_wconf 86' lang='lat' dir='ltr'><strong>Optica</strong></span> <span class='ocrx_word' id='word_1_307' title='bbox 372 2287 440 2351; x_wconf 87' lang='lat' dir='ltr'><strong>(Vol.</strong></span> <span class='ocrx_word' id='word_1_308' title='bbox 459 2288 494 2343; x_wconf 84' lang='lat'><strong>11,</strong></span> <span class='ocrx_word' id='word_1_309' title='bbox 512 2304 535 2353; x_wconf 92' lang='lat' dir='ltr'><strong>p.</strong></span> <span class='ocrx_word' id='word_1_310' title='bbox 557 2287 602 2350; x_wconf 81' lang='grc'><strong>76)</strong></span> <span class='ocrx_word' id='word_1_311' title='bbox 630 2288 757 2338; x_wconf 89' lang='lat' dir='ltr'><strong>retulimus</strong></span> <span class='ocrx_word' id='word_1_312' title='bbox 785 2290 908 2354; x_wconf 86' lang='lat' dir='ltr'><strong>quaedam</strong></span> <span class='ocrx_word' id='word_1_313' title='bbox 927 2288 1086 2337; x_wconf 87' lang='lat' dir='ltr'><strong>Hervarti</strong></span> <span class='ocrx_word' id='word_1_314' title='bbox 1114 2289 1190 2338; x_wconf 85' lang='lat' dir='ltr'><strong>verba</strong></span> <span class='ocrx_word' id='word_1_315' title='bbox 1207 2288 1238 2338; x_wconf 90' lang='lat' dir='ltr'><strong>de</strong></span> <span class='ocrx_word' id='word_1_316' title='bbox 1263 2289 1351 2339; x_wconf 89' lang='lat' dir='ltr'><strong>stodiis</strong></span> <span class='ocrx_word' id='word_1_317' title='bbox 1369 2288 1481 2353; x_wconf 84' lang='lat' dir='ltr'><strong>Kepleri.</strong></span> 
     </span>
     <span class='ocr_line' id='line_1_28' title="bbox 125 2355 1482 2426; baseline -0.001 -15"><span class='ocrx_word' id='word_1_318' title='bbox 125 2375 189 2426; x_wconf 88' lang='lat' dir='ltr'><strong>qnae</strong></span> <span class='ocrx_word' id='word_1_319' title='bbox 208 2360 256 2411; x_wconf 88' lang='lat' dir='ltr'><strong>hnc</strong></span> <span class='ocrx_word' id='word_1_320' title='bbox 274 2355 407 2426; x_wconf 78' lang='lat' dir='ltr'><strong>pertinent.</strong></span> <span class='ocrx_word' id='word_1_321' title='bbox 444 2359 575 2423; x_wconf 85' lang='lat' dir='ltr'><strong>Scripsisse</strong></span> <span class='ocrx_word' id='word_1_322' title='bbox 603 2361 706 2410; x_wconf 85' lang='lat' dir='ltr'><strong>diximus</strong></span> <span class='ocrx_word' id='word_1_323' title='bbox 737 2359 872 2424; x_wconf 86' lang='lat' dir='ltr'><strong>Keplerum</strong></span> <span class='ocrx_word' id='word_1_324' title='bbox 896 2359 929 2409; x_wconf 88' lang='lat' dir='ltr'><strong>ad</strong></span> <span class='ocrx_word' id='word_1_325' title='bbox 946 2359 1102 2411; x_wconf 80' lang='lat' dir='ltr'><strong>Hervartum</strong></span> <span class='ocrx_word' id='word_1_326' title='bbox 1121 2358 1220 2421; x_wconf 83' lang='lat' dir='ltr'><strong>(literae</strong></span> <span class='ocrx_word' id='word_1_327' title='bbox 1239 2360 1346 2418; x_wconf 73' lang='lat' dir='ltr'><strong>damnor</strong></span> <span class='ocrx_word' id='word_1_328' title='bbox 1374 2363 1482 2424; x_wconf 83' lang='lat' dir='ltr'><strong>scriptae</strong></span> 
     </span>
     <span class='ocr_line' id='line_1_29' title="bbox 124 2429 1482 2497; baseline -0.001 -16"><span class='ocrx_word' id='word_1_329' title='bbox 124 2432 238 2483; x_wconf 80' lang='lat' dir='ltr'><strong>ridentur</strong></span> <span class='ocrx_word' id='word_1_330' title='bbox 255 2447 341 2483; x_wconf 92' lang='lat' dir='ltr'><strong>mense</strong></span> <span class='ocrx_word' id='word_1_331' title='bbox 360 2431 429 2497; x_wconf 85' lang='lat' dir='ltr'><strong>Sept.</strong></span> <span class='ocrx_word' id='word_1_332' title='bbox 452 2429 532 2492; x_wconf 81' lang='lat'><strong>1602)</strong></span> <span class='ocrx_word' id='word_1_333' title='bbox 551 2433 582 2481; x_wconf 89' lang='lat' dir='ltr'><strong>de</strong></span> <span class='ocrx_word' id='word_1_334' title='bbox 600 2432 663 2489; x_wconf 89' lang='lat' dir='ltr'><strong>iilis,</strong></span> <span class='ocrx_word' id='word_1_335' title='bbox 675 2432 763 2496; x_wconf 31' lang='lat' dir='ltr'><strong>,adque</strong></span> <span class='ocrx_word' id='word_1_336' title='bbox 781 2431 828 2484; x_wconf 87' lang='lat' dir='ltr'><strong>has</strong></span> <span class='ocrx_word' id='word_1_337' title='bbox 851 2432 934 2481; x_wconf 85' lang='lat' dir='ltr'><strong>literas</strong></span> <span class='ocrx_word' id='word_1_338' title='bbox 957 2432 1111 2494; x_wconf 87' lang='lat' dir='ltr'><strong>respondisse</strong></span> <span class='ocrx_word' id='word_1_339' title='bbox 1130 2432 1286 2482; x_wconf 85' lang='lat' dir='ltr'><strong>Hervvartnm</strong></span> <span class='ocrx_word' id='word_1_340' title='bbox 1304 2432 1328 2481; x_wconf 84' lang='lat' dir='ltr'><strong>d</strong></span> <span class='ocrx_word' id='word_1_341' title='bbox 1349 2429 1392 2481; x_wconf 74' lang='lat'><strong>24.</strong></span> <span class='ocrx_word' id='word_1_342' title='bbox 1412 2431 1482 2496; x_wconf 84' lang='lat' dir='ltr'><strong>Sept.</strong></span> 
     </span>
     <span class='ocr_line' id='line_1_30' title="bbox 123 2500 1480 2569; baseline -0.002 -16"><span class='ocrx_word' id='word_1_343' title='bbox 123 2500 159 2553; x_wconf 90' lang='lat' dir='ltr'><strong>Ut</strong></span> <span class='ocrx_word' id='word_1_344' title='bbox 177 2517 217 2562; x_wconf 85' lang='lat' dir='ltr'><strong>aa,</strong></span> <span class='ocrx_word' id='word_1_345' title='bbox 236 2519 300 2569; x_wconf 86' lang='lat' dir='ltr'><strong>qnae</strong></span> <span class='ocrx_word' id='word_1_346' title='bbox 320 2510 462 2569; x_wconf 84' lang='lat' dir='ltr'><strong>aequentur,</strong></span> <span class='ocrx_word' id='word_1_347' title='bbox 482 2503 569 2553; x_wconf 90' lang='lat' dir='ltr'><strong>melius</strong></span> <span class='ocrx_word' id='word_1_348' title='bbox 590 2503 801 2568; x_wconf 88' lang='lat' dir='ltr'><strong>comprehendant</strong></span> <span class='ocrx_word' id='word_1_349' title='bbox 822 2503 940 2558; x_wconf 85' lang='lat' dir='ltr'><strong>lectores.</strong></span> <span class='ocrx_word' id='word_1_350' title='bbox 961 2518 990 2552; x_wconf 83' lang='lat' dir='ltr'><strong>ex</strong></span> <span class='ocrx_word' id='word_1_351' title='bbox 1008 2503 1046 2552; x_wconf 90' lang='lat' dir='ltr'><strong>bis</strong></span> <span class='ocrx_word' id='word_1_352' title='bbox 1064 2503 1142 2552; x_wconf 90' lang='lat' dir='ltr'><strong>literis</strong></span> <span class='ocrx_word' id='word_1_353' title='bbox 1160 2517 1243 2567; x_wconf 86' lang='lat' dir='ltr'><strong>pauca</strong></span> <span class='ocrx_word' id='word_1_354' title='bbox 1261 2503 1398 2567; x_wconf 90' lang='lat' dir='ltr'><strong>repetenda</strong></span> <span class='ocrx_word' id='word_1_355' title='bbox 1414 2509 1480 2552; x_wconf 87' lang='lat' dir='ltr'><strong>sunt</strong></span> 
     </span>
     <span class='ocr_line' id='line_1_31' title="bbox 123 2573 1483 2641; baseline -0.001 -17"><span class='ocrx_word' id='word_1_356' title='bbox 123 2575 194 2625; x_wconf 81' lang='lat' dir='ltr'><strong>Haec</strong></span> <span class='ocrx_word' id='word_1_357' title='bbox 213 2577 288 2641; x_wconf 77' lang='lat' dir='ltr'><strong>igitur</strong></span> <span class='ocrx_word' id='word_1_358' title='bbox 305 2576 467 2626; x_wconf 83' lang='lat' dir='ltr'><strong>Hervvartus:</strong></span> <span class='ocrx_word' id='word_1_359' title='bbox 487 2575 542 2624; x_wconf 86' lang='lat' dir='ltr'><strong>Wie</strong></span> <span class='ocrx_word' id='word_1_360' title='bbox 561 2591 588 2625; x_wconf 91' lang='lat' dir='ltr'><strong>es</strong></span> <span class='ocrx_word' id='word_1_361' title='bbox 607 2575 651 2624; x_wconf 89' lang='lat' dir='ltr'><strong>der</strong></span> <span class='ocrx_word' id='word_1_362' title='bbox 668 2574 732 2625; x_wconf 84' lang='lat' dir='ltr'><strong>Hert</strong></span> <span class='ocrx_word' id='word_1_363' title='bbox 748 2577 839 2632; x_wconf 84' lang='lat' dir='ltr'><strong>meint,</strong></span> <span class='ocrx_word' id='word_1_364' title='bbox 867 2590 893 2624; x_wconf 89' lang='lat' dir='ltr'><strong>er</strong></span> <span class='ocrx_word' id='word_1_365' title='bbox 911 2574 1015 2639; x_wconf 62' lang='lat' dir='ltr'><strong>geuene</strong></span> <span class='ocrx_word' id='word_1_366' title='bbox 1034 2575 1099 2631; x_wconf 89' lang='lat' dir='ltr'><strong>sich,</strong></span> <span class='ocrx_word' id='word_1_367' title='bbox 1119 2575 1158 2624; x_wconf 86' lang='lat' dir='ltr'><strong>die</strong></span> <span class='ocrx_word' id='word_1_368' title='bbox 1178 2573 1337 2625; x_wconf 88' lang='lat' dir='ltr'><strong>verschieuen</strong></span> <span class='ocrx_word' id='word_1_369' title='bbox 1355 2574 1483 2633; x_wconf 83' lang='lat' dir='ltr'><strong>Kometeu</strong></span> 
     </span>
     <span class='ocr_line' id='line_1_32' title="bbox 123 2645 1482 2712; baseline -0.001 -15"><span class='ocrx_word' id='word_1_370' title='bbox 123 2647 250 2697; x_wconf 84' lang='lat' dir='ltr'><strong>mediante</strong></span> <span class='ocrx_word' id='word_1_371' title='bbox 268 2647 399 2712; x_wconf 79' lang='lat' dir='ltr'><strong>hypothesi</strong></span> <span class='ocrx_word' id='word_1_372' title='bbox 418 2646 590 2712; x_wconf 82' lang='lat' dir='ltr'><strong>(lopernicaoa</strong></span> <span class='ocrx_word' id='word_1_373' title='bbox 608 2646 814 2707; x_wconf 58' lang='lat' dir='ltr'><strong>sn&#39;daiendiren,</strong></span> <span class='ocrx_word' id='word_1_374' title='bbox 841 2661 890 2696; x_wconf 91' lang='lat' dir='ltr'><strong>non</strong></span> <span class='ocrx_word' id='word_1_375' title='bbox 915 2645 1034 2710; x_wconf 84' lang='lat' dir='ltr'><strong>intelligo.</strong></span> <span class='ocrx_word' id='word_1_376' title='bbox 1072 2646 1116 2695; x_wconf 86' lang='lat' dir='ltr'><strong>Ich</strong></span> <span class='ocrx_word' id='word_1_377' title='bbox 1133 2646 1246 2696; x_wconf 88' lang='lat' dir='ltr'><strong>verstehe</strong></span> <span class='ocrx_word' id='word_1_378' title='bbox 1266 2661 1292 2696; x_wconf 92' lang='lat' dir='ltr'><strong>es</strong></span> <span class='ocrx_word' id='word_1_379' title='bbox 1311 2646 1373 2696; x_wconf 81' lang='lat' dir='ltr'><strong>aber</strong></span> <span class='ocrx_word' id='word_1_380' title='bbox 1397 2645 1482 2701; x_wconf 79' lang='lat' dir='ltr'><strong>dahin,</strong></span> 
     </span>
     <span class='ocr_line' id='line_1_33' title="bbox 124 2716 1482 2782; baseline -0.002 -13"><span class='ocrx_word' id='word_1_381' title='bbox 124 2720 182 2769; x_wconf 87' lang='lat' dir='ltr'><strong>dass</strong></span> <span class='ocrx_word' id='word_1_382' title='bbox 200 2716 324 2769; x_wconf 78' lang='lat' dir='ltr'><strong>Er&#39;daiii&#39;r</strong></span> <span class='ocrx_word' id='word_1_383' title='bbox 341 2719 426 2776; x_wconf 88' lang='lat' dir='ltr'><strong>haite,</strong></span> <span class='ocrx_word' id='word_1_384' title='bbox 455 2719 531 2769; x_wconf 90' lang='lat' dir='ltr'><strong>durch</strong></span> <span class='ocrx_word' id='word_1_385' title='bbox 550 2719 630 2768; x_wconf 85' lang='lat' dir='ltr'><strong>dieser</strong></span> <span class='ocrx_word' id='word_1_386' title='bbox 649 2718 775 2768; x_wconf 84' lang='lat' dir='ltr'><strong>Kometen</strong></span> <span class='ocrx_word' id='word_1_387' title='bbox 803 2718 958 2767; x_wconf 87' lang='lat' dir='ltr'><strong>observation</strong></span> <span class='ocrx_word' id='word_1_388' title='bbox 976 2717 1056 2767; x_wconf 75' lang='lat' dir='ltr'><strong>werde</strong></span> <span class='ocrx_word' id='word_1_389' title='bbox 1075 2733 1133 2767; x_wconf 90' lang='lat' dir='ltr'><strong>man</strong></span> <span class='ocrx_word' id='word_1_390' title='bbox 1151 2719 1189 2766; x_wconf 86' lang='lat' dir='ltr'><strong>nit</strong></span> <span class='ocrx_word' id='word_1_391' title='bbox 1207 2719 1346 2782; x_wconf 75' lang='lat' dir='ltr'><strong>ereviugeo</strong></span> <span class='ocrx_word' id='word_1_392' title='bbox 1373 2718 1482 2774; x_wconf 81' lang='lat' dir='ltr'><strong>konnen.</strong></span> 
     </span>
    </p>
   </div>
   <div class='ocr_carea' id='block_1_5' title="bbox 11 2787 1482 2856">
    <p class='ocr_par' dir='ltr' id='par_1_9' title="bbox 11 2787 1482 2856">
     <span class='ocr_line' id='line_1_34' title="bbox 11 2787 1482 2856; baseline -0.001 -16"><span class='ocrx_word' id='word_1_393' title='bbox 11 2830 36 2856; x_wconf 55' lang='lat'><strong>.=</strong></span> <span class='ocrx_word' id='word_1_394' title='bbox 123 2791 184 2841; x_wconf 88' lang='lat' dir='ltr'><strong>dass</strong></span> <span class='ocrx_word' id='word_1_395' title='bbox 202 2791 327 2849; x_wconf 69' lang='lat' dir='ltr'><strong>diesdben</strong></span> <span class='ocrx_word' id='word_1_396' title='bbox 345 2805 421 2854; x_wconf 89' lang='lat' dir='ltr'><strong>snpra</strong></span> <span class='ocrx_word' id='word_1_397' title='bbox 439 2792 522 2841; x_wconf 89' lang='lat' dir='ltr'><strong>orbem</strong></span> <span class='ocrx_word' id='word_1_398' title='bbox 541 2790 629 2840; x_wconf 86' lang='lat' dir='ltr'><strong>Lunae</strong></span> <span class='ocrx_word' id='word_1_399' title='bbox 647 2790 685 2838; x_wconf 88' lang='lat' dir='ltr'><strong>vei</strong></span> <span class='ocrx_word' id='word_1_400' title='bbox 705 2789 768 2839; x_wconf 89' lang='lat' dir='ltr'><strong>Solis</strong></span> <span class='ocrx_word' id='word_1_401' title='bbox 787 2791 912 2839; x_wconf 87' lang='lat' dir='ltr'><strong>existiren.</strong></span> <span class='ocrx_word' id='word_1_402' title='bbox 950 2787 1000 2838; x_wconf 85' lang='lat' dir='ltr'><strong>Sed</strong></span> <span class='ocrx_word' id='word_1_403' title='bbox 1018 2790 1079 2853; x_wconf 87' lang='lat' dir='ltr'><strong>quis,</strong></span> <span class='ocrx_word' id='word_1_404' title='bbox 1108 2803 1209 2854; x_wconf 85' lang='lat' dir='ltr'><strong>quaeso,</strong></span> <span class='ocrx_word' id='word_1_405' title='bbox 1229 2789 1317 2839; x_wconf 84' lang='lat' dir='ltr'><strong>exindo</strong></span> <span class='ocrx_word' id='word_1_406' title='bbox 1334 2788 1482 2839; x_wconf 89' lang='lat' dir='ltr'><strong>redundabit</strong></span> 
     </span>
    </p>
   </div>
   <div class='ocr_carea' id='block_1_6' title="bbox 122 2860 1484 3497">
    <p class='ocr_par' dir='ltr' id='par_1_10' title="bbox 122 2860 1484 3139">
     <span class='ocr_line' id='line_1_35' title="bbox 122 2860 1483 2927; baseline -0.004 -15"><span class='ocrx_word' id='word_1_407' title='bbox 122 2861 237 2912; x_wconf 78' lang='lat' dir='ltr'><strong>fructus?</strong></span> <span class='ocrx_word' id='word_1_408' title='bbox 264 2862 313 2912; x_wconf 89' lang='lat' dir='ltr'><strong>Per</strong></span> <span class='ocrx_word' id='word_1_409' title='bbox 329 2877 358 2926; x_wconf 86' lang='lat' dir='ltr'><strong>se</strong></span> <span class='ocrx_word' id='word_1_410' title='bbox 377 2868 404 2912; x_wconf 91' lang='lat' dir='ltr'><strong>et</strong></span> <span class='ocrx_word' id='word_1_411' title='bbox 425 2869 524 2927; x_wconf 88' lang='lat' dir='ltr'><strong>propter</strong></span> <span class='ocrx_word' id='word_1_412' title='bbox 541 2877 567 2911; x_wconf 93' lang='lat' dir='ltr'><strong>se</strong></span> <span class='ocrx_word' id='word_1_413' title='bbox 585 2861 699 2924; x_wconf 90' lang='lat' dir='ltr'><strong>proiecto</strong></span> <span class='ocrx_word' id='word_1_414' title='bbox 727 2863 847 2925; x_wconf 77' lang='lat' dir='ltr'><strong>exiguus3</strong></span> <span class='ocrx_word' id='word_1_415' title='bbox 874 2860 955 2924; x_wconf 89' lang='lat' dir='ltr'><strong>quoad</strong></span> <span class='ocrx_word' id='word_1_416' title='bbox 983 2860 1049 2920; x_wconf 81' lang='lat' dir='ltr'><strong>aiio,</strong></span> <span class='ocrx_word' id='word_1_417' title='bbox 1076 2861 1180 2910; x_wconf 89' lang='lat' dir='ltr'><strong>iortaese</strong></span> <span class='ocrx_word' id='word_1_418' title='bbox 1209 2861 1291 2911; x_wconf 86' lang='lat' dir='ltr'><strong>aditus</strong></span> <span class='ocrx_word' id='word_1_419' title='bbox 1319 2860 1351 2910; x_wconf 93' lang='lat' dir='ltr'><strong>ad</strong></span> <span class='ocrx_word' id='word_1_420' title='bbox 1376 2864 1483 2923; x_wconf 82' lang='lat' dir='ltr'><strong>majora.</strong></span> 
     </span>
     <span class='ocr_line' id='line_1_36' title="bbox 122 2931 1484 3000; baseline -0.004 -15"><span class='ocrx_word' id='word_1_421' title='bbox 122 2933 252 3000; x_wconf 74' lang='lat' dir='ltr'><strong>Unguibhr</strong></span> <span class='ocrx_word' id='word_1_422' title='bbox 269 2934 315 2985; x_wconf 91' lang='lat' dir='ltr'><strong>das</strong></span> <span class='ocrx_word' id='word_1_423' title='bbox 335 2932 437 2983; x_wconf 85' lang='lat' dir='ltr'><strong>Gieiche</strong></span> <span class='ocrx_word' id='word_1_424' title='bbox 464 2932 519 2981; x_wconf 81' lang='lat' dir='ltr'><strong>iailt</strong></span> <span class='ocrx_word' id='word_1_425' title='bbox 545 2933 592 2981; x_wconf 89' lang='lat' dir='ltr'><strong>mir</strong></span> <span class='ocrx_word' id='word_1_426' title='bbox 611 2947 641 2980; x_wconf 85' lang='lat' dir='ltr'><strong>su</strong></span> <span class='ocrx_word' id='word_1_427' title='bbox 660 2933 768 2981; x_wconf 85' lang='lat' dir='ltr'><strong>Gemiith</strong></span> <span class='ocrx_word' id='word_1_428' title='bbox 791 2933 853 2980; x_wconf 90' lang='lat' dir='ltr'><strong>iiber</strong></span> <span class='ocrx_word' id='word_1_429' title='bbox 878 2931 1021 2994; x_wconf 82' lang='lat' dir='ltr'><strong>dosjenige,</strong></span> <span class='ocrx_word' id='word_1_430' title='bbox 1048 2946 1075 2979; x_wconf 90' lang='lat' dir='ltr'><strong>so</strong></span> <span class='ocrx_word' id='word_1_431' title='bbox 1103 2932 1149 2980; x_wconf 91' lang='lat' dir='ltr'><strong>mir</strong></span> <span class='ocrx_word' id='word_1_432' title='bbox 1177 2932 1220 2981; x_wconf 89' lang='lat' dir='ltr'><strong>der</strong></span> <span class='ocrx_word' id='word_1_433' title='bbox 1238 2931 1302 2980; x_wconf 86' lang='lat' dir='ltr'><strong>Herr</strong></span> <span class='ocrx_word' id='word_1_434' title='bbox 1325 2932 1356 2982; x_wconf 90' lang='lat' dir='ltr'><strong>de</strong></span> <span class='ocrx_word' id='word_1_435' title='bbox 1375 2931 1484 2995; x_wconf 79' lang='lat' dir='ltr'><strong>Theonis</strong></span> 
     </span>
     <span class='ocr_line' id='line_1_37' title="bbox 124 2998 1483 3069; baseline -0.002 -14"><span class='ocrx_word' id='word_1_436' title='bbox 124 2998 213 3055; x_wconf 75' lang='lat' dir='ltr'><strong>Martis</strong></span> <span class='ocrx_word' id='word_1_437' title='bbox 233 3005 363 3053; x_wconf 89' lang='lat' dir='ltr'><strong>andautet.</strong></span> <span class='ocrx_word' id='word_1_438' title='bbox 400 3002 477 3052; x_wconf 88' lang='lat' dir='ltr'><strong>Danu</strong></span> <span class='ocrx_word' id='word_1_439' title='bbox 496 3004 541 3052; x_wconf 87' lang='lat' dir='ltr'><strong>aui</strong></span> <span class='ocrx_word' id='word_1_440' title='bbox 557 3003 604 3052; x_wconf 90' lang='lat' dir='ltr'><strong>den</strong></span> <span class='ocrx_word' id='word_1_441' title='bbox 625 3003 687 3061; x_wconf 84' lang='lat' dir='ltr'><strong>Feli,</strong></span> <span class='ocrx_word' id='word_1_442' title='bbox 706 3002 835 3052; x_wconf 89' lang='lat' dir='ltr'><strong>hierdureh</strong></span> <span class='ocrx_word' id='word_1_443' title='bbox 854 3003 951 3051; x_wconf 87' lang='lat' dir='ltr'><strong>ratione</strong></span> <span class='ocrx_word' id='word_1_444' title='bbox 969 3015 1053 3051; x_wconf 82' lang='lat' dir='ltr'><strong>conns</strong></span> <span class='ocrx_word' id='word_1_445' title='bbox 1073 3000 1137 3052; x_wconf 91' lang='lat' dir='ltr'><strong>Solis</strong></span> <span class='ocrx_word' id='word_1_446' title='bbox 1160 3002 1344 3069; x_wconf 75' lang='lat' dir='ltr'><strong>griindlicheres</strong></span> <span class='ocrx_word' id='word_1_447' title='bbox 1363 3003 1483 3053; x_wconf 69' lang='lat' dir='ltr'><strong>effunden</strong></span> 
     </span>
     <span class='ocr_line' id='line_1_38' title="bbox 125 3072 1084 3139; baseline -0.005 -13"><span class='ocrx_word' id='word_1_448' title='bbox 125 3077 225 3126; x_wconf 68' lang='lat' dir='ltr'><strong>voden</strong></span> <span class='ocrx_word' id='word_1_449' title='bbox 244 3076 303 3125; x_wconf 89' lang='lat' dir='ltr'><strong>oder</strong></span> <span class='ocrx_word' id='word_1_450' title='bbox 321 3075 374 3125; x_wconf 91' lang='lat' dir='ltr'><strong>sich</strong></span> <span class='ocrx_word' id='word_1_451' title='bbox 392 3076 482 3125; x_wconf 85' lang='lat' dir='ltr'><strong>berelts</strong></span> <span class='ocrx_word' id='word_1_452' title='bbox 501 3080 628 3139; x_wconf 82' lang='lat' dir='ltr'><strong>ereugnet,</strong></span> <span class='ocrx_word' id='word_1_453' title='bbox 647 3074 680 3123; x_wconf 90' lang='lat' dir='ltr'><strong>ist</strong></span> <span class='ocrx_word' id='word_1_454' title='bbox 698 3089 724 3123; x_wconf 90' lang='lat' dir='ltr'><strong>es</strong></span> <span class='ocrx_word' id='word_1_455' title='bbox 743 3074 804 3123; x_wconf 84' lang='lat' dir='ltr'><strong>aller</strong></span> <span class='ocrx_word' id='word_1_456' title='bbox 823 3072 900 3122; x_wconf 84' lang='lat' dir='ltr'><strong>Miihe</strong></span> <span class='ocrx_word' id='word_1_457' title='bbox 918 3072 981 3121; x_wconf 89' lang='lat' dir='ltr'><strong>vohi</strong></span> <span class='ocrx_word' id='word_1_458' title='bbox 998 3073 1084 3123; x_wconf 71' lang='lat' dir='ltr'><strong>sarth.</strong></span> 
     </span>
    </p>

    <p class='ocr_par' dir='ltr' id='par_1_11' title="bbox 124 3142 1484 3497">
     <span class='ocr_line' id='line_1_39' title="bbox 213 3142 1483 3211; baseline 0.001 -16"><span class='ocrx_word' id='word_1_459' title='bbox 213 3145 257 3196; x_wconf 88' lang='lat' dir='ltr'><strong>Sin</strong></span> <span class='ocrx_word' id='word_1_460' title='bbox 277 3142 369 3202; x_wconf 62' lang='lat' dir='ltr'><strong>annm,</strong></span> <span class='ocrx_word' id='word_1_461' title='bbox 398 3151 483 3195; x_wconf 89' lang='lat' dir='ltr'><strong>censet</strong></span> <span class='ocrx_word' id='word_1_462' title='bbox 501 3145 658 3202; x_wconf 86' lang='lat' dir='ltr'><strong>Horvartns,</strong></span> <span class='ocrx_word' id='word_1_463' title='bbox 685 3160 723 3195; x_wconf 89' lang='lat' dir='ltr'><strong>res</strong></span> <span class='ocrx_word' id='word_1_464' title='bbox 751 3146 822 3195; x_wconf 88' lang='lat' dir='ltr'><strong>aliter</strong></span> <span class='ocrx_word' id='word_1_465' title='bbox 846 3142 1008 3203; x_wconf 84' lang='lat' dir='ltr'><strong>rehaberet,</strong></span> <span class='ocrx_word' id='word_1_466' title='bbox 1036 3144 1172 3211; x_wconf 87' lang='lat' dir='ltr'><strong>Kepierum</strong></span> <span class='ocrx_word' id='word_1_467' title='bbox 1199 3146 1320 3196; x_wconf 89' lang='lat' dir='ltr'><strong>nimiost</strong></span> <span class='ocrx_word' id='word_1_468' title='bbox 1344 3147 1483 3196; x_wconf 73' lang='lat' dir='ltr'><strong>emoneo</strong></span> 
     </span>
     <span class='ocr_line' id='line_1_40' title="bbox 125 3216 1484 3283; baseline -0.001 -15"><span class='ocrx_word' id='word_1_469' title='bbox 125 3218 210 3268; x_wconf 86' lang='lat' dir='ltr'><strong>labore</strong></span> <span class='ocrx_word' id='word_1_470' title='bbox 228 3218 281 3268; x_wconf 88' lang='lat' dir='ltr'><strong>sine</strong></span> <span class='ocrx_word' id='word_1_471' title='bbox 300 3218 403 3268; x_wconf 88' lang='lat' dir='ltr'><strong>notabili</strong></span> <span class='ocrx_word' id='word_1_472' title='bbox 421 3218 533 3280; x_wconf 87' lang='lat' dir='ltr'><strong>proiectu</strong></span> <span class='ocrx_word' id='word_1_473' title='bbox 551 3216 679 3266; x_wconf 88' lang='lat' dir='ltr'><strong>detentum</strong></span> <span class='ocrx_word' id='word_1_474' title='bbox 698 3219 749 3266; x_wconf 90' lang='lat' dir='ltr'><strong>iore</strong></span> <span class='ocrx_word' id='word_1_475' title='bbox 768 3223 794 3265; x_wconf 89' lang='lat' dir='ltr'><strong>et</strong></span> <span class='ocrx_word' id='word_1_476' title='bbox 806 3216 911 3280; x_wconf 90' lang='lat' dir='ltr'><strong>deniqne</strong></span> <span class='ocrx_word' id='word_1_477' title='bbox 929 3230 956 3264; x_wconf 88' lang='lat' dir='ltr'><strong>se</strong></span> <span class='ocrx_word' id='word_1_478' title='bbox 969 3218 994 3265; x_wconf 92' lang='lat' dir='ltr'><strong>in</strong></span> <span class='ocrx_word' id='word_1_479' title='bbox 1013 3218 1132 3283; x_wconf 78' lang='lat' dir='ltr'><strong>ambages</strong></span> <span class='ocrx_word' id='word_1_480' title='bbox 1150 3216 1341 3281; x_wconf 81' lang='lat' dir='ltr'><strong>implicaturum,</strong></span> <span class='ocrx_word' id='word_1_481' title='bbox 1362 3232 1376 3267; x_wconf 90' lang='lat' dir='ltr'><strong>e</strong></span> <span class='ocrx_word' id='word_1_482' title='bbox 1395 3216 1484 3282; x_wconf 85' lang='lat' dir='ltr'><strong>quibus</strong></span> 
     </span>
     <span class='ocr_line' id='line_1_41' title="bbox 124 3284 1484 3354; baseline -0.002 -14"><span class='ocrx_word' id='word_1_483' title='bbox 124 3304 242 3354; x_wconf 87' lang='lat' dir='ltr'><strong>perquam</strong></span> <span class='ocrx_word' id='word_1_484' title='bbox 271 3289 371 3339; x_wconf 83' lang='lat' dir='ltr'><strong>difficile</strong></span> <span class='ocrx_word' id='word_1_485' title='bbox 389 3304 417 3338; x_wconf 89' lang='lat' dir='ltr'><strong>se</strong></span> <span class='ocrx_word' id='word_1_486' title='bbox 436 3289 601 3352; x_wconf 83' lang='lat' dir='ltr'><strong>explicaturus</strong></span> <span class='ocrx_word' id='word_1_487' title='bbox 619 3290 660 3337; x_wconf 87' lang='lat' dir='ltr'><strong>sit.</strong></span> <span class='ocrx_word' id='word_1_488' title='bbox 697 3287 763 3338; x_wconf 87' lang='lat' dir='ltr'><strong>Nam</strong></span> <span class='ocrx_word' id='word_1_489' title='bbox 787 3288 969 3337; x_wconf 89' lang='lat' dir='ltr'><strong>continuandas</strong></span> <span class='ocrx_word' id='word_1_490' title='bbox 993 3301 1047 3337; x_wconf 89' lang='lat' dir='ltr'><strong>esse</strong></span> <span class='ocrx_word' id='word_1_491' title='bbox 1075 3289 1275 3349; x_wconf 86' lang='lat' dir='ltr'><strong>observationes,</strong></span> <span class='ocrx_word' id='word_1_492' title='bbox 1304 3289 1369 3354; x_wconf 89' lang='lat' dir='ltr'><strong>qood</strong></span> <span class='ocrx_word' id='word_1_493' title='bbox 1387 3284 1484 3337; x_wconf 84' lang='lat' dir='ltr'><strong>mortuo</strong></span> 
     </span>
     <span class='ocr_line' id='line_1_42' title="bbox 124 3358 1484 3425; baseline -0.001 -15"><span class='ocrx_word' id='word_1_494' title='bbox 124 3360 244 3424; x_wconf 82' lang='lat' dir='ltr'><strong>Tychone</strong></span> <span class='ocrx_word' id='word_1_495' title='bbox 263 3359 362 3409; x_wconf 87' lang='lat' dir='ltr'><strong>dubium</strong></span> <span class='ocrx_word' id='word_1_496' title='bbox 376 3361 416 3422; x_wconf 82' lang='lat' dir='ltr'><strong>sit,</strong></span> <span class='ocrx_word' id='word_1_497' title='bbox 434 3363 541 3425; x_wconf 85' lang='lat' dir='ltr'><strong>priorum</strong></span> <span class='ocrx_word' id='word_1_498' title='bbox 559 3360 768 3410; x_wconf 79' lang='lat' dir='ltr'><strong>observationibus</strong></span> <span class='ocrx_word' id='word_1_499' title='bbox 781 3374 867 3423; x_wconf 89' lang='lat' dir='ltr'><strong>parum</strong></span> <span class='ocrx_word' id='word_1_500' title='bbox 880 3373 935 3408; x_wconf 88' lang='lat' dir='ltr'><strong>asse</strong></span> <span class='ocrx_word' id='word_1_501' title='bbox 954 3358 1086 3416; x_wconf 82' lang='lat' dir='ltr'><strong>fidendum.</strong></span> <span class='ocrx_word' id='word_1_502' title='bbox 1103 3367 1134 3408; x_wconf 81' lang='lat' dir='ltr'><strong>et</strong></span> <span class='ocrx_word' id='word_1_503' title='bbox 1145 3361 1326 3410; x_wconf 79' lang='lat' dir='ltr'><strong>restitutionem</strong></span> <span class='ocrx_word' id='word_1_504' title='bbox 1345 3375 1389 3409; x_wconf 88' lang='lat' dir='ltr'><strong>seo</strong></span> <span class='ocrx_word' id='word_1_505' title='bbox 1401 3361 1484 3423; x_wconf 85' lang='lat' dir='ltr'><strong>potins</strong></span> 
     </span>
     <span class='ocr_line' id='line_1_43' title="bbox 125 3430 1484 3497; baseline -0.002 -15"><span class='ocrx_word' id='word_1_506' title='bbox 125 3434 292 3482; x_wconf 88' lang='lat' dir='ltr'><strong>inventionem</strong></span> <span class='ocrx_word' id='word_1_507' title='bbox 307 3433 450 3497; x_wconf 86' lang='lat' dir='ltr'><strong>apparentis</strong></span> <span class='ocrx_word' id='word_1_508' title='bbox 463 3433 543 3481; x_wconf 83' lang='lat' dir='ltr'><strong>motus</strong></span> <span class='ocrx_word' id='word_1_509' title='bbox 556 3433 662 3496; x_wconf 86' lang='lat' dir='ltr'><strong>quinque</strong></span> <span class='ocrx_word' id='word_1_510' title='bbox 674 3432 830 3495; x_wconf 85' lang='lat' dir='ltr'><strong>planetarum</strong></span> <span class='ocrx_word' id='word_1_511' title='bbox 843 3445 896 3480; x_wconf 92' lang='lat' dir='ltr'><strong>non</strong></span> <span class='ocrx_word' id='word_1_512' title='bbox 905 3431 977 3479; x_wconf 88' lang='lat' dir='ltr'><strong>unius</strong></span> <span class='ocrx_word' id='word_1_513' title='bbox 993 3444 1048 3482; x_wconf 87' lang='lat' dir='ltr'><strong>esse</strong></span> <span class='ocrx_word' id='word_1_514' title='bbox 1061 3432 1162 3488; x_wconf 70' lang='lat' dir='ltr'><strong>aetafia</strong></span> <span class='ocrx_word' id='word_1_515' title='bbox 1181 3432 1273 3482; x_wconf 78' lang='lat' dir='ltr'><strong>nedm</strong></span> <span class='ocrx_word' id='word_1_516' title='bbox 1285 3433 1357 3481; x_wconf 87' lang='lat' dir='ltr'><strong>nnius</strong></span> <span class='ocrx_word' id='word_1_517' title='bbox 1368 3430 1484 3480; x_wconf 86' lang='lat' dir='ltr'><strong>hominis.</strong></span> 
     </span>
    </p>
   </div>
   <div class='ocr_carea' id='block_1_7' title="bbox 43 3504 1488 4931">
    <p class='ocr_par' dir='ltr' id='par_1_12' title="bbox 43 3504 1486 3597">
     <span class='ocr_line' id='line_1_44' title="bbox 43 3504 1486 3597; baseline -0.001 -34"><span class='ocrx_word' id='word_1_518' title='bbox 43 3572 58 3597; x_wconf 49' lang='lat'><strong>·</strong></span> <span class='ocrx_word' id='word_1_519' title='bbox 213 3512 308 3574; x_wconf 84' lang='lat' dir='ltr'><strong>Quibus</strong></span> <span class='ocrx_word' id='word_1_520' title='bbox 326 3513 491 3577; x_wconf 86' lang='lat' dir='ltr'><strong>Kepierus</strong></span> <span class='ocrx_word' id='word_1_521' title='bbox 509 3512 636 3575; x_wconf 89' lang='lat' dir='ltr'><strong>respondit</strong></span> <span class='ocrx_word' id='word_1_522' title='bbox 654 3509 690 3574; x_wconf 86' lang='lat' dir='ltr'><strong>(d.</strong></span> <span class='ocrx_word' id='word_1_523' title='bbox 714 3510 739 3560; x_wconf 81' lang='lat'><strong>7.</strong></span> <span class='ocrx_word' id='word_1_524' title='bbox 763 3510 818 3562; x_wconf 76' lang='lat' dir='ltr'><strong>Oct</strong></span> <span class='ocrx_word' id='word_1_525' title='bbox 840 3508 930 3570; x_wconf 80' lang='lat'><strong>1602.)</strong></span> <span class='ocrx_word' id='word_1_526' title='bbox 948 3510 1015 3562; x_wconf 90' lang='lat' dir='ltr'><strong>hono</strong></span> <span class='ocrx_word' id='word_1_527' title='bbox 1032 3514 1058 3562; x_wconf 90' lang='lat' dir='ltr'><strong>in</strong></span> <span class='ocrx_word' id='word_1_528' title='bbox 1076 3513 1188 3563; x_wconf 85' lang='lat' dir='ltr'><strong>modurn:</strong></span> <span class='ocrx_word' id='word_1_529' title='bbox 1213 3504 1408 3567; x_wconf 82' lang='lat' dir='ltr'><strong>Cometamm</strong></span> <span class='ocrx_word' id='word_1_530' title='bbox 1423 3522 1486 3584; x_wconf 77' lang='lat' dir='ltr'><strong>qua</strong></span> 
     </span>
    </p>

    <p class='ocr_par' dir='ltr' id='par_1_13' title="bbox 125 3591 1488 4931">
     <span class='ocr_line' id='line_1_45' title="bbox 125 3591 1485 3673; baseline -0.001 -19"><span class='ocrx_word' id='word_1_531' title='bbox 125 3593 162 3655; x_wconf 90' lang='lat' dir='ltr'><strong>de</strong></span> <span class='ocrx_word' id='word_1_532' title='bbox 186 3613 279 3655; x_wconf 85' lang='lat' dir='ltr'><strong>causa</strong></span> <span class='ocrx_word' id='word_1_533' title='bbox 308 3595 489 3655; x_wconf 90' lang='lat' dir='ltr'><strong>mentionem</strong></span> <span class='ocrx_word' id='word_1_534' title='bbox 513 3594 650 3668; x_wconf 83' lang='lat' dir='ltr'><strong>fecerim,</strong></span> <span class='ocrx_word' id='word_1_535' title='bbox 674 3593 796 3655; x_wconf 83' lang='lat' dir='ltr'><strong>excidit.</strong></span> <span class='ocrx_word' id='word_1_536' title='bbox 836 3592 997 3656; x_wconf 85' lang='lat' dir='ltr'><strong>Sententia</strong></span> <span class='ocrx_word' id='word_1_537' title='bbox 1019 3601 1120 3656; x_wconf 89' lang='lat' dir='ltr'><strong>tamen</strong></span> <span class='ocrx_word' id='word_1_538' title='bbox 1152 3593 1227 3655; x_wconf 81' lang='lat' dir='ltr'><strong>liaeo</strong></span> <span class='ocrx_word' id='word_1_539' title='bbox 1259 3601 1324 3655; x_wconf 89' lang='lat' dir='ltr'><strong>est:</strong></span> <span class='ocrx_word' id='word_1_540' title='bbox 1358 3592 1384 3655; x_wconf 91' lang='lat' dir='ltr'><strong>si</strong></span> <span class='ocrx_word' id='word_1_541' title='bbox 1416 3591 1485 3673; x_wconf 90' lang='lat' dir='ltr'><strong>quis</strong></span> 
     </span>
     <span class='ocr_line' id='line_1_46' title="bbox 126 3680 1485 3764; baseline -0.004 -18"><span class='ocrx_word' id='word_1_542' title='bbox 126 3681 286 3764; x_wconf 86' lang='lat' dir='ltr'><strong>Copernioi</strong></span> <span class='ocrx_word' id='word_1_543' title='bbox 310 3691 453 3763; x_wconf 89' lang='lat' dir='ltr'><strong>sequetur</strong></span> <span class='ocrx_word' id='word_1_544' title='bbox 475 3683 675 3764; x_wconf 87' lang='lat' dir='ltr'><strong>hypotheses,</strong></span> <span class='ocrx_word' id='word_1_545' title='bbox 708 3682 792 3744; x_wconf 89' lang='lat' dir='ltr'><strong>illum</strong></span> <span class='ocrx_word' id='word_1_546' title='bbox 824 3685 882 3745; x_wconf 89' lang='lat' dir='ltr'><strong>hoc</strong></span> <span class='ocrx_word' id='word_1_547' title='bbox 914 3683 1076 3745; x_wconf 82' lang='lat' dir='ltr'><strong>defendere</strong></span> <span class='ocrx_word' id='word_1_548' title='bbox 1107 3701 1213 3763; x_wconf 89' lang='lat' dir='ltr'><strong>posse,</strong></span> <span class='ocrx_word' id='word_1_549' title='bbox 1246 3688 1380 3745; x_wconf 83' lang='lat' dir='ltr'><strong>cometas</strong></span> <span class='ocrx_word' id='word_1_550' title='bbox 1408 3680 1485 3743; x_wconf 90' lang='lat' dir='ltr'><strong>nihil</strong></span> 
     </span>
     <span class='ocr_line' id='line_1_47' title="bbox 125 3771 1485 3853; baseline -0.004 -19"><span class='ocrx_word' id='word_1_551' title='bbox 125 3791 194 3834; x_wconf 89' lang='lat' dir='ltr'><strong>esse</strong></span> <span class='ocrx_word' id='word_1_552' title='bbox 219 3772 301 3834; x_wconf 89' lang='lat' dir='ltr'><strong>aliud</strong></span> <span class='ocrx_word' id='word_1_553' title='bbox 324 3792 413 3853; x_wconf 89' lang='lat' dir='ltr'><strong>qoam</strong></span> <span class='ocrx_word' id='word_1_554' title='bbox 436 3772 631 3851; x_wconf 86' lang='lat' dir='ltr'><strong>trajectionee</strong></span> <span class='ocrx_word' id='word_1_555' title='bbox 655 3772 830 3847; x_wconf 87' lang='lat' dir='ltr'><strong>aethereas,</strong></span> <span class='ocrx_word' id='word_1_556' title='bbox 860 3772 974 3835; x_wconf 87' lang='lat' dir='ltr'><strong>moveri</strong></span> <span class='ocrx_word' id='word_1_557' title='bbox 1005 3773 1122 3834; x_wconf 86' lang='lat' dir='ltr'><strong>seilicet</strong></span> <span class='ocrx_word' id='word_1_558' title='bbox 1144 3772 1175 3832; x_wconf 87' lang='lat' dir='ltr'><strong>in</strong></span> <span class='ocrx_word' id='word_1_559' title='bbox 1198 3771 1280 3833; x_wconf 91' lang='lat' dir='ltr'><strong>linea</strong></span> <span class='ocrx_word' id='word_1_560' title='bbox 1301 3779 1386 3832; x_wconf 88' lang='lat' dir='ltr'><strong>recta</strong></span> <span class='ocrx_word' id='word_1_561' title='bbox 1407 3788 1485 3851; x_wconf 87' lang='lat' dir='ltr'><strong>pene</strong></span> 
     </span>
     <span class='ocr_line' id='line_1_48' title="bbox 126 3859 1486 3943; baseline -0.002 -21"><span class='ocrx_word' id='word_1_562' title='bbox 126 3861 309 3943; x_wconf 86' lang='lat' dir='ltr'><strong>aequaliter,</strong></span> <span class='ocrx_word' id='word_1_563' title='bbox 342 3869 518 3923; x_wconf 79' lang='lat' dir='ltr'><strong>astantum</strong></span> <span class='ocrx_word' id='word_1_564' title='bbox 548 3861 656 3923; x_wconf 86' lang='lat' dir='ltr'><strong>abesse</strong></span> <span class='ocrx_word' id='word_1_565' title='bbox 680 3869 714 3923; x_wconf 92' lang='lat' dir='ltr'><strong>nt</strong></span> <span class='ocrx_word' id='word_1_566' title='bbox 736 3862 934 3925; x_wconf 81' lang='lat' dir='ltr'><strong>confinientur</strong></span> <span class='ocrx_word' id='word_1_567' title='bbox 965 3861 1159 3936; x_wconf 85' lang='lat' dir='ltr'><strong>sublunares,</strong></span> <span class='ocrx_word' id='word_1_568' title='bbox 1196 3861 1268 3942; x_wconf 91' lang='lat' dir='ltr'><strong>qoin</strong></span> <span class='ocrx_word' id='word_1_569' title='bbox 1298 3859 1400 3940; x_wconf 86' lang='lat' dir='ltr'><strong>potius</strong></span> <span class='ocrx_word' id='word_1_570' title='bbox 1419 3860 1486 3938; x_wconf 86' lang='lat' dir='ltr'><strong>jam</strong></span> 
     </span>
     <span class='ocr_line' id='line_1_49' title="bbox 125 3947 1486 4033; baseline -0.002 -21"><span class='ocrx_word' id='word_1_571' title='bbox 125 3970 187 4015; x_wconf 90' lang='lat' dir='ltr'><strong>nou</strong></span> <span class='ocrx_word' id='word_1_572' title='bbox 207 3958 325 4013; x_wconf 83' lang='lat' dir='ltr'><strong>tantum</strong></span> <span class='ocrx_word' id='word_1_573' title='bbox 345 3969 401 4031; x_wconf 88' lang='lat' dir='ltr'><strong>per</strong></span> <span class='ocrx_word' id='word_1_574' title='bbox 422 3951 598 4033; x_wconf 72' lang='lat' dir='ltr'><strong>parallases</strong></span> <span class='ocrx_word' id='word_1_575' title='bbox 621 3950 761 4012; x_wconf 87' lang='lat' dir='ltr'><strong>diametri</strong></span> <span class='ocrx_word' id='word_1_576' title='bbox 785 3951 915 4027; x_wconf 82' lang='lat' dir='ltr'><strong>Terrae,</strong></span> <span class='ocrx_word' id='word_1_577' title='bbox 940 3951 994 4013; x_wconf 90' lang='lat' dir='ltr'><strong>sed</strong></span> <span class='ocrx_word' id='word_1_578' title='bbox 1017 3950 1107 4012; x_wconf 89' lang='lat' dir='ltr'><strong>etiam</strong></span> <span class='ocrx_word' id='word_1_579' title='bbox 1132 3969 1170 4011; x_wconf 86' lang='lat' dir='ltr'><strong>ex</strong></span> <span class='ocrx_word' id='word_1_580' title='bbox 1192 3950 1268 4031; x_wconf 88' lang='lat' dir='ltr'><strong>ipsis</strong></span> <span class='ocrx_word' id='word_1_581' title='bbox 1292 3947 1486 4013; x_wconf 87' lang='lat' dir='ltr'><strong>observatio-</strong></span> 
     </span>
     <span class='ocr_line' id='line_1_50' title="bbox 125 4037 1485 4121; baseline -0.003 -19"><span class='ocrx_word' id='word_1_582' title='bbox 125 4039 214 4102; x_wconf 88' lang='lat' dir='ltr'><strong>nibus</strong></span> <span class='ocrx_word' id='word_1_583' title='bbox 228 4038 380 4102; x_wconf 61' lang='lat' dir='ltr'><strong>‘craseiori</strong></span> <span class='ocrx_word' id='word_1_584' title='bbox 403 4040 492 4101; x_wconf 91' lang='lat' dir='ltr'><strong>modo</strong></span> <span class='ocrx_word' id='word_1_585' title='bbox 517 4039 651 4120; x_wconf 87' lang='lat' dir='ltr'><strong>acceptis</strong></span> <span class='ocrx_word' id='word_1_586' title='bbox 675 4040 705 4101; x_wconf 93' lang='lat' dir='ltr'><strong>in</strong></span> <span class='ocrx_word' id='word_1_587' title='bbox 730 4041 883 4102; x_wconf 82' lang='lat' dir='ltr'><strong>aetherem</strong></span> <span class='ocrx_word' id='word_1_588' title='bbox 905 4049 1089 4120; x_wconf 89' lang='lat' dir='ltr'><strong>reponantur</strong></span> <span class='ocrx_word' id='word_1_589' title='bbox 1113 4048 1144 4101; x_wconf 90' lang='lat' dir='ltr'><strong>et</strong></span> <span class='ocrx_word' id='word_1_590' title='bbox 1166 4058 1407 4121; x_wconf 81' lang='lat' dir='ltr'><strong>quaquaversum</strong></span> <span class='ocrx_word' id='word_1_591' title='bbox 1424 4037 1485 4098; x_wconf 90' lang='lat' dir='ltr'><strong>im-</strong></span> 
     </span>
     <span class='ocr_line' id='line_1_51' title="bbox 125 4127 1486 4212; baseline 0.002 -22"><span class='ocrx_word' id='word_1_592' title='bbox 125 4136 198 4210; x_wconf 90' lang='lat' dir='ltr'><strong>petu</strong></span> <span class='ocrx_word' id='word_1_593' title='bbox 221 4138 310 4211; x_wconf 86' lang='lat' dir='ltr'><strong>capto</strong></span> <span class='ocrx_word' id='word_1_594' title='bbox 333 4137 431 4193; x_wconf 85' lang='lat' dir='ltr'><strong>ruant.</strong></span> <span class='ocrx_word' id='word_1_595' title='bbox 469 4129 548 4193; x_wconf 88' lang='lat' dir='ltr'><strong>Hinc</strong></span> <span class='ocrx_word' id='word_1_596' title='bbox 565 4137 597 4191; x_wconf 92' lang='lat' dir='ltr'><strong>tu</strong></span> <span class='ocrx_word' id='word_1_597' title='bbox 614 4129 679 4212; x_wconf 90' lang='lat' dir='ltr'><strong>ipse</strong></span> <span class='ocrx_word' id='word_1_598' title='bbox 691 4129 807 4209; x_wconf 86' lang='lat' dir='ltr'><strong>judice,</strong></span> <span class='ocrx_word' id='word_1_599' title='bbox 831 4130 930 4212; x_wconf 86' lang='lat' dir='ltr'><strong>qualis</strong></span> <span class='ocrx_word' id='word_1_600' title='bbox 947 4129 990 4191; x_wconf 89' lang='lat' dir='ltr'><strong>sit</strong></span> <span class='ocrx_word' id='word_1_601' title='bbox 1004 4129 1132 4191; x_wconf 86' lang='lat' dir='ltr'><strong>materia</strong></span> <span class='ocrx_word' id='word_1_602' title='bbox 1150 4128 1303 4202; x_wconf 90' lang='lat' dir='ltr'><strong>coelestis,</strong></span> <span class='ocrx_word' id='word_1_603' title='bbox 1328 4129 1354 4190; x_wconf 91' lang='lat' dir='ltr'><strong>si</strong></span> <span class='ocrx_word' id='word_1_604' title='bbox 1376 4127 1486 4207; x_wconf 78' lang='lat' dir='ltr'><strong>ubique</strong></span> 
     </span>
     <span class='ocr_line' id='line_1_52' title="bbox 126 4214 1486 4299; baseline -0.004 -18"><span class='ocrx_word' id='word_1_605' title='bbox 126 4227 261 4281; x_wconf 84' lang='lat' dir='ltr'><strong>cometas</strong></span> <span class='ocrx_word' id='word_1_606' title='bbox 293 4218 488 4294; x_wconf 83' lang='lat' dir='ltr'><strong>transmittit,</strong></span> <span class='ocrx_word' id='word_1_607' title='bbox 521 4226 553 4298; x_wconf 84' lang='lat' dir='ltr'><strong>et</strong></span> <span class='ocrx_word' id='word_1_608' title='bbox 588 4218 750 4299; x_wconf 88' lang='lat' dir='ltr'><strong>aliquando</strong></span> <span class='ocrx_word' id='word_1_609' title='bbox 779 4219 821 4280; x_wconf 90' lang='lat' dir='ltr'><strong>ibi</strong></span> <span class='ocrx_word' id='word_1_610' title='bbox 850 4227 899 4281; x_wconf 89' lang='lat' dir='ltr'><strong>est</strong></span> <span class='ocrx_word' id='word_1_611' title='bbox 930 4226 1063 4294; x_wconf 81' lang='lat' dir='ltr'><strong>cometa,</strong></span> <span class='ocrx_word' id='word_1_612' title='bbox 1094 4218 1146 4280; x_wconf 91' lang='lat' dir='ltr'><strong>ubi</strong></span> <span class='ocrx_word' id='word_1_613' title='bbox 1168 4220 1281 4294; x_wconf 87' lang='lat' dir='ltr'><strong>Terra,</strong></span> <span class='ocrx_word' id='word_1_614' title='bbox 1309 4218 1411 4291; x_wconf 88' lang='lat' dir='ltr'><strong>Luna,</strong></span> <span class='ocrx_word' id='word_1_615' title='bbox 1436 4214 1486 4276; x_wconf 93' lang='lat' dir='ltr'><strong>vel</strong></span> 
     </span>
     <span class='ocr_line' id='line_1_53' title="bbox 125 4305 1486 4389; baseline -0.004 -19"><span class='ocrx_word' id='word_1_616' title='bbox 125 4308 236 4370; x_wconf 87' lang='lat' dir='ltr'><strong>Martis</strong></span> <span class='ocrx_word' id='word_1_617' title='bbox 260 4309 313 4370; x_wconf 76' lang='lat' dir='ltr'><strong>hc.</strong></span> <span class='ocrx_word' id='word_1_618' title='bbox 338 4309 431 4370; x_wconf 88' lang='lat' dir='ltr'><strong>stella</strong></span> <span class='ocrx_word' id='word_1_619' title='bbox 451 4308 542 4389; x_wconf 91' lang='lat' dir='ltr'><strong>paulo</strong></span> <span class='ocrx_word' id='word_1_620' title='bbox 567 4317 637 4370; x_wconf 89' lang='lat' dir='ltr'><strong>ante</strong></span> <span class='ocrx_word' id='word_1_621' title='bbox 659 4308 725 4369; x_wconf 87' lang='lat' dir='ltr'><strong>init.</strong></span> <span class='ocrx_word' id='word_1_622' title='bbox 752 4339 792 4349; x_wconf 97' lang='lat'><em>-</em></span> <span class='ocrx_word' id='word_1_623' title='bbox 817 4308 867 4369; x_wconf 90' lang='lat' dir='ltr'><strong>lta</strong></span> <span class='ocrx_word' id='word_1_624' title='bbox 889 4308 939 4370; x_wconf 89' lang='lat' dir='ltr'><strong>hic</strong></span> <span class='ocrx_word' id='word_1_625' title='bbox 961 4307 1037 4369; x_wconf 90' lang='lat' dir='ltr'><strong>nihil</strong></span> <span class='ocrx_word' id='word_1_626' title='bbox 1060 4327 1079 4370; x_wconf 89' lang='lat' dir='ltr'><strong>a</strong></span> <span class='ocrx_word' id='word_1_627' title='bbox 1102 4309 1244 4389; x_wconf 78' lang='lat' dir='ltr'><strong>Tychoue</strong></span> <span class='ocrx_word' id='word_1_628' title='bbox 1273 4307 1393 4380; x_wconf 83' lang='lat' dir='ltr'><strong>differo,</strong></span> <span class='ocrx_word' id='word_1_629' title='bbox 1425 4305 1486 4367; x_wconf 90' lang='lat' dir='ltr'><strong>nisi</strong></span> 
     </span>
     <span class='ocr_line' id='line_1_54' title="bbox 126 4395 1486 4479; baseline -0.004 -20"><span class='ocrx_word' id='word_1_630' title='bbox 126 4398 207 4479; x_wconf 90' lang='lat' dir='ltr'><strong>quod</strong></span> <span class='ocrx_word' id='word_1_631' title='bbox 230 4396 356 4460; x_wconf 90' lang='lat' dir='ltr'><strong>cometis</strong></span> <span class='ocrx_word' id='word_1_632' title='bbox 380 4398 509 4461; x_wconf 86' lang='lat' dir='ltr'><strong>circulos</strong></span> <span class='ocrx_word' id='word_1_633' title='bbox 532 4398 651 4473; x_wconf 90' lang='lat' dir='ltr'><strong>adimo,</strong></span> <span class='ocrx_word' id='word_1_634' title='bbox 679 4416 733 4479; x_wconf 88' lang='lat' dir='ltr'><strong>per</strong></span> <span class='ocrx_word' id='word_1_635' title='bbox 766 4417 840 4477; x_wconf 86' lang='lat' dir='ltr'><strong>quoe</strong></span> <span class='ocrx_word' id='word_1_636' title='bbox 873 4396 949 4477; x_wconf 88' lang='lat' dir='ltr'><strong>ipsis</strong></span> <span class='ocrx_word' id='word_1_637' title='bbox 972 4398 1075 4478; x_wconf 86' lang='lat' dir='ltr'><strong>Tycho</strong></span> <span class='ocrx_word' id='word_1_638' title='bbox 1098 4416 1174 4478; x_wconf 91' lang='lat' dir='ltr'><strong>pene</strong></span> <span class='ocrx_word' id='word_1_639' title='bbox 1198 4395 1388 4458; x_wconf 87' lang='lat' dir='ltr'><strong>divinitatem</strong></span> <span class='ocrx_word' id='word_1_640' title='bbox 1411 4414 1486 4455; x_wconf 91' lang='lat' dir='ltr'><strong>con-</strong></span> 
     </span>
     <span class='ocr_line' id='line_1_55' title="bbox 127 4482 1486 4567; baseline -0.004 -19"><span class='ocrx_word' id='word_1_641' title='bbox 127 4486 252 4549; x_wconf 89' lang='lat' dir='ltr'><strong>ciliavit.</strong></span> <span class='ocrx_word' id='word_1_642' title='bbox 305 4486 485 4567; x_wconf 79' lang='lat' dir='ltr'><strong>Magnitudo</strong></span> <span class='ocrx_word' id='word_1_643' title='bbox 515 4490 581 4550; x_wconf 88' lang='lat' dir='ltr'><strong>Tua</strong></span> <span class='ocrx_word' id='word_1_644' title='bbox 617 4487 736 4549; x_wconf 88' lang='lat' dir='ltr'><strong>videtur</strong></span> <span class='ocrx_word' id='word_1_645' title='bbox 767 4505 814 4547; x_wconf 89' lang='lat' dir='ltr'><strong>me</strong></span> <span class='ocrx_word' id='word_1_646' title='bbox 847 4485 1002 4548; x_wconf 85' lang='lat' dir='ltr'><strong>dehortari</strong></span> <span class='ocrx_word' id='word_1_647' title='bbox 1035 4507 1053 4547; x_wconf 90' lang='lat' dir='ltr'><strong>a</strong></span> <span class='ocrx_word' id='word_1_648' title='bbox 1083 4505 1155 4548; x_wconf 89' lang='lat' dir='ltr'><strong>cora</strong></span> <span class='ocrx_word' id='word_1_649' title='bbox 1185 4485 1394 4566; x_wconf 88' lang='lat' dir='ltr'><strong>planetarum,</strong></span> <span class='ocrx_word' id='word_1_650' title='bbox 1426 4482 1486 4545; x_wconf 90' lang='lat' dir='ltr'><strong>nisi</strong></span> 
     </span>
     <span class='ocr_line' id='line_1_56' title="bbox 127 4574 1486 4657; baseline -0.004 -19"><span class='ocrx_word' id='word_1_651' title='bbox 127 4576 225 4639; x_wconf 86' lang='lat' dir='ltr'><strong>omnis</strong></span> <span class='ocrx_word' id='word_1_652' title='bbox 248 4596 330 4639; x_wconf 86' lang='lat' dir='ltr'><strong>cura·</strong></span> <span class='ocrx_word' id='word_1_653' title='bbox 349 4577 380 4639; x_wconf 92' lang='lat' dir='ltr'><strong>in</strong></span> <span class='ocrx_word' id='word_1_654' title='bbox 412 4585 494 4639; x_wconf 87' lang='lat' dir='ltr'><strong>moto</strong></span> <span class='ocrx_word' id='word_1_655' title='bbox 523 4576 606 4642; x_wconf 89' lang='lat' dir='ltr'><strong>Solis</strong></span> <span class='ocrx_word' id='word_1_656' title='bbox 638 4583 808 4656; x_wconf 86' lang='lat' dir='ltr'><strong>poneretur.</strong></span> <span class='ocrx_word' id='word_1_657' title='bbox 856 4576 892 4637; x_wconf 94' lang='lat' dir='ltr'><strong>ld</strong></span> <span class='ocrx_word' id='word_1_658' title='bbox 924 4575 954 4637; x_wconf 91' lang='lat' dir='ltr'><strong>in</strong></span> <span class='ocrx_word' id='word_1_659' title='bbox 987 4584 1170 4638; x_wconf 83' lang='lat' dir='ltr'><strong>cometarum</strong></span> <span class='ocrx_word' id='word_1_660' title='bbox 1199 4576 1320 4654; x_wconf 86' lang='lat' dir='ltr'><strong>negotio</strong></span> <span class='ocrx_word' id='word_1_661' title='bbox 1351 4574 1486 4657; x_wconf 79' lang='lat' dir='ltr'><strong>salutare</strong></span> 
     </span>
     <span class='ocr_line' id='line_1_57' title="bbox 127 4665 1488 4746; baseline -0.005 -18"><span class='ocrx_word' id='word_1_662' title='bbox 127 4665 286 4729; x_wconf 87' lang='lat' dir='ltr'><strong>consilium</strong></span> <span class='ocrx_word' id='word_1_663' title='bbox 309 4665 459 4741; x_wconf 79' lang='lat' dir='ltr'><strong>existimo,</strong></span> <span class='ocrx_word' id='word_1_664' title='bbox 484 4674 517 4728; x_wconf 87' lang='lat' dir='ltr'><strong>at</strong></span> <span class='ocrx_word' id='word_1_665' title='bbox 539 4667 728 4746; x_wconf 88' lang='lat' dir='ltr'><strong>planetarum</strong></span> <span class='ocrx_word' id='word_1_666' title='bbox 752 4684 891 4727; x_wconf 87' lang='lat' dir='ltr'><strong>cursuum</strong></span> <span class='ocrx_word' id='word_1_667' title='bbox 915 4665 1096 4745; x_wconf 78' lang='lat' dir='ltr'><strong>dignitatern</strong></span> <span class='ocrx_word' id='word_1_668' title='bbox 1115 4672 1231 4727; x_wconf 87' lang='lat' dir='ltr'><strong>tentam</strong></span> <span class='ocrx_word' id='word_1_669' title='bbox 1255 4684 1322 4728; x_wconf 88' lang='lat' dir='ltr'><strong>esse</strong></span> <span class='ocrx_word' id='word_1_670' title='bbox 1346 4671 1430 4743; x_wconf 89' lang='lat' dir='ltr'><strong>poto,</strong></span> <span class='ocrx_word' id='word_1_671' title='bbox 1453 4669 1488 4722; x_wconf 91' lang='grc' dir='ltr'><strong>ιιι</strong></span> 
     </span>
     <span class='ocr_line' id='line_1_58' title="bbox 127 4753 1488 4837; baseline -0.004 -22"><span class='ocrx_word' id='word_1_672' title='bbox 127 4756 176 4817; x_wconf 87' lang='lat' dir='ltr'><strong>vel</strong></span> <span class='ocrx_word' id='word_1_673' title='bbox 200 4757 237 4818; x_wconf 95' lang='lat' dir='ltr'><strong>ob</strong></span> <span class='ocrx_word' id='word_1_674' title='bbox 261 4756 333 4817; x_wconf 91' lang='lat' dir='ltr'><strong>illos</strong></span> <span class='ocrx_word' id='word_1_675' title='bbox 356 4756 439 4817; x_wconf 89' lang='lat' dir='ltr'><strong>solos</strong></span> <span class='ocrx_word' id='word_1_676' title='bbox 462 4756 548 4817; x_wconf 87' lang='lat' dir='ltr'><strong>labor</strong></span> <span class='ocrx_word' id='word_1_677' title='bbox 572 4756 614 4818; x_wconf 87' lang='lat' dir='ltr'><strong>sit</strong></span> <span class='ocrx_word' id='word_1_678' title='bbox 628 4753 854 4837; x_wconf 83' lang='lat' dir='ltr'><strong>suscipiendus.</strong></span> <span class='ocrx_word' id='word_1_679' title='bbox 901 4755 949 4816; x_wconf 82' lang='lat' dir='ltr'><strong>Ac</strong></span> <span class='ocrx_word' id='word_1_680' title='bbox 977 4774 1033 4834; x_wconf 83' lang='lat' dir='ltr'><strong>ego</strong></span> <span class='ocrx_word' id='word_1_681' title='bbox 1057 4773 1130 4817; x_wconf 87' lang='lat' dir='ltr'><strong>sane</strong></span> <span class='ocrx_word' id='word_1_682' title='bbox 1163 4755 1220 4816; x_wconf 95' lang='lat' dir='ltr'><strong>hoc</strong></span> <span class='ocrx_word' id='word_1_683' title='bbox 1255 4774 1315 4816; x_wconf 93' lang='lat' dir='ltr'><strong>nou</strong></span> <span class='ocrx_word' id='word_1_684' title='bbox 1344 4772 1420 4832; x_wconf 86' lang='lat' dir='ltr'><strong>ago,</strong></span> <span class='ocrx_word' id='word_1_685' title='bbox 1453 4759 1488 4811; x_wconf 91' lang='lat' dir='ltr'><strong>ut</strong></span> 
     </span>
     <span class='ocr_line' id='line_1_59' title="bbox 128 4839 1488 4931; baseline -0.003 -25"><span class='ocrx_word' id='word_1_686' title='bbox 128 4864 269 4931; x_wconf 86' lang='lat' dir='ltr'><strong>quaeram</strong></span> <span class='ocrx_word' id='word_1_687' title='bbox 299 4853 412 4911; x_wconf 85' lang='lat' dir='ltr'><strong>motum</strong></span> <span class='ocrx_word' id='word_1_688' title='bbox 444 4845 539 4909; x_wconf 84' lang='lat' dir='ltr'><strong>Solis·</strong></span> <span class='ocrx_word' id='word_1_689' title='bbox 561 4845 727 4928; x_wconf 86' lang='lat' dir='ltr'><strong>simplicem</strong></span> <span class='ocrx_word' id='word_1_690' title='bbox 759 4863 813 4928; x_wconf 87' lang='lat' dir='ltr'><strong>per</strong></span> <span class='ocrx_word' id='word_1_691' title='bbox 843 4844 985 4927; x_wconf 83' lang='lat' dir='ltr'><strong>planetas</strong></span> <span class='ocrx_word' id='word_1_692' title='bbox 1024 4843 1196 4926; x_wconf 79' lang='lat' dir='ltr'><strong>corrigere3</strong></span> <span class='ocrx_word' id='word_1_693' title='bbox 1238 4844 1427 4907; x_wconf 82' lang='lat' dir='ltr'><strong>imstraoeus</strong></span> <span class='ocrx_word' id='word_1_694' title='bbox 1460 4839 1488 4902; x_wconf 86' lang='lat' dir='ltr'><strong>ie</strong></span> 
     </span>
    </p>
   </div>
   <div class='ocr_carea' id='block_1_8' title="bbox 386 5036 394 5067">
    <p class='ocr_par' dir='ltr' id='par_1_14' title="bbox 386 5036 394 5067">
     <span class='ocr_line' id='line_1_60' title="bbox 386 5036 394 5067; baseline 0 0"><span class='ocrx_word' id='word_1_695' title='bbox 386 5036 394 5067; x_wconf 88' lang='grc' dir='ltr'><em>Ι</em></span> 
     </span>
    </p>
   </div>
   <div class='ocr_carea' id='block_1_9' title="bbox 0 0 1653 5550">
    <p class='ocr_par' dir='ltr' id='par_1_15' title="bbox 0 0 1653 5550">
     <span class='ocr_line' id='line_1_61' title="bbox 0 0 1653 5550; baseline 0 0"><span class='ocrx_word' id='word_1_696' title='bbox 0 0 1653 5550; x_wconf 95' lang='lat' dir='ltr'><strong> </strong></span> 
     </span>
    </p>
   </div>
  </div>
 </body>
</html>
