3278 5550
140 252 206 327 462
560 256 591 313 ln
608 256 792 313 Οοιιιιιιιιιιιίι
809 260 840 312 de
859 260 963 314 motibus
980 252 1069 312 uude

141 439 270 505 plicitim
282 439 381 488 exilibus
400 437 535 489 contortum
552 440 592 495 sic.
612 446 640 488 ut
657 439 798 490 difficillime
810 440 891 502 possit
904 438 1034 489 enucleari.
1063 435 1181 488 (letemur
1198 445 1343 489 mmm.
1359 446 1373 482 s
1388 445 1475 498 ιιμ-

141 511 207 561 tibns
226 523 351 574 apparere,
370 523 421 557 rem
438 509 538 559 minime
556 511 635 560 levem
653 510 692 559 hic
711 512 822 575 attigisse
836 511 982 565 Fabricium,
1002 523 1105 572 eamque
1118 508 1148 556 ob
1168 518 1277 559 causam
1294 518 1341 555 nos
1358 504 1478 567 ruis*

141 596 197 632 oum
215 581 341 631 schemate
359 577 418 640 (tt)
436 583 588 644 proposuisse
605 597 630 643 p.
649 579 692 636 85.
710 589 829 645 qnantum
847 582 900 631 lieri
918 582 1004 645 potnit

214 649 258 711 it)
277 667 301 715 p.
323 649 379 699 127.
412 651 486 700 l'ilins
505 652 545 701 hio
558 652 662 701 Fabricii
680 652 790 703 Joannes
810 661 862 701 tum
881 662 988 714 tempore
1000 651 1077 701 literis
1096 661 1197 712 operans
1216 647 1300 698 (labat
1315 645 1477 711 visseim.

142 724 209 775 undo
228 723 289 772 adiit
306 722 439 785 Keplernm
458 738 501 786 per
528 723 612 772 literas
630 721 666 783 (d.
686 724 710 772 d.
727 723 771 779 11.
792 724 865 773 Mart
888 718 983 784 1608),
1010 721 1158 785 praedicam
1184 722 1242 782 eJ’us
1270 720 1377 769 iurentu
1393 724 1479 781 etqu-

142 794 270 865 damtsnus
289 794 365 857 patris
384 795 462 842 serbis
479 808 632 858 repugnans:
662 794 735 853 „vidi
755 796 821 858 apud
838 801 966 858 parentem
984 807 1068 842 reram
1085 798 1155 841 tuam
1173 800 1260 840 motus
1279 788 1372 839 uuus
1388 787 1479 839 deh-

141 867 248 923 tionem
276 865 319 914 sed
337 865 376 913 rix
395 864 485 928 aliquid
504 875 648 928 extorqueo.
678 868 787 929 quamvis
806 867 954 929 descriptam
972 863 1113 914 habuerim.
1142 864 1212 926 culus
1240 868 1333 911 tamen
1357 874 1408 909 nos
1428 858 1481 924 sd

140 937 194 991 fleri
211 938 340 1000 particeps
371 935 426 985 Hoc
443 945 528 987 minen
546 937 594 986 ridi
607 944 632 986 et
650 938 753 999 ipsemet
765 946 878 1000 expertus
891 951 954 990 snm.
973 936 1036 999 qnod
1054 934 1114 983 nihil
1132 948 1196 996 pene
1211 947 1230 984 a
1242 934 1308 982 reris
1320 930 1479 991 obtusi*

142 1008 188 1059 scs
208 1008 337 1060 exorbitet.
357 1009 426 1070 cujus
444 1009 479 1057 roi
497 1007 631 1071 periculum
642 1008 690 1057 ieci
708 1010 734 1058 in
747 1009 954 1058 observationibus
967 1003 983 1055 3
997 1006 1189 1056 accuratioribus
1201 1013 1231 1053 et
1243 1019 1277 1054 ex
1288 1003 1394 1053 officina
1403 999 1480 1064 pr·

143 1081 181 1131 uis
200 1078 325 1137 decentis,
346 1093 402 1129 cnm
419 1079 445 1127 in
463 1080 544 1142 petris
561 1093 676 1130 moraron
707 1078 810 1144 Scripsit
826 1093 916 1143 parens
934 1078 968 1127 ad
985 1092 1033 1134 me,
1052 1076 1115 1141 qnod
1133 1076 1189 1126 Tne
1206 1074 1378 1125 Paestanus
1393 1072 1481 1123 hbsh

142 1150 174 1202 cle
190 1158 258 1201 motu
276 1150 365 1200 Martis
382 1150 446 1199 oveti
464 1150 561 1201 editura
577 1152 610 1200 sit
627 1150 717 1200 breri.“
920 1182 924 1199 .

213 1222 270 1272 lam
298 1236 369 1279 roro,
395 1228 424 1270 nt
441 1236 496 1271 rere
523 1228 610 1272 ιιιιιιιιι
628 1222 673 1272 teli
691 1227 761 1285 patre
788 1234 925 1286 agnetem,
954 1219 1102 1284 astrologica
1128 1223 1227 1268 mntem
1257 1223 1381 1281 spectsus
1404 1215 1479 1285 1¹*

145 1291 259 1354 „Nescia
279 1307 311 1341 an
329 1298 409 1342 motus
427 1293 490 1343 ratio
508 1307 560 1344 una
580 1308 636 1343 cnm
655 1293 744 1343 calculi
761 1307 874 1356 processu
899 1291 1012 1345 addatur.
1031 1291 1094 1355 qnod
1114 1289 1227 1354 equidem
1245 1294 1363 1351 optarem
1379 1286 1479 1339 maxi*

143 1379 210 1430 pere.
231 1371 259 1413 ιιι
272 1371 297 1413 et
315 1365 339 1412 in
360 1363 512 1429 astrologicis
525 1364 624 1414 daretur
642 1364 721 1413 laoilis
740 1365 780 1413 ris
793 1364 825 1413 sd
842 1363 1044 1413 internoscendos
1063 1376 1154 1411 errores
1167 1360 1335 1409 directionum
1349 1366 1377 1408 et
1395 1356 1477 1409 aliam

143 1450 239 1492 rernm,
266 1449 330 1500 quae
349 1436 432 1485 omnia
448 1436 535 1484 mutila
554 1441 581 1485 et
597 1448 689 1485 manoe
706 1444 765 1485 sunt
783 1435 836 1484 sine
861 1449 920 1484 vera
937 1434 1091 1497 planetarum
1110 1433 1276 1483 restitutione.
1316 1426 1377 1480 Non
1399 1441 1479 1492 ps·

144 1515 228 1558 autern
246 1521 327 1556 meum
345 1507 470 1555 inrenmm
489 1509 593 1556 reticere
611 1507 642 1558 de
660 1520 719 1557 vers
736 1512 911 1571 tempestatum
928 1505 1109 1569 praedictione.
1137 1505 1206 1566 onius
1225 1515 1315 1551 reram
1333 1501 1478 1550 namen·

143 1576 241 1629 modum
261 1578 293 1627 sd
311 1583 439 1640 parentem
457 1580 586 1628 transmisi.
607 1579 645 1642 qui
664 1577 728 1626 iilius
745 1578 875 1628 sentatem
888 1577 1039 1640 experientia
1052 1574 1224 1639 comprobarit.
1257 1570 1309 1621 Hic
1328 1570 1414 1621 modus
1428 1569 1477 1621 ab

142 1647 275 1700 infallibilis
294 1655 343 1706 est.
363 1654 392 1698 nt
409 1649 431 1697 si
448 1648 487 1698 rel
504 1657 640 1713 quaternae
658 1650 746 1698 fierent
763 1663 812 1699 uno
825 1649 864 1698 die
882 1648 1030 1698 mutationes
1043 1648 1116 1700 seria
1132 1657 1260 1709 nmquam
1278 1650 1368 1693 tamen
1385 1642 1410 1692 iu
1420 1652 1477 1706 p*

143 1719 247 1771 dicendo
265 1721 319 1783 quis
338 1720 443 1770 aberret.
472 1719 609 1770 Ventorum
626 1722 717 1770 notitia
734 1726 761 1770 et
778 1722 902 1771 conversio
916 1732 999 1767 eorum
1017 1724 1138 1782 perpetus
1154 1714 1319 1766 infallibiliter
1330 1713 1478 1779 wanuh

143 1790 207 1845 adeo
224 1798 318 1840 utnon
336 1791 398 1840 setis
415 1791 470 1841 Deo
489 1793 624 1856 gratiarnm
643 1805 718 1858 agere
735 1799 869 1856 queamus·
890 1790 935 1840 cc.

234 1862 273 1911 Ad
285 1876 348 1926 quae
361 1861 483 1925 Keplerus
496 1870 568 1927 „post
585 1863 609 1911 d.
631 1861 671 1913 10.
691 1862 753 1913 Nor.
773 1860 858 1911 itum
871 1861 996 1924 respondit
1014 1861 1098 1919 literis,
1117 1871 1178 1923 quas
1195 1858 1310 1923 integras
1321 1854 1364 1906 bic
1375 1852 1476 1919 udul-

143 1948 205 1994 mns,
225 1947 280 1983 cnm
299 1949 329 1982 ex
346 1940 416 1997 parte
433 1933 532 1999 quidem
550 1932 637 1986 eadem
654 1935 771 1992 reserent,
789 1948 853 1999 quse
871 1933 992 1996 Keplerns
1009 1933 1035 1981 in
1053 1929 1214 1995 superioribus
1233 1930 1294 1993 egit

223 2006 250 2061 S.
265 2007 296 2062 P.
310 2008 344 2061 D.
376 2007 450 2070 Quas
465 2009 500 2061 ad
515 2025 557 2061 me
571 2007 668 2061 dedisti
683 2008 778 2061 literas
796 2010 841 2062 ll.
857 2007 940 2061 biart.
972 2005 1079 2060 Fabrici
1094 2002 1257 2065 doctissime,
1276 2017 1330 2056 eae
1348 1998 1376 2053 in
1396 1998 1482 2053 sorte

143 2085 296 2141 lentissima
316 2095 441 2156 tempora
460 2087 619 2142 inciderunt.
654 2090 775 2141 Furebet
789 2087 861 2141 enirn
881 2087 989 2156 publice
1011 2086 1095 2148 Mars,
1116 2083 1187 2137 domi
1206 2099 1273 2135 vero
1287 2097 1368 2138 meae
1382 2080 1475 2147 Vetuit

144 2165 299 2237 privignam
320 2166 391 2221 enim
411 2167 555 2222 elocabam
575 2175 604 2221 et
625 2168 780 2237 nuptiarum
802 2174 942 2237 apparatu
964 2166 1054 2220 omnia
1083 2163 1306 2234 perstrepebant
1350 2160 1412 2218 Noli
1432 2157 1480 2221 ibt

145 2264 199 2318 que
218 2246 317 2311 mirari,
339 2249 409 2318 quod
430 2247 539 2302 illarum
560 2266 618 2303 sum
640 2249 750 2302 oblitus.
785 2246 949 2314 Abjecoram
970 2246 1033 2299 illas
1054 2261 1137 2314 super
1158 2241 1320 2297 fasciculum
1339 2243 1476 2300 litem

145 2322 213 2397 quaa
234 2343 253 2380 a
272 2334 320 2380 tuo
334 2336 450 2396 parente
472 2329 562 2382 haheo
577 2328 763 2382 creberrimas.
797 2329 853 2381 Vix
873 2329 983 2380 tandem
998 2328 1033 2380 ad
1052 2344 1095 2379 me
1115 2341 1231 2395 meaque
1246 2322 1340 2376 studia
1355 2332 1514 2387 reserate-2

145 2423 205 2463 eum
225 2407 309 2460 etiam
330 2414 411 2476 pater
432 2416 495 2461 tuus
516 2408 731 2477 pertinacissime
753 2409 858 2461 instans
886 2413 1026 2476 rumperet
1045 2407 1155 2460 tandem
1176 2404 1335 2458 diuturnum
1355 2398 1514 2456 silem-t-¹

143 2503 241 2549 nuum,
263 2494 327 2540 tuae
342 2488 414 2542 inter
434 2488 540 2557 patrias
560 2486 626 2542 mihi
641 2499 816 2542 occurrerunt
835 2488 920 2557 plane
941 2504 1038 2541 norae.
1075 2486 1141 2540 Cum
1162 2494 1277 2555 parente
1293 2491 1343 2538 tuo
1356 2480 1515 2537 haotttf„

145 2567 193 2639 egi
222 2574 255 2621 ut
274 2585 333 2621 cunr
361 2568 472 2638 aequali
497 2576 527 2622 et
556 2575 663 2622 tantum
693 2586 745 2621 non
773 2586 832 2620 oum
861 2567 1001 2636 discipulo.
1044 2564 1095 2628 Qui
1125 2573 1269 2647 postquam
1300 2580 1373 2617 nuno
1400 2554 1499 2632 μθ*

148 2647 268 2717 stipatus
297 2648 352 2700 filio
383 2648 505 2702 acerrimi
537 2649 639 2719 ingenii
667 2667 717 2702 nec
746 2666 834 2717 parva
855 2648 938 2702 etiarn
959 2646 1121 2700 inventionis
1142 2646 1282 2716 cujusdam
1307 2639 1478 2713 ιιοιιίιίιιίιιυΙ

144 2726 245 2800 gloria,
267 2728 415 2782 merebitur
435 2727 462 2782 in
483 2734 622 2798 posterum
643 2729 773 2797 majorem
788 2746 806 2781 a
819 2747 861 2781 mc
882 2728 1095 2781 venerationem.
1130 2726 1168 2780 Et
1188 2742 1317 2796 cuperem
1337 2721 1512 2791 eradicat(-

145 2824 182 2862 ex
204 2806 270 2861 meis
293 2810 326 2860 ad
348 2808 435 2878 ipsum
457 2808 544 2863 literis
559 2809 678 2879 pueriles
701 2809 777 2863 nimis
796 2809 889 2875 jocos:
908 2808 967 2874 jam
983 2807 1054 2860 onim
1068 2822 1206 2861 censorem
1227 2806 1312 2860 filium
1327 2812 1503 2874 superma-e

225 2887 426 2942 Commentariis
445 2891 553 2942 meede
568 2891 666 2951 Marto.
689 2889 834 2959 dequibus
856 2888 973 2959 quaeris,
991 2887 1051 2956 jam
1072 2886 1147 2940 ultra
1161 2904 1261 2941 annuns
1280 2886 1402 2941 haerent
1418 2874 1501 2951 ¹!ss

146 2968 352 3039 typographum
362 2968 566 3039 Heidelbergee
581 2987 640 3022 curn
665 2969 757 3023 formis
772 2968 871 3039 ligneis
886 2976 916 3023 et
929 2967 1060 3037 pecunia:
1076 2967 1146 3020 mira
1158 2984 1225 3021 sane
1241 2967 1354 3021 fortuna
1367 2964 1503 3019 istor-c

144 3054 288 3116 rerumque
317 3052 451 3102 mearum!
472 3077 512 3088 -
533 3050 618 3103 Recte
646 3066 754 3111 censes,
786 3050 899 3103 eandem
927 3065 977 3117 per
1004 3064 1096 3101 ornnes
1126 3047 1256 3115 planetas
1286 3063 1350 3100 esse
1375 3045 1503 3099 'fernz

144 3127 346 3198 hypothesium,
368 3128 539 3182 variantibus
561 3129 771 3199 quantitatibus.
809 3131 905 3199 ltaqrie
926 3128 1018 3182 videre
1040 3127 1119 3196 cupio
1141 3135 1204 3180 tuas
1219 3129 1252 3180 de
1266 3123 1397 3180 Mercurii
1416 3116 1494 3192 etsi*

145 3206 265 3262 ιιιᾶοιιιι
288 3207 428 3277 multoque
448 3209 537 3279 magis
561 3211 593 3261 de
607 3196 695 3272 Lina,
717 3226 788 3279 quae
809 3210 870 3262 sola
882 3208 945 3278 quid
967 3207 1106 3277 peculiare
1127 3206 1232 3261 hebere
1252 3207 1389 3263 hactenus
1407 3196 1481 3257 erefi·

145 3294 199 3350 tur,
221 3284 272 3340 nisi
293 3293 323 3339 tu
344 3287 492 3357 simplicem
517 3284 563 3356 (ut
582 3289 681 3352 refers)
696 3291 872 3359 persuadeas.
903 3289 982 3360 Rogo
997 3295 1029 3341 ut
1049 3287 1080 3340 iis
1101 3304 1144 3341 rna
1165 3286 1317 3357 impertias.
1352 3280 1495 3347 semus

146 3365 216 3422 enirn
240 3365 376 3422 hominum
400 3371 623 3423 contemnendum
652 3371 718 3423 duco
739 3387 839 3439 nuper,
862 3376 1005 3438 postquam
1027 3369 1053 3420 in
1075 3367 1161 3421 literis
1183 3367 1271 3438 patris
1285 3365 1329 3420 tui
1343 3360 1492 3451 dints‘ssiqs¹

145 3445 281 3523 neglectis
313 3446 450 3519 etiamque
471 3449 613 3503 contemtis
644 3450 678 3503 ob
708 3452 875 3503 schematum
897 3448 1006 3503 oculare
1035 3447 1141 3511 vitium,
1171 3465 1209 3503 ex
1229 3448 1373 3517 insperato
1402 3443 1486 3499 insen.

145 3526 313 3599 hypothesin
343 3546 396 3582 non
417 3529 496 3597 parri
517 3529 656 3584 momenti:
688 3548 758 3601 quae
780 3546 836 3584 una
856 3546 947 3582 omnes
973 3545 1048 3582 meas
1069 3527 1272 3596 speculationes
1303 3524 1435 3582 mentiost
1456 3518 1488 3575 lt-

145 3606 230 3663 aliam
251 3608 372 3672 formam,
393 3616 521 3664 manente
543 3609 648 3680 quidem
670 3611 742 3664 eseli
763 3611 860 3663 itinere
882 3609 1020 3663 tarditatis
1041 3608 1204 3678 inaequalis.

226 3689 268 3742 De
291 3697 485 3758 tempestatum
506 3690 691 3760 praedictione
713 3697 845 3759 exspecto
866 3689 1004 3743 inventurn
1025 3696 1115 3750 tuum,
1138 3690 1207 3759 quod
1229 3687 1312 3740 valdo
1341 3698 1435 3739 uereor
1450 3696 1491 3735 1·

146 3769 209 3839 plns
227 3767 332 3821 habeat
347 3767 478 3836 juvenilis
499 3770 613 3824 ferroris
633 3787 713 3840 quam
735 3769 873 3824 veritatis:
895 3769 975 3839 idque
996 3775 1075 3822 tanto
1089 3769 1187 3839 magis,
1208 3774 1314 3838 quanto
1335 3772 1367 3820 tn
1386 3758 1475 3834 spotia?
1523 3772 1527 3783 '

146 3848 217 3921 liora
236 3865 273 3900 ex
294 3866 327 3900 eo
348 3855 376 3901 te
397 3849 555 3918 praedicere
575 3867 657 3920 posse
678 3867 782 3920 speras.
818 3850 894 3911 Quod
916 3849 986 3905 enirn
1007 3848 1072 3903 mihi
1094 3865 1176 3917 super
1196 3848 1249 3902 hoc
1269 3845 1385 3918 negotio
1404 3841 1481 3896 rim-

148 3944 256 3998 semper
276 3928 342 3990 fuit,
373 3928 476 3998 idjam
496 3931 582 3983 multo
603 3931 721 3983 maxime
748 3930 867 3991 ridetur,
899 3937 1043 4000 postquam
1069 3927 1139 3981 idern
1167 3938 1233 3982 ante
1257 3925 1336 3981 1800
1357 3918 1480 3979 ιιιιιιιιίΙ

148 4007 270 4069 Gemino,
292 4009 319 4061 in
340 4007 417 4077 cnjus
438 4010 581 4064 lectionem
604 4028 691 4079 nuper
712 4009 798 4073 incidi,
821 4010 906 4063 risum
928 4010 1013 4062 titisse
1034 4008 1122 4062 video.
1164 4009 1262 4078 ltaque
1283 4013 1336 4061 aut
1351 4003 1416 4059 milti
1432 3998 1475 4056 ιε’
1507 4058 1527 4091 ¹..

145 4086 264 4163 inuentis
284 4095 406 4157 praesta.
428 4096 461 4143 ut
480 4090 562 4144 aliter
581 4090 715 4153 videatur.
738 4097 788 4144 aut
808 4106 826 4143 a
845 4107 888 4143 me
909 4096 1044 4159 exspecta
1063 4104 1159 4142 sanum
1181 4086 1338 4150 eonsilium,
1359 4102 1412 4157 qun
1428 4081 1486 4143 ir.

147 4166 191 4221 tili
210 4168 305 4222 labore
328 4165 407 4240 (quia
425 4165 607 4241 impossibile)
629 4170 762 4225 libereris.
802 4170 878 4224 Nihil
908 4170 977 4224 enim
1009 4177 1036 4222 'to
1058 4168 1155 4223 celabo
1176 4184 1286 4230 eorum,
1318 4182 1391 4239 quse
1410 4161 1487 4219 ribe-

146 4247 249 4317 buutur
269 4249 379 4321 cognito
399 4250 510 4305 invento
532 4258 588 4305 tuo.

227 4328 298 4381 Vale
319 4337 349 4383 et
368 4330 391 4383 si
405 4347 460 4401 qua
479 4330 653 4400 rescripseris
675 4346 749 4392 cura,
771 4335 803 4382 nt
824 4331 858 4383 ad
879 4329 980 4384 curiam
1002 4328 1230 4383 eoelestiastioam
1243 4328 1382 4384 Drondam
1401 4332 1493 4387 tm:
1515 4335 1527 4379 ἰ

147 4406 299 4463 mittantur.
1268 4438 1271 4443 .

182 4548 184 4552 Ι
235 4485 281 4535 liis
308 4487 409 4551 Kepleri
438 4489 647 4540 adhortamnibns
677 4497 758 4537 motus
783 4487 910 4538 Jobannes
939 4487 1058 4548 abjecisse
1084 4487 1180 4536 ridetur
1207 4487 1392 4545 „inventionem
1414 4486 1484 4533 'ss-

149 4556 334 4607 sentiendam
355 4556 435 4620 (nulia
452 4569 519 4610 certe
538 4569 619 4610 exstat
638 4561 747 4623 ejusdem
764 4561 888 4622 responsio
908 4559 940 4606 ad
957 4558 1042 4607 literas
1060 4560 1218 4621 praemissae,
1246 4570 1330 4623 neque
1346 4557 1416 4607 sotis
1430 4566 1479 4606 ot!-

150 4634 216 4686 Μ,
241 4643 300 4678 num
321 4630 409 4693 publici
425 4634 485 4695 juris
504 4632 593 4696 aliquid
612 4632 643 4679 do
662 4631 699 4680 his
717 4628 828 4690 iecerit).
857 4636 883 4678 et
901 4643 1010 4679 reversus
1037 4629 1070 4679 ad
1088 4637 1182 4692 patrem
1209 4630 1381 4697 asmonomicb
1405 4623 1479 4677 ab·
1522 4642 1527 4692 q

149 4700 200 4750 isse
226 4701 444 4759 observationibus,
471 4711 542 4767 patre
560 4704 586 4752 in
604 4703 642 4752 his
663 4703 726 4752 duce
744 4702 961 4765 praestantissimo.
993 4700 1100 4751 Detecto
1117 4709 1170 4750 tum
1187 4698 1305 4764 temporis
1323 4701 1383 4766 mbo
1402 4698 1486 4763 dots

149 4771 261 4823 maculas
272 4770 369 4822 Solaret
386 4774 476 4837 primns
494 4774 622 4839 conspexit
631 4773 759 4825 lohannes
771 4795 806 4806 -
819 4785 883 4823 suno
904 4769 1019 4820 11111-
1035 4784 1098 4836 quas
1116 4772 1228 4825 buon
1240 4768 1297 4821 Vel.
1310 4771 1346 4824 Π.
1357 4788 1383 4841 p.
1395 4769 1479 4823 Tib}

147 4843 256 4919 pluribus
272 4844 407 4899 retulimus.
444 4844 569 4925 blancum
586 4844 756 4902 reiortiilium
773 4850 845 4915 pstor
863 4844 894 4895 in·
906 4843 1065 4911 remoto
1083 4845 1110 4913 iu
1128 4852 1219 4897 mum
1237 4838 1319 4897 tota
