3278 5550
898 144 902 155 '
932 152 948 189 b

462 265 1057 349 commemoraremus..
1367 265 1428 339 tu

102 445 191 524 rodim
223 466 298 512 area
323 450 361 518 Δ
388 446 474 513 ΕΑΒ
502 455 551 511 eet
583 467 727 513 excessus
754 468 853 513 enom.
887 447 1005 511 mediae
1032 465 1125 528 supra
1155 465 1253 509 auom
1287 445 1429 522 scaenici,

103 536 158 599 hl*
179 555 254 618 ergo
275 555 348 617 pare
372 538 562 619 aequationis
594 558 654 600 ona
681 558 734 601 seu
764 539 899 623 physica.
945 536 980 599 Si
1004 532 1075 617 ergo
1102 536 1244 616 planetae
1267 535 1431 598 iterasset

103 626 202 689 ¹reulus
224 626 295 701 Er,
328 635 399 689 tnnc
432 627 573 708 trianguli
604 628 737 708 ejusdem
766 628 893 708 angulus
926 625 1026 688 ΑΕΒ·
1044 632 1126 686 esset
1158 625 1295 687 deiectus
1330 642 1428 687 auom.

103 721 261 799 aequatae
283 714 368 778 EBF
394 716 433 778 ab
466 716 571 780 eadem
605 736 704 779 auom.
734 717 865 780 eccentri
893 714 978 777 EAF
1005 723 1037 776 et
1064 713 1108 776 sic
1139 731 1210 793 pars
1238 713 1430 794 aequatioois

103 812 168 867 tera
193 823 249 866 sen
273 804 383 884 aprica
427 805 535 887 Itaque
559 804 693 886 ejusdem
717 806 860 887 trianguli
890 802 1056 884 aequatorii
1088 821 1177 865 area
1204 801 1323 884 quidem
1346 808 1430 865 esset

103 912 141 957 ιιι
163 892 304 976 physica,
337 893 491 975 angulus
522 913 593 957 vero
620 914 692 976 pars
721 895 823 975 optiea
852 892 1050 974 aequationis.
1097 893 1199 973 Atque
1222 891 1267 954 sic
1297 891 1428 954 haberes

103 1000 193 1044 naam
216 981 343 1045 duarum
367 983 582 1065 operationum,
608 985 684 1046 duae
709 983 787 1047 euim
810 1002 920 1046 causae
940 988 1011 1043 sunt
1033 980 1232 1062 aequationis.
1264 978 1335 1043 Jam
1357 981 1427 1042 vide

103 1070 139 1133 rid
161 1070 270 1134 turbet
293 1071 417 1154 ellipsis,
442 1073 501 1135 imo
526 1073 595 1153 quid
618 1072 765 1156 proficiat.
812 1073 955 1135 Maneute
979 1070 1058 1133 enirn
1081 1069 1179 1151 prima
1200 1077 1288 1150 parte
1312 1088 1427 1150 aequa-

103 1158 160 1223 mis
182 1159 316 1242 physica
336 1161 375 1223 ob
398 1180 507 1224 canses
532 1180 623 1243 sopra
647 1162 760 1237 dictas,
784 1162 848 1243 jam
872 1179 943 1241 pars
967 1157 1145 1241 optica,'ob
1168 1160 1336 1239 ingressum
1357 1159 1426 1239 pla-

103 1256 158 1310 tee
182 1249 224 1310 ad
250 1249 359 1326 latera,
382 1246 518 1312 variatur
541 1251 711 1331 quantitate
735 1252 836 1331 anguli
860 1248 951 1315 CBE.

155 1336 246 1399 Haec
279 1339 306 1400 si
338 1338 499 1420 diligenter
535 1340 774 1403 consideraveris
805 1341 983 1421 penitusque
1020 1336 1117 1398 auimo
1154 1335 1425 1416 comprehenderis,

103 1446 177 1489 usas
200 1427 315 1490 calculi
337 1428 396 1490 mei
419 1449 478 1491 non
501 1429 658 1492 miraberis
682 1430 821 1510 amplius,
844 1429 898 1490 sed
921 1428 1010 1501 scies,
1035 1426 1104 1506 quid
1123 1425 1229 1505 quavis
1249 1423 1425 1505 operatione

104 1534 159 1593 μς
183 1525 369 1596 computans
393 1517 471 1581 enim
494 1538 596 1581 aream
619 1518 701 1582 EBF
728 1520 772 1592 (h.
795 1538 822 1581 e.
847 1537 949 1580 aream
972 1515 1067 1590 BAE,
1101 1533 1172 1576 nam
1193 1513 1279 1576 EAF
1309 1532 1363 1595 per
1392 1533 1427 1575 ee

104 1608 179 1682 det),
204 1617 369 1685 computas
391 1626 538 1671 summam
563 1608 773 1670 distantiarum
798 1626 885 1669 areos
905 1605 958 1669 CF
979 1611 1012 1666 et
1033 1603 1077 1666 sio
1101 1623 1161 1666 una
1182 1611 1301 1683 tempus
1324 1621 1427 1665 morae

111 1690 172 1759 CF.
196 1693 269 1757 Hoc
293 1695 373 1759 enim
393 1696 437 1759 sic
460 1697 524 1759 vult
547 1706 665 1770 natura,
690 1705 724 1760 ut
747 1716 804 1777 qno
826 1696 945 1775 longius
968 1693 1093 1776 planeta
1117 1693 1212 1754 distet
1234 1691 1290 1754 hoc
1314 1691 1427 1755 diutius

104 1790 209 1847 oretur.
261 1782 450 1866 computans
473 1805 543 1847 vero
567 1786 721 1868 angulum,
751 1804 809 1848 uon
833 1785 915 1848 EBF
944 1784 998 1845 sed
1022 1780 1112 1857 GBF,
1137 1782 1250 1861 redigis
1272 1782 1428 1863 planetam

117 1871 277 1955 propriam
302 1882 334 1935 et
356 1875 472 1936 ovalem
497 1874 640 1951 orbitarn,
671 1886 704 1938 nt
722 1876 840 1956 justam
862 1873 976 1936 habeat
1004 1870 1181 1935 distantiam
1209 1889 1268 1932 non
1291 1870 1350 1933 ΕΔ
1372 1872 1426 1934 sed
1459 1893 1461 1896 ·

104 1960 140 2037 b3
161 1962 311 2044 utrinque
335 1962 425 2044 igitur
448 1965 590 2044 supponis
614 1964 671 2026 iter
695 1965 773 2027 idem
796 1965 937 2043 planetae
961 1959 1012 2024 FC
1037 1980 1095 2023 non
1115 1959 1177 2022 FE.

150 2066 351 2119 hbrieins:
370 2067 397 2120 Si
416 2069 505 2135 ellipsis
517 2078 562 2122 tua
574 2085 657 2121 reram
674 2070 822 2135 hypothesin
841 2070 987 2126 conformat.
1006 2083 1036 2119 ex
1048 2066 1092 2118 illa
1103 2079 1199 2132 quoque
1212 2065 1282 2116 dabis
1296 2067 1426 2124 raficum

104 2140 183 2193 'udo
201 2154 238 2189 ex
257 2136 274 2189 3
295 2141 449 2204 acrouychlis
474 2143 647 2193 ecceutricitas
665 2148 691 2192 et
709 2156 848 2207 apogaeum
865 2139 1054 2205 inquirendum,
1081 2138 1120 2188 rel
1138 2137 1254 2188 ostendes
1277 2150 1380 2188 cauam
1398 2151 1429 2189 ex

104 2210 215 2276 ιᾶμί.
239 2224 287 2261 our
304 2212 348 2262 illa
365 2214 458 2277 exquiri
476 2230 507 2264 ex
524 2215 601 2265 tribus
619 2230 669 2265 uon
687 2215 788 2278 possint
826 2213 853 2263 st
870 2220 952 2262 motos
977 2211 1135 2274 undiqueque
1162 2209 1241 2273 ellipsi
1268 2207 1428 2273 reappudem,

104 2296 127 2337 to
139 2284 274 2347 reciproce
293 2283 424 2334 “tendere
442 2285 517 2337 debes
539 2291 660 2349 tauquam
677 2300 694 2335 a
712 2286 792 2349 prlori.
811 2284 931 2350 quomodo
950 2297 981 2332 ex
1000 2279 1015 2330 ³
1035 2280 1189 2344 acronyohils
1212 2287 1293 2331 motus
1312 2282 1430 2331 consoni

104 2354 164 2415 ἡ
180 2361 213 2404 ut
234 2360 308 2405 certe
325 2353 377 2404 fieri
396 2369 467 2419 pone
485 2371 517 2407 ao
534 2358 624 2407 debere
643 2358 741 2407 omuino
759 2356 817 2405 mihi
835 2353 988 2419 persuadeo,
1017 2361 1043 2403 et
1060 2366 1135 2417 quam
1151 2351 1195 2402 diu
1213 2351 1257 2401 illa
1274 2353 1425 2405 constituere

105 2430 211 2491 npetu.
233 2432 292 2474 tam
310 2425 352 2475 dtu
369 2428 432 2476 ratio
451 2434 477 2478 et
493 2427 637 2492 hypothesis
655 2443 766 2478 verorum
792 2432 903 2475 motuum
925 2425 1002 2483 latet,
1030 2439 1077 2474 nee
1096 2423 1186 2487 ellipsis
1205 2430 1249 2473 aut
1269 2421 1321 2473 alia
1338 2423 1429 2475 fictitia

105 2508 151 2547 n
161 2496 293 2547 rarr‘sfaoit
311 2498 403 2555 animo,
421 2506 478 2550 utus
495 2503 572 2551 etiam
589 2507 671 2550 motus
689 2498 757 2550 coelo
776 2490 896 2549 consonos
914 2497 1043 2560 praebeat.
1062 2520 1097 2531 -
1120 2494 1204 2555 Quare
1223 2493 1287 2545 suda
1304 2495 1338 2543 mi
1355 2494 1428 2559 Kep-

105 2566 223 2623 ΒΗ.
254 2574 287 2618 ut
306 2582 336 2618 ex
355 2565 370 2617 3
390 2571 545 2635 sorouyehlis
571 2574 656 2622 atsdm
675 2578 702 2622 et
728 2576 847 2635 tauquam
866 2583 882 2618 a
904 2570 975 2632 priori
1003 2567 1215 2619 ecceutrieitatem
1240 2573 1265 2615 et
1288 2579 1427 2633 apogaeum

105 2636 219 2761 ἲ
235 2640 329 2705 P⁰⁸⁸5³=
349 2646 374 2690 et
386 2639 481 2707 ellipsin
500 2650 569 2693 tuam
586 2644 661 2694 facile
680 2642 781 2706 abjicies
800 2646 826 2691 et
837 2642 863 2690 tu
877 2653 980 2690 excessu
997 2639 1079 2703 potine
1097 2637 1181 2688 circuli
1198 2637 1278 2687 latere
1296 2636 1426 2688 veritatem

161 2780 363 2869 Keplerus:
388 2778 475 2853 Quae
498 2784 631 2866 seqnitur
654 2785 785 2866 objectio
809 2790 858 2846 est
881 2781 1047 2865 explanatio
1071 2799 1129 2842 nou
1148 2779 1288 2859 objectio.
1327 2776 1429 2851 Quid?

105 2870 172 2933 ιἰο
193 2871 242 2935 ita
266 2887 393 2933 avarum
415 2881 522 2953 putas,
554 2882 588 2936 ut
617 2884 683 2937 arte
715 2871 1003 2936 circumveniendum
1027 2869 1181 2932 existimes
1210 2869 1249 2931 ad
1273 2868 1429 2948 prodenda

105 2976 191 3036 moa,
217 2959 370 3041 quomodo
394 2981 432 3024 ex
455 2960 680 3045 3acronychiis
700 2961 877 3045 hypothesis
891 2960 1059 3024 habeatur?
1087 2959 1226 3021 Minime!
1263 2956 1335 3020 Jam
1357 2966 1428 3021 ten-

105 3046 184 3111 utin
208 3048 364 3111 Mercurio
387 3049 464 3114 hanc
487 3061 601 3125 artem,
625 3053 710 3131 cnjus
734 3062 782 3114 est
811 3049 927 3131 ellipsis
955 3048 1190 3131 evidentissima.
1238 3046 1300 3111 Sed
1328 3046 1429 3122 didici,

105 3154 203 3221 epm
237 3136 369 3200 omnium
403 3159 470 3202 esse
502 3140 771 3221 parabilissimam;
805 3140 870 3203 sine
902 3160 939 3201 ea
971 3139 1137 3219 conjectus.
1158 3137 1200 3199 fni
1234 3137 1263 3199 iu
1296 3137 1429 3199 coseieos

106 3246 215 3291 meros
239 3227 483 3292 molestissimos.
521 3230 574 3293 Sic
597 3231 758 3312 perpende,
783 3229 809 3292 si
828 3229 950 3291 daretur
964 3248 1024 3290 una
1038 3226 1209 3289 observatio
1224 3227 1254 3290 in
1277 3225 1429 3307 ipsissimo

106 3314 203 3390 ibelio,
230 3324 304 3378 tunc
327 3317 432 3380 statim
460 3319 558 3382 altera
581 3320 687 3382 addita
709 3318 882 3380 observatio
905 3318 1047 3405 proderet
1071 3316 1261 3399 hypothesin.

109 3470 113 3482 ,
156 3404 271 3468 Tribus
296 3423 367 3484 ergo
391 3407 472 3469 datis
495 3408 756 3471 observationibus
781 3409 810 3469 h.
827 3428 853 3471 e.
875 3408 963 3469 trium
989 3414 1218 3487 coaequatarum
1243 3403 1428 3480 differentiis,

106 3510 217 3575 mpara
240 3503 380 3574 tempora
402 3496 572 3576 interjecta.
612 3497 670 3560 Ubi
689 3497 785 3578 majus
801 3504 920 3575 tempus
939 3496 1076 3569 interest,
1100 3513 1154 3574 per
1168 3493 1296 3572 priorem
1320 3493 1427 3555 obser-

106 3581 224 3647 omem
248 3592 353 3646 statue
376 3584 528 3664 aphelium
552 3596 582 3648 et
604 3595 729 3669 perterre
752 3584 932 3668 hypothesin
955 3604 1008 3665 per
1032 3586 1159 3646 alteram
1177 3581 1427 3646 observationem.

106 3691 154 3737 nc
177 3672 219 3735 ad
244 3681 365 3752 tempus
390 3675 497 3735 tertiae
521 3674 741 3737 observationis
765 3684 907 3755 computa
930 3675 1026 3736 locum
1041 3693 1096 3754 pro
1111 3672 1203 3734 tertia
1218 3671 1427 3734 observatione

106 3774 158 3843 pue
182 3780 224 3824 ex
246 3761 408 3843 hypothesi
431 3762 485 3844 pe'r
508 3760 529 3826 2
553 3763 779 3827 observationes
804 3765 935 3825 iuventa.
983 3763 1016 3825 Si
1040 3763 1132 3844 igitur
1159 3760 1291 3823 calculus
1319 3759 1427 3823 obscr-

106 3850 227 3914 ationem
252 3849 403 3929 exprimit,
427 3862 581 3934 peractum
606 3863 654 3916 est
676 3853 840 3934 negotium.
888 3851 942 3915 Sin
966 3859 1067 3914 autem
1099 3849 1340 3913 observationem
1361 3850 1428 3912 cal·

106 3938 154 4003 rm
176 3938 341 4022 praecedit
362 3940 411 4004 vel
435 3942 579 4023 sequitur,
604 3951 675 4004 tunc
690 3942 847 4022 intelligis,
872 3942 1021 4025 aphelinm
1041 3942 1119 4003 falso
1134 3947 1313 4019 susceptum,
1338 3938 1430 4019 igitur

106 4028 300 4111 equalitate
325 4048 469 4092 excessus
493 4032 540 4093 vel
564 4032 701 4094 defectus
724 4033 851 4113 primam
876 4030 1115 4093 observationem
1140 4028 1234 4091 deduc
1249 4027 1288 4090 ab
1309 4027 1428 4109 aphelio

124 4136 204 4189 novo
228 4126 374 4197 suscepto
399 4120 517 4201 aphelio
539 4140 594 4200 per
616 4121 744 4202 primam
768 4129 799 4182 et
822 4120 1000 4196 secundam,
1025 4138 1133 4203 novam
1156 4117 1305 4181 constitue
1328 4118 1427 4200 hypo-

107 4207 185 4282 eeio3
220 4205 252 4268 id
286 4206 380 4270 toties
408 4217 512 4289 repete
540 4210 634 4272 donec
664 4229 718 4291 pro
746 4210 838 4272 tertia
866 4210 1076 4273 observatione
1107 4208 1238 4270 calculus
1271 4215 1427 4288 congruat.

107 4318 200 4380 rapu
223 4302 286 4371 est,
312 4303 346 4357 at
369 4317 457 4360 casus
482 4298 598 4360 omnino
623 4309 746 4362 coactus
770 4308 802 4360 et
824 4299 927 4362 unicus
951 4309 1009 4362 est.
1054 4297 1183 4380 Ἀτιχιια
1206 4305 1254 4358 est
1283 4297 1374 4360 etiam
1397 4297 1429 4361 in

107 4382 292 4451 amethodo
316 4405 354 4447 ex
376 4383 399 4450 4
422 4388 601 4450 observatis.
658 4388 703 4449 Tu
726 4389 797 4450 mihi
821 4387 922 4449 nescio
947 4389 1015 4470 qnid
1040 4384 1218 4467 suspicionis
1241 4387 1278 4449 de
1302 4407 1429 4450 excessu

107 4475 173 4539 reali
196 4472 346 4538 insinuas.
392 4476 532 4538 Frustra!
565 4476 665 4541 Nimis
696 4479 886 4540 confirmatus
915 4497 980 4540 sum
1008 4478 1045 4539 de
1075 4476 1198 4538 iuventa
1227 4494 1281 4555 per
1310 4476 1427 4558 ellipsin

107 4564 215 4629 nitate.
261 4563 305 4626 Et
327 4563 400 4647 qnid
423 4565 573 4644 argutaris
596 4567 632 4628 de
657 4568 803 4630 excessu?
840 4566 946 4629 Omnis
961 4565 1076 4647 ellipsis
1094 4576 1128 4628 ut
1146 4565 1248 4628 delicit
1271 4587 1290 4628 a
1314 4566 1426 4629 circulo

107 4652 198 4737 oloris
212 4653 363 4728 diametri,
378 4654 423 4716 sic
437 4653 556 4717 excedit
574 4655 716 4719 circulum
731 4656 853 4718 minoris
872 4657 1020 4720 diametri.
1057 4654 1265 4736 Oopernicaua
1278 4658 1427 4719 excedens

107 4742 273 4805 collisis.

146 4763 352 4887 'liepbriolusa
371 4830 398 4884 Si
416 4831 507 4900 ellipsis
526 4839 571 4887 tua
587 4835 740 4905 promomine
757 4840 831 4894 esem,
852 4840 877 4886 et
895 4833 1015 4887 distautm
1033 4831 1119 4888 aSole
1137 4833 1297 4903 responderet
1313 4833 1376 4895 loeo,
1395 4836 1429 4893 ad
