3278 5550
152 282 218 354 418
341 354 344 358 ,
399 274 404 291 ’
636 285 676 342 ne
693 286 802 343 norrun
821 276 1020 367 sarrae-jare·

154 476 303 542 causatur,
326 467 437 548 porrigi
459 468 489 529 in
509 467 713 547 longitudines
737 471 868 531 medias:
895 471 1006 532 dictum
1026 491 1098 532 vero
1114 471 1195 548 jam,
1211 469 1403 545 dianetum,
1421 492 1465 554 qur

155 559 341 620 latitudinem
366 567 515 631 causatur,
539 559 652 637 porrigi
676 559 705 619 iu
730 558 853 620 limites.
901 560 995 637 Igitur
1019 562 1044 621 si
1062 560 1172 622 limites
1183 550 1387 651 juffitrentur
1399 562 1465 623 medii

155 646 399 725 longitudinibus,
426 657 553 724 utraque
568 648 715 708 diameter
734 650 840 708 eodem
856 650 1074 729 porrigeretur;
1099 649 1201 727 itaque
1223 636 1465 712 innoconveniren

155 737 286 815 nihilque
325 735 499 815 prohiberet
528 736 597 815 quin
622 745 692 797 tunc
716 748 748 796 et
771 737 894 798 eaedem
919 758 993 799 csse
1010 734 1196 817 ΜΗ).
1245 740 1292 801 At
1315 757 1374 800 nou
1395 756 1465 800 coare

156 827 241 887 uiuat
263 824 332 886 nodi
357 844 409 886 seu
434 825 584 887 sectiones
609 826 766 903 eclipticae
790 844 879 887 verae
903 826 931 888 in
957 824 1108 907 apsidam·
1127 828 1161 889 In
1179 828 1281 890 Marte
1298 828 1465 890 lImeeborer

157 910 214 976 12⁰
237 923 285 976 est
308 921 378 975 ante
402 914 573 995 aphelium3
604 914 633 975 in
656 913 733 976 Jove
755 916 891 995 praecise
916 916 1088 978 coincidunt
1111 916 1195 978 limes
1221 917 1334 979 boreus
1358 925 1389 978 et
1409 917 1465 997 apte

152 1005 237 1077 lium;
262 1003 290 1063 in
314 1002 446 1064 Saturno
470 1001 531 1066 24⁰
553 1004 648 1064 nodus
671 1004 805 1085 sequitur
829 1005 995 1085 aplrelium3
1024 1005 1055 1067 iu
1070 1004 1158 1067 Luna
1175 1006 1331 1068 brevitate
1354 1005 1465 1067 circuiti

151 1112 220 1155 nurn
250 1092 349 1153 omnia
373 1093 509 1154 omnibus
532 1101 748 1172 permutantur.
793 1094 900 1175 Nudus
923 1093 1001 1156 enirn
1028 1114 1105 1156 nnnc
1129 1097 1158 1156 iu
1181 1114 1322 1176 apogaea
1345 1103 1400 1170 est,
1425 1113 1465 1155 nu

154 1183 182 1244 in
212 1180 399 1259 longitudine
423 1182 531 1250 media,
556 1201 634 1244 nunc
662 1182 690 1243 in
718 1180 887 1262 peribolio.·
921 1180 995 1246 Cum
1025 1183 1118 1263 igitur
1139 1192 1278 1264 ternpore
1302 1194 1336 1246 et
1358 1184 1419 1246 loco
1437 1182 1465 1245 dil

155 1274 254 1334 lerant
276 1272 333 1332 hae
357 1271 433 1332 duae
457 1272 594 1345 virtutes,
617 1271 760 1351 sequitur,
785 1280 818 1332 ut
841 1292 902 1337 uua
922 1291 981 1333 nou
1005 1271 1077 1333 siut.

241 1360 276 1421 Iu
314 1380 372 1421 uno
401 1370 501 1421 tamen
531 1368 562 1422 et
590 1361 694 1420 eodem
723 1379 847 1440 corpore
869 1361 1037 1445 planetarIo
1060 1361 1192 1425 renidere
1217 1368 1377 1443 utramque
1397 1360 1465 1421 aeui

153 1456 236 1521 toto,
275 1449 348 1509 nihil
379 1449 503 1529 impedit
532 1449 588 1510 nisi
618 1456 717 1511 motus
750 1468 803 1511 seu
834 1450 1007 1513 convolutio
1036 1448 1127 1530 globi.
1175 1450 1282 1528 ltaque
1314 1450 1340 1511 si
1365 1449 1465 1529 planete

153 1546 311 1599 moventur
340 1547 373 1599 ut
404 1538 505 1611 Luna,
545 1556 619 1616 quae
650 1557 708 1599 non
741 1539 930 1603 convolvitur
957 1539 1012 1601 sed
1043 1538 1168 1601 eandem
1197 1539 1286 1600 nobis
1311 1538 1465 1618 undequaqr

155 1626 288 1689 ostendit
311 1627 427 1700 laniem,
452 1627 525 1688 nilril
550 1627 675 1706 impedit
698 1646 850 1701 asserere,
876 1629 1009 1691 intextas
1032 1630 1225 1691 eent'mutuo
1248 1628 1378 1689 virtutes
1400 1637 1465 1688 utres

155 1735 220 1794 que,
246 1724 279 1778 ut
302 1716 492 1795 subtegmina
515 1726 585 1777 suut
609 1717 726 1777 intexta
749 1717 938 1779 staminibus.
986 1718 1069 1778 Tunc
1092 1716 1171 1778 enim
1195 1725 1263 1778 toto
1285 1714 1465 1798 onrporeple

50 1820 57 1835 ’
154 1815 244 1867 nctae
273 1804 364 1866 situm
387 1806 512 1866 eundem
535 1815 675 1887 respectu
698 1806 822 1867 lixarum
847 1807 1010 1881 retinente,
1042 1824 1107 1867 cnm
1137 1805 1220 1867 circa
1242 1802 1347 1867 Solem
1373 1803 1465 1865 veura

37 1892 45 1907 “
71 1938 76 1947 .
111 1912 256 1955 lemnes
286 1894 404 1955 orrrnino
435 1902 552 1973 tractus
579 1894 608 1955 in
638 1912 673 1954 eo
697 1895 860 1968 rectilinei,
895 1913 1059 1979 equorum
1081 1913 1205 1956 numero
1230 1902 1303 1956 sunt
1326 1894 1402 1954 duae
1421 1894 1465 1953 islr

150 1982 299 2054 diametri,
325 1983 414 2044 situm
437 1980 611 2070 retinebunt
634 1984 759 2045 eundem
783 1985 821 2045 ad
846 1984 932 2049 lixas.
978 1980 1034 2045 Sin
1064 1992 1166 2045 autem
1197 1983 1235 2044 de
1259 1972 1391 2059 Telfin's
1410 1980 1465 2061 glab

152 2070 265 2151 agitur,
291 2071 357 2151 qui,
381 2070 693 2155 praeterquamquod
716 2072 924 2135 circumfertur
946 2092 1044 2135 annuo
1067 2072 1181 2152 spatio,
1207 2071 1299 2133 etiarn
1323 2060 1465 2141 circuunt

152 2162 231 2222 vitur
265 2161 293 2221 in
326 2162 389 2221 dies
421 2161 573 2241 singulas,
604 2169 668 2223 turn
696 2158 726 2221 ia
750 2181 860 2241 magua
884 2160 1071 2225 dubitatione
1094 2180 1152 2223 uon
1176 2161 1275 2222 miuus
1300 2179 1389 2240 qnam

153 2250 343 2331 can...LVII.
373 2250 574 2330 relinquimur.
615 2250 706 2312 :Nam
738 2252 763 2311 si
787 2270 894 2331 corpus
919 2248 1122 2324 convolvitur,
1151 2248 1243 2313 auin
1265 2250 1333 2311 sola
1357 2249 1404 2310 dia

152 2339 302 2411 virtuoea,
342 2358 418 2418 quae
455 2346 504 2399 est
528 2338 694 2423 parallelos
727 2340 775 2400 axi
806 2350 904 2400 motus
928 2339 1143 2412 convolutam:
1176 2346 1281 2413 met
1303 2347 1437 2399 constane

151 2427 207 2489 sibi
241 2427 299 2509 ipsi
335 2426 554 2508 aequidistann.
613 2424 730 2498 Quodsi
763 2430 893 2490 maxime
922 2428 1011 2489 aliam
1043 2428 1165 2509 insuper¹
1190 2426 1283 2506 priori
1307 2427 1413 2488 interte

151 2517 255 2591 dicas,
296 2536 371 2597 quae
392 2508 581 2579 *latitudines
613 2524 768 2592 causetur,
806 2517 932 2579 alterius
964 2515 1076 2596 speciei
1100 2515 1259 2577 virtutem:
1295 2516 1350 2578 illa
1380 2514 1440 2576 easd

149 2608 258 2687 plagas
282 2606 457 2667 observabit
479 2626 544 2668 curn
569 2625 625 2667 axe
642 2606 819 2681 volutionis3
844 2614 948 2686 utpote
970 2606 1051 2669 oirna
1071 2625 1157 2685 quem
1176 2605 1230 2666 illa
1248 2622 1358 2671 caum
1372 2604 1465 2666 circen

47 2686 54 2699 ⁸
153 2694 268 2770 scribit,
293 2697 377 2775 cujus
400 2693 668 2775 plagas‘siugulas
691 2703 853 2775 peragrat3
878 2697 980 2777 itaque
997 2692 1063 2775 jam
1086 2694 1125 2754 ad
1149 2695 1273 2756 dextras
1292 2694 1358 2774 jam
1373 2688 1465 2754 adside

152 2794 234 2847 etras
257 2804 366 2859 nuens,
396 2800 515 2865 corpus·
531 2784 653 2847 tandem
677 2785 705 2845 in
730 2784 859 2846 mediam
882 2784 1003 2865 plagam
1026 2783 1154 2858 inducit,
1177 2802 1268 2867 quarn
1292 2776 1465 2864 spectaturi

150 2892 368 2936 conversionis.

240 2962 335 3039 Igitur
368 2961 394 3023 si
423 2960 531 3039 glebas
557 2960 706 3034 volvitur,
741 2969 811 3023 tuuc
841 2962 929 3040 hujus
953 2962 1073 3024 virtutis
1097 2961 1314 3027 declinatoriae
1339 2958 1465 3041 subm

151 3060 204 3113 aut
227 3071 285 3112 nou
309 3058 356 3112 est
380 3069 511 3129 corpus,
534 3048 589 3111 aed
612 3050 749 3133 spiritale
773 3051 941 3131 quippiam,
970 3060 1105 3112 autnon
1128 3058 1178 3112 est
1199 3050 1283 3112 idem
1307 3036 1465 3133 corpna‘l

152 3136 288 3220 spiritale
312 3139 475 3219 quippiam,
499 3140 647 3218 quamodo
668 3138 777 3221 plagas
801 3147 901 3201 tuetur
924 3141 1044 3215 mundi,
1067 3158 1130 3201 rem
1154 3136 1353 3220 corporeum?
1376 3146 1465 3218 etque

152 3228 240 3290 modo
264 3238 362 3289 motus
385 3228 463 3288 hanc
488 3227 618 3306 speciem
641 3226 888 3307 (declinationem
912 3250 931 3289 a
954 3229 1003 3289 via
1025 3230 1124 3307 regia)
1148 3229 1241 3290 infert
1268 3220 1420 3308 corpori!-
1447 3223 1465 3287 l

152 3319 284 3379 fortasse
309 3316 427 3378 facilius
452 3316 611 3379 inclinatur
632 3334 743 3399 corpur
764 3326 798 3379 et
818 3336 836 3379 e
858 3319 909 3378 via
932 3318 1051 3379 excedit
1072 3317 1157 3397 regia
1180 3317 1416 3405 (translatiouiq

154 3420 277 3468 causam
295 3406 431 3469 'interim
461 3405 576 3466 habeas
613 3414 804 3483 extraneam,
841 3426 878 3469 ex
902 3406 1006 3483 Sale),
1035 3424 1123 3487 quam
1147 3407 1184 3467 de
1209 3406 1276 3467 loco
1300 3406 1332 3468 in
1355 3406 1465 3469 locuit

151 3494 264 3577 proprii
293 3495 419 3556 motoris
450 3494 654 3559 transfertur?
698 3492 754 3559 Sin
789 3497 938 3557 malumus
972 3494 1136 3576 subjectum
1159 3495 1335 3575 corporale,
1367 3514 1387 3556 n

152 3586 239 3647 nobie
264 3583 468 3645 mechanicum
492 3582 658 3664 quippiam,
687 3585 851 3664 cujusmodi
883 3594 953 3647 sunt
982 3587 1121 3647 lucernae
1142 3584 1294 3667 quaedam
1305 3500 1465 3735 quiq

153 3695 228 3756 quae
253 3675 405 3754 projectae
430 3680 461 3733 et
484 3674 661 3737 convolutae
691 3694 751 3737 non
777 3682 880 3737 taruen
910 3675 1064 3736 effundunt
1086 3672 1193 3736 oleum.
1240 3666 1333 3737 Intus
1354 3670 1455 3737 euin'

153 3765 237 3826 clusa
261 3771 307 3824 est
331 3762 481 3842 ampulla,
518 3782 593 3841 quae
623 3760 793 3825 ventricoso
817 3764 947 3844 pondere
972 3764 1111 3825 deorsum
1132 3768 1233 3827 trenta
1256 3772 1289 3825 et
1312 3762 1359 3824 sic
1389 3762 1465 3824 reid

152 3873 209 3914 uon
233 3852 367 3932 sequitur
392 3859 502 3911 motum
527 3854 717 3914 convolutum
742 3854 887 3932 sphaerae
912 3872 946 3917 se
967 3852 1191 3915 circumdantis.
1238 3853 1289 3915 An
1311 3852 1406 3933 igitur
1421 3844 1465 3921 ni

151 3943 208 4003 hoc
232 3941 363 4003 Telluris
387 3941 476 4019 globo
501 3940 541 4001 sit
564 3940 688 4002 interior
713 3941 822 4021 aliquis
846 3942 963 4020 globus,
987 3943 1025 4002 ad
1049 3960 1137 4021 quem
1160 3942 1284 4003 diurnus
1298 3941 1465 4003 Telluriser

151 4029 272 4092 terioris
295 4037 394 4091 motus
418 4048 474 4088 nou
498 4037 655 4109 penetret,
688 4031 741 4090 sed
773 4031 821 4110 qni
847 4031 1014 4092 fortissima
1036 4029 1228 4092 inclinatione
1252 4032 1292 4093 ad
1315 4030 1465 4103 certm

152 4139 216 4181 rum
242 4119 308 4180 loca
331 4117 507 4192 retineatur,
532 4138 588 4197 quo
611 4118 709 4180 miuus
733 4121 865 4181 exterius
889 4137 997 4197 corpus
1020 4119 1188 4180 revolutum
1212 4120 1380 4201 sequatur?
1415 4104 1465 4181 lle

153 4208 282 4269 attinere
306 4208 383 4268 hanc
408 4207 613 4288 quaestionem
637 4215 668 4268 et
691 4208 829 4287 Terram,
859 4227 925 4288 cap.
949 4206 1095 4269 LXVIII.
1120 4207 1295 4281 audiemus:
1318 4209 1371 4271 ubi
1393 4206 1465 4285 eth¹

153 4297 335 4370 ridebimus,
374 4317 429 4370 an,
453 4299 610 4375 proposita
633 4316 687 4357 sex
710 4298 842 4377 planetis
875 4297 1015 4377 ecliptica
1037 4298 1139 4378 aliqua
1161 4296 1275 4371 media,
1308 4298 1374 4360 lieri
1394 4290 1465 4378 poeti

1216 4414 1220 4421 .
1416 4384 1434 4425 e

239 4514 266 4586 *)
287 4520 370 4573 Aliud
392 4525 436 4572 eet
457 4519 590 4575 diameter
611 4538 682 4591 quae
698 4518 930 4574 ecaentricitateru
949 4506 1088 4585 causat'ur,
1111 4522 1185 4577 aliud
1200 4504 1336 4595 dien&
1349 4518 1465 4579 horreat·

149 4600 204 4654 llla
224 4600 300 4655 reale
330 4599 470 4669 quippiam
490 4607 542 4663 est,
573 4602 643 4657 haec
673 4599 854 4673 imaginaria,
884 4603 919 4653 ad
940 4601 1145 4672 imaginandum
1165 4602 1287 4657 illius-e
1365 4662 1373 4675 ι
1441 4582 1465 4657 ll

150 4681 305 4749 ubicunque
328 4679 462 4761 consistat
482 4681 635 4752 porrigitur
650 4681 676 4737 in
693 4679 915 4755 perpendiculum
936 4681 1027 4736 lineae
1048 4682 1172 4752 apsidum
1194 4700 1244 4737 seu
1258 4604 1465 4825 thnrff

152 4758 273 4815 tudinum
295 4759 442 4814 rmdiarum
457 4764 508 4814 sub
523 4762 601 4824 llxie;
623 4763 701 4829 haec,
723 4769 755 4817 ut
769 4776 829 4833 cap.
843 4758 975 4818 XXXIX.
998 4762 1106 4828 dictum,
1129 4780 1236 4837 semper
1250 4764 1279 4818 iu
1292 4780 1355 4838 rpeu
1381 4764 1465 4840 ιουτμῑ

151 4840 223 4900 Solis
243 4838 404 4917 porrigitur·
1372 4838 1375 4843 ¹
