3278 5550
658 107 721 162 sm
739 106 844 174 aare
881 107 963 174 capus
979 106 1010 161 ι.
1097 126 1100 132 ·
1456 105 1521 175 363

176 285 301 363 mnae,
323 283 477 367 longiores
500 294 589 348 erant
617 306 705 369 quam
736 289 820 370 ipsae
854 287 1030 363 distantiae,
1055 292 1142 355 tanto
1165 286 1229 349 lare
1248 285 1315 366 jam
1346 286 1448 367 plores
1472 288 1521 349 di-

174 372 491 532 ffiugffle'glffi
514 392 604 456 quam
628 386 710 449 ante.
744 378 825 440 Vide
849 386 949 440 autem
973 383 1006 438 et
1019 366 1158 439 effectn'm
1172 375 1262 455 hujus
1278 374 1389 438 calculi
1403 376 1520 439 seond-

188 596 218 650 ad
235 592 404 649 anomaliam
452 591 578 661 proditur
598 608 677 645 coae-
722 593 754 647 In
773 592 878 647 vicaria
898 610 962 646 vero
1019 589 1186 644 Diffestntia

220 674 371 745 simplicem
522 678 611 743 quata

202 765 405 830 ffl‘as‘w
473 764 598 843 41031‘
639 763 680 825 0“
748 763 873 827 41017‘
915 767 954 824 6“
1054 770 1159 848 14¹³,
1359 830 1364 841 ι
1400 830 1431 842 ..
1478 811 1481 815 ,

203 849 247 910 95.
276 847 324 909 13.
345 848 385 908 58
473 846 521 906 84.
550 847 597 906 45.
619 848 657 906 50
747 846 795 906 84.
826 847 872 906 37.
894 847 932 906 ta
1070 851 1089 910 8
1123 862 1157 927 †
1249 828 1513 879 P⁰¹¹⁰⁰⁰¹¹¹⁰¹d¹l⁰¹¹¹²¹

188 926 247 991 rae.
274 925 382 989 as.n
456 925 520 987 ιιι.
554 924 656 988 ,ιιι
729 926 794 987 ιιι.
845 930 872 986 ι.
896 926 931 986 ιι
1070 934 1163 991 5,.
1224 882 1233 1010 t
1293 899 1469 964 praecedens.

173 1053 384 1119 locentricitas
407 1074 522 1118 rursum
542 1054 627 1134 justo
650 1055 746 1117 minor
770 1054 912 1134 arguitur.
962 1056 1007 1118 De
1036 1066 1138 1120 cetero
1163 1079 1280 1120 errores
1305 1060 1392 1120 iidem
1417 1058 1520 1139 quiin

174 1147 298 1226 proxime
322 1144 527 1226 praecedenti.
582 1142 660 1206 Nam
692 1145 771 1224 quod
802 1145 889 1224 signa
922 1164 1098 1210 excessuum
1135 1149 1230 1228 signis
1255 1149 1424 1210 defectuum
1446 1165 1519 1228 per-

174 1243 324 1309 notantur,
349 1234 384 1295 fit
406 1233 476 1315 quia
499 1232 547 1294 hie
571 1232 739 1295 differentia
762 1233 896 1295 ostendit
915 1230 1031 1313 errores
1055 1239 1223 1300 anomaliae
1239 1245 1433 1319 coaequatae,
1457 1235 1519 1298 illie

174 1324 330 1388 eremeliae
353 1324 480 1385 mediae.
523 1322 624 1401 Atque
649 1323 697 1386 hic
721 1324 897 1384 est'modus
922 1324 1040 1386 tertius.
1460 1395 1463 1398 y

250 1411 525 1495 Propertionalinm
558 1410 637 1486 AG,
663 1412 720 1474 AF
748 1430 802 1493 pro
836 1411 991 1476 distantiis
1022 1414 1091 1491 AD,
1114 1415 1171 1480 Ac
1208 1415 1437 1490 substitutione,
1469 1413 1520 1496 qui

130 1540 145 1587 ·.
174 1511 288 1585 quartus
313 1510 362 1564 est
386 1502 501 1575 modus,
527 1501 634 1562 facturi
659 1519 760 1563 sumus
783 1519 838 1582 pro
863 1500 978 1564 duabus
1001 1512 1064 1566 tres
1088 1514 1192 1586 partes
1208 1505 1406 1586 aequatioois.
1440 1503 1519 1566 Nam

169 1593 284 1675 planum
309 1590 395 1654 OAD
417 1590 541 1652 metitur
564 1589 776 1652 distantiarum
801 1588 866 1665 ΟΔ,
891 1590 951 1654 DA
975 1613 1129 1657 summam.
1175 1595 1279 1674 Longe
1308 1595 1398 1674 igitur
1420 1593 1518 1655 minus

170 1691 214 1759 est
237 1702 326 1763 quam
350 1681 416 1756 Fa,
442 1679 504 1742 GA
526 1678 670 1741 linearum
695 1698 818 1742 summa.
863 1679 911 1741 Ac
936 1683 994 1743 etsi
1016 1684 1194 1746 medicinam
1213 1686 1372 1746 afferamus
1392 1682 1520 1744 similem

167 1771 262 1846 illius,
296 1789 371 1852 qnae
395 1769 491 1850 primo
514 1769 603 1830 modo
628 1768 686 1833 fuit
708 1769 858 1830 adhibita:
894 1777 994 1833 tamen
1019 1773 1199 1852 duplicaturi
1223 1793 1325 1836 sumus
1349 1791 1474 1834 errores.
1484 1769 1519 1845 *)

153 1858 242 1945 *curn
274 1861 353 1922 enim
391 1860 476 1942 ipsae
512 1857 676 1921 distantiae
704 1858 827 1921 tolerari
850 1869 1020 1940 nequeant,
1055 1862 1092 1924 ob
1115 1863 1236 1924 nimiam
1260 1882 1344 1924 suam
1367 1862 1398 1923 in
1421 1859 1519 1923 medio

147 1948 392 2037 longitudinem,
417 1948 516 2010 miuus
540 1957 628 2011 erunt
651 1948 825 2010 tolerabiles
840 1950 1090 2029 proportionales,
1115 1960 1221 2031 utpote
1237 1951 1399 2030 longiores.
1435 1948 1521 2011 Etsi

135 2038 240 2123 -f‘libet
271 2040 342 2101 illas
364 2039 491 2118 probare
517 2038 626 2100 ellectu
645 2037 761 2111 calculi,
788 2037 931 2114 invenies,
957 2041 1125 2102 anomaliae
1148 2041 1266 2102 mediae
1291 2034 1352 2104 53⁰
1374 2035 1429 2103 23*
1453 2033 1540 2104 56”.

145 2126 346 2213 ‘respondere
377 2134 575 2208 coaequatam
606 2124 669 2191 46⁰
699 2123 746 2202 0⁴,
780 2147 855 2207 quae
888 2127 918 2188 in
942 2129 1055 2193 vicaria
1077 2131 1213 2210 proditur
1238 2137 1356 2192 tantum
1379 2123 1442 2190 45ο
1463 2123 1519 2193 27⁴

144 2219 295 2294 '’hctoa
321 2213 582 2294 differentiatt‘,
606 2217 695 2298 plane
720 2214 860 2280 absurda.

566 2393 695 2455 Modus
727 2393 878 2475 quintus
912 2402 948 2456 et
979 2403 1118 2458 sextus.

255 2518 333 2584 Cum
363 2518 455 2599 igitur
485 2525 613 2599 quatuor
643 2517 691 2580 his
723 2519 821 2580 modis
851 2518 927 2580 nihil
956 2520 1138 2593 effecissem,
1172 2525 1242 2580 tunc
1275 2536 1340 2579 cum
1371 2517 1522 2580 anomalia

160 2611 267 2689 ,nodia
291 2617 322 2672 et
353 2608 508 2671 distantiis
537 2607 582 2668 illi
613 2608 778 2687 assignatis
808 2608 999 2687 (operatione
1031 2608 1150 2688 quinta)
1181 2605 1309 2668 transivi
1331 2606 1363 2667 in
1386 2605 1521 2668 tabulam

143 2700 371 2784 .-hypotheseos
394 2698 523 2760 vicariae
547 2716 612 2778 cap.
637 2697 727 2771 XVI,
752 2704 784 2759 et
806 2698 973 2760 anomaliae
998 2716 1068 2759 vere
1092 2703 1288 2778 coaequatae.
1334 2695 1522 2758 Resumatnr

128 2830 132 2835 -
156 2782 291 2863 [schema
306 2785 358 2852 99.
401 2787 484 2848 Tunc
508 2787 577 2867 quia
600 2786 764 2871 distantiae
783 2788 839 2848 AF
862 2789 893 2849 in
916 2788 1027 2866 gradus
1050 2786 1185 2866 integros
1210 2784 1379 2847 anomaliae
1402 2784 1521 2847 mediae

119 2878 124 2893 “
175 2878 235 2943 lBF
256 2879 305 2939 vel
330 2877 404 2957 mn
428 2883 632 2956 competentes
663 2876 875 2955 competebant
906 2877 998 2938 etiam
1022 2877 1051 2937 io
1075 2876 1187 2955 gradum
1211 2881 1242 2935 et
1269 2874 1412 2937 minutias
1444 2891 1521 2936 ano-

175 2968 277 3031 maliae
315 2973 499 3047 coaequatae
527 2966 620 3039 IAH,
652 2985 728 3046 quae
759 2967 788 3026 in
821 2966 925 3027 tabula
957 2966 1039 3028 dicta
1074 2964 1277 3045 respondebat
1307 2964 1372 3046 ipsi
1402 2961 1520 3024 mediae

119 3090 121 3137 t
176 3056 337 3121 anomaliae
360 3056 452 3129 IDH3
483 3055 574 3135 igitur
597 3073 674 3115 nono
704 3054 809 3116 reduxi
837 3054 893 3116 has
926 3055 1089 3117 distantias
1113 3076 1132 3115 a
1154 3053 1328 3133 coaequatis
1361 3051 1521 3115 anomaliis

119 3148 122 3155 “
176 3145 364 3228 sernpnlariis
387 3145 588 3226 hypotheseos
618 3143 749 3206 vicariae
773 3164 838 3224 cap.
863 3143 955 3213 XVI,
979 3162 1085 3223 nempe
1109 3145 1146 3205 ab
1175 3143 1250 3222 ipsis
1273 3142 1350 3205 HAI
1373 3141 1520 3222 inaequa-

176 3234 248 3298 libus
265 3235 337 3296 adc
377 3242 505 3315 equatae
520 3232 596 3294 HAI
618 3233 729 3311 gradus
753 3233 889 3311 singulos
912 3235 1078 3308 absolutos,
1101 3234 1158 3295 hoc
1175 3239 1223 3294 est
1237 3239 1341 3311 partes
1365 3230 1519 3314 aequales.

176 3325 294 3389 Decimo
318 3324 337 3384 i·
378 3341 424 3384 em
438 3321 482 3383 sic
496 3321 668 3383 constitutis
692 3322 846 3384 distantiis
870 3323 1003 3401 quaesivi
1026 3321 1276 3403 proportionales,
1301 3327 1334 3381 ut
1353 3320 1384 3380 in
1409 3339 1519 3400 opera-

119 3400 123 3517 }
178 3414 251 3476 tione
284 3412 418 3474 secunda
441 3417 591 3473 etsexta.
639 3411 802 3473 Undecimo
827 3419 858 3472 et
889 3412 1065 3473 duodecimo
1098 3410 1199 3473 addidi
1233 3408 1367 3488 singulas
1395 3409 1426 3471 in
1458 3408 1521 3470 suis

119 3528 123 3547 ·
178 3503 320 3565 elassibus
350 3501 464 3580 luitque
494 3519 610 3561 summa
641 3501 851 3562 distantiarum
885 3496 1076 3571 35770014,
1107 3519 1223 3561 summa
1255 3496 1521 3577 proportionalium

181 3585 357 3656 35092048.
384 3587 458 3652 Cum
468 3589 545 3650 enim
552 3590 616 3669 jam
626 3590 759 3651 brevium
770 3589 979 3651 distantiarum
991 3590 1091 3669 plures
1101 3589 1164 3650 sint
1173 3606 1260 3668 quam
1270 3587 1426 3666 longarum
1437 3585 1522 3668 (quia

180 3681 315 3760 perhanc
330 3677 560 3741 translationem
583 3678 793 3740 distantiarum
816 3679 923 3757 longas
939 3698 1042 3740 omnes
1066 3697 1184 3739 sursum
1202 3676 1348 3738 traximus
1363 3682 1394 3736 et
1407 3693 1521 3754 paucas

119 3786 122 3805 ²
183 3770 341 3844 eiecimus,
366 3767 582 3830 constituentes
606 3788 693 3830 arcus
712 3765 759 3831 IG
781 3768 848 3830 viae
872 3768 968 3829 ovalis
993 3786 1084 3847 supra
1106 3766 1186 3846 apud
1210 3765 1361 3845 aphelium
1383 3781 1520 3842 magnos,

177 3859 271 3921 etsie
292 3858 460 3921 tribuentes
488 3856 616 3936 singulis
645 3857 786 3938 gradibus
815 3857 982 3919 anomaliae
1007 3877 1065 3918 non
1088 3857 1171 3919 ΕΑΒ
1195 3863 1229 3916 ιιι
1251 3854 1281 3914 in
1303 3853 1398 3933 primo
1422 3852 1521 3928 modo,

188 3948 232 4010 aed
250 3947 348 4022 HAB,
372 3948 429 4009 boc
454 3954 503 4008 est
524 3966 594 4008 vere
621 3956 819 4027 coaequatae,
854 3946 988 4030 singulas
1015 3945 1197 4019 distantias,
1228 3962 1352 4024 quorum
1374 3941 1521 4025 paduam

190 4034 376 4120 insuperiori
408 4035 592 4098 semicirculo
617 4057 674 4099 non
699 4047 770 4098 sunt
791 4038 892 4117 plnres
916 4056 1005 4117 quam
1027 4035 1058 4097 in
1081 4034 1254 4107 inferiore):
1286 4032 1354 4093 bino
1377 4031 1454 4107 adeo
1477 4029 1520 4106 lit,

119 4150 137 4207 ‚t
192 4132 218 4184 ut
242 4147 297 4192 uon
329 4133 447 4187 tantum
470 4121 537 4188 360
569 4125 780 4188 distantiarum
812 4145 928 4188 summa
956 4125 1051 4187 minor
1082 4125 1192 4185 evadat
1222 4141 1310 4203 quam
1340 4115 1405 4184 360
1422 4117 1523 4182 'semi-

119 4220 129 4235 '
194 4210 403 4289 danatrorum,
433 4214 488 4276 aed
511 4214 602 4277 etiam
633 4215 899 4297 proportionalium
921 4233 1037 4276 summa
1064 4213 1160 4276 minor
1184 4211 1311 4287 evadat,
1343 4228 1432 4292 qnam
1455 4214 1523 4272 erat

198 4318 291 4368 lemma
311 4306 447 4387 ipsarum
469 4303 690 4370 distantiarum.

120 4404 148 4456 ὗ

133 4564 154 4610 ,a
265 4509 293 4586 ‘)
312 4515 346 4571 ln
365 4519 465 4586 quarto
485 4516 586 4568 conatu
607 4512 630 4567 ai
651 4510 677 4567 ei
697 4510 830 4567 medicina
850 4510 1003 4574 afferretur,
1024 4509 1103 4564 fieret
1115 4511 1275 4571 mensuum,
1297 4504 1369 4561 CBD
1383 4501 1523 4560 anomalia

119 4603 122 4621 ’
203 4590 276 4651 “¹⁵⁸²
296 4595 411 4667 illm
430 4593 504 4650 θᾹῙ)
525 4593 664 4657 nomam
684 4593 814 4648 seeundo.
855 4591 966 4648 Summa
985 4604 1051 4645 raro
1070 4589 1126 4654 ΕΔ,
1149 4588 1201 4642 GA
1220 4585 1356 4642 liuemom
1375 4582 1521 4641 walardo-

119 4648 152 4703 ἰ
203 4678 251 4739 ΠΝ.
268 4675 405 4734 mensalia
423 4674 519 4746 prima
