3278 5550
566 294 629 349 Para
645 294 736 349 Prima.
778 296 860 365 Caput
879 292 925 351 Vl.
1354 298 1416 369 201

115 476 159 538 las
186 474 306 549 munia,
337 480 369 535 et
394 474 551 537 metricum
577 475 806 557 intelligentiam
838 496 929 540 unam
950 476 981 539 in
1004 484 1107 540 centro
1129 478 1255 561 epieycli
1280 478 1420 553 colloces,

115 586 201 629 eram
234 566 264 626 in
295 582 420 643 corpore
452 562 612 643 planetae,
638 585 676 627 ea
706 584 782 646 quae
809 565 839 627 in
863 572 967 629 centro
990 566 1114 629 'lamam
1145 570 1269 647 (corpus
1299 570 1420 647 nempe)

116 654 215 735 piciet
240 664 271 714 et
294 650 462 717 circumibit
483 652 609 717 Terram
631 654 662 717 in
685 654 827 723 circulum
849 654 1055 737 inaequaliter,
1080 674 1156 737 quae
1179 675 1250 719 vero
1265 656 1295 719 in
1309 664 1421 737 puncto

116 742 333 806 :nmferentiae
357 745 478 823 (nempe
502 742 530 804 in
555 761 678 825 corpore
705 744 862 824 planetae)
885 743 1053 807 circumibit
1072 754 1205 809 centrum
1216 746 1422 825 incorporeum
1452 756 1461 779 ⁴

119 834 153 893 id
178 832 359 913 aequaliter.
404 828 574 903 Quaeretnr
605 831 697 912 igitur
720 841 754 894 ut
777 852 878 917 supra,
901 833 1007 915 quibus
1032 834 1085 895 illa
1106 828 1294 898 adminiculis
1317 834 1348 896 id
1371 835 1420 896 in-

116 942 248 1003 poreum
285 929 426 1001 punctum
464 920 686 983 circumveniat.
749 922 819 984 Non
851 922 930 984 enirn
970 941 1023 1003 por
1058 923 1272 1003 geometricam
1310 922 1420 1003 imagi-

116 1012 235 1085 ionem,
261 1019 295 1072 nt
317 1010 396 1089 qnod
418 1009 632 1089 geometricam
651 1012 696 1073 sni
713 1009 959 1091 imaginationem
969 1032 1026 1073 non
1038 1012 1188 1087 admittit;
1212 1022 1421 1091 necpunetum

116 1100 180 1162 bile
213 1100 247 1163 in
276 1118 336 1161 non
367 1117 490 1179 corpore
523 1102 571 1162 rel
595 1100 786 1179 imaginando
815 1101 980 1163 subsistere
1003 1108 1121 1181 potest;
1153 1109 1186 1163 et
1207 1120 1262 1163 nos
1285 1100 1421 1165 lrominea

116 1188 244 1263 ,nsmodi
281 1195 394 1267 puncta
429 1188 630 1269 imaginantes
658 1189 847 1251 adminiculis
883 1190 995 1253 utimur
1022 1188 1202 1252 tabellarum
1229 1192 1276 1252 rel
1301 1190 1419 1271 papyri,

116 1298 144 1339 re
170 1286 343 1341 tractorum
365 1277 503 1341 manibus
527 1280 576 1340 rel
598 1278 786 1341 meminimus
809 1298 864 1339 nos
887 1279 958 1341 olim
981 1288 1143 1341 tractasse.
1189 1280 1234 1341 At
1258 1298 1351 1359 neque
1367 1298 1421 1359 per

117 1368 231 1445 psicam
258 1365 449 1429 effluxionem
478 1368 598 1431 virtutis
628 1370 720 1449 (quae
748 1369 777 1429 in
806 1376 909 1430 centro
936 1366 1076 1449 epicycli)
1105 1388 1196 1451 usque
1224 1369 1262 1429 ad
1291 1369 1419 1431 circum·

117 1456 231 1519 entiam
255 1464 287 1519 et
309 1474 417 1535 corpus
438 1456 590 1537 planetae.
637 1458 706 1519 Jam
731 1457 807 1519 enim
831 1454 1007 1519 sustulimus
1030 1458 1107 1519 hune
1130 1458 1252 1521 uirtutis
1267 1458 1419 1533 effluxum,

120 1545 176 1609 isis
209 1544 320 1607 muniis
348 1546 506 1625 compositi
532 1558 631 1609 motus
658 1548 738 1609 inter
765 1547 851 1608 binas
875 1556 1001 1609 mentes.
1048 1544 1130 1617 Quin
1153 1548 1247 1609 ctiam
1270 1546 1298 1607 in
1321 1544 1420 1625 prima

131 1634 307 1697 eeeentrica
329 1635 460 1697 motione
488 1634 657 1710 dubitatur,
689 1656 727 1698 an
750 1635 845 1697 virtus
869 1634 970 1716 aliqua
993 1634 1150 1707 naturalis,
1174 1637 1213 1698 ad
1236 1646 1347 1697 motum
1369 1634 1419 1697 in-

117 1726 226 1787 cudum
252 1734 436 1803 comparata,
461 1722 560 1805 possit
582 1726 612 1787 in
635 1734 744 1805 puncto
767 1724 867 1804 aliquo
890 1724 1072 1799 subsistere,
1096 1724 1174 1805 quod
1197 1726 1276 1787 omni
1297 1724 1419 1805 proprio

117 1831 194 1893 pore
220 1814 347 1875 careat?
370 1814 464 1876 molto
487 1814 585 1893 magis
608 1835 646 1876 an
669 1814 840 1894 hujusmodi
863 1814 1037 1893 incorporea
1061 1814 1156 1899 uirtus
1179 1834 1212 1877 se
1227 1812 1420 1895 ipsamcirca

117 1922 195 1965 rram
218 1901 450 1983 circumagitare
473 1914 505 1965 et
527 1904 564 1965 de
588 1904 654 1967 loco
678 1903 708 1965 in
722 1903 820 1965 locurn
836 1901 968 1967 transire
985 1902 1109 1985 possit?
1132 1910 1164 1965 et
1178 1905 1274 1967 multo
1288 1902 1419 1965 maxime

137 2000 257 2055 motum
285 1992 338 2053 alii
365 2010 421 2073 per
450 1993 592 2055 ciliorum
623 2010 661 2053 ex
691 2012 723 2053 se
751 1992 819 2073 ipsa
846 1992 1065 2055 communicare
1094 2012 1148 2055 aen
1175 1991 1284 2055 inferre
1306 1992 1415 2075 possit,

118 2080 139 2143 li
164 2080 273 2143 innixa
296 2080 413 2163 corpori
435 2102 489 2143 ceu
512 2080 604 2143 nido?
649 2082 728 2144 Nam
752 2101 828 2162 quae
853 2080 992 2143 sublimia
1007 2080 1200 2155 deserentia,
1224 2088 1316 2157 motu,
1340 2080 1417 2157 loco,

118 2168 299 2233 erationibus
330 2170 485 2233 beatorum
513 2172 687 2251 angelornm
715 2180 746 2232 et
774 2177 984 2251 separatarum
1005 2170 1149 2233 mentium
1172 2170 1245 2234 milri
1267 2182 1418 2247 opponere

118 2259 158 2341 qni
190 2258 312 2335 volent,
346 2260 569 2335 impertinentia
597 2268 678 2323 sunt.
724 2260 922 2336 Disputamna
950 2258 1029 2322 enim
1056 2259 1206 2322 derebus
1228 2258 1418 2323 naturalibus

119 2348 227 2409 nitatis
252 2348 340 2427 longe
363 2349 522 2425 interioria,
545 2350 582 2413 de
596 2348 756 2419 virtutibus
775 2348 855 2411 nullo
877 2347 1001 2411 arbitrio
1016 2349 1054 2411 ad
1070 2348 1245 2411 variandam
1269 2348 1419 2413 actionem

118 2456 153 2499 mr
167 2438 244 2513 usis,
260 2437 297 2498 de
312 2436 461 2501 mentibus
474 2436 593 2501 minime
610 2458 683 2500 sane
698 2438 857 2518 separatis,
874 2458 939 2500 cum
959 2436 1020 2499 siut
1035 2438 1211 2517 conjunctae
1226 2446 1258 2501 et
1273 2440 1418 2517 alligatae

119 2526 245 2605 rporibus
260 2526 441 2589 coelestibus
455 2526 611 2591 vehendis.
634 2528 735 2607 Atque
745 2526 820 2589 baec
831 2526 861 2587 in
871 2545 979 2607 genere
988 2528 1162 2589 Ptolemaeo
1176 2528 1265 2607 objici
1280 2538 1416 2608 possunt.

163 2621 220 2687 sed
247 2624 360 2705 aliquid
392 2624 485 2687 etiarn
508 2626 683 2689 Ptolemaeo
712 2626 843 2693 dicatur,
877 2625 915 2687 ob
939 2626 1017 2705 quod
1041 2626 1070 2686 in
1093 2624 1194 2707 specie
1217 2647 1237 2687 a
1258 2643 1312 2688 suo
1336 2632 1418 2687 motu

119 2710 170 2773 edo
189 2712 278 2775 Solis
307 2713 459 2775 discedere
482 2722 515 2776 et
542 2722 737 2795 apparentem
767 2713 921 2776 nobiscnm
951 2714 1094 2794 amplecti
1121 2714 1204 2777 velit.
1249 2712 1370 2777 Etenim
1391 2713 1419 2776 si

119 2810 166 2863 rna
186 2821 314 2864 movens
337 2803 490 2883 planetam
514 2806 583 2876 (sen
607 2825 679 2878 nna,
712 2824 766 2865 seu
788 2801 921 2883 gemina)
949 2803 989 2864 ad
1011 2802 1115 2865 Solem
1146 2802 1287 2885 respicit,
1318 2804 1363 2865 ita
1384 2812 1420 2865 ut

119 2904 224 2953 rnetanr
259 2891 317 2953 irno
357 2893 422 2954 loco
459 2893 585 2974 epicycli
618 2902 736 2954 statuat
776 2898 943 2975 (epinyclum
977 2904 1022 2957 hie
1056 2902 1185 2975 intellige
1213 2902 1420 2968 Ptolemaienm,

120 2992 205 3045 undae
234 2990 429 3062 inaequalitati
455 2988 674 3057 inservientem),
701 2983 818 3061 quoties
843 2993 979 3044 centrum
1001 2983 1127 3063 epioycli
1151 3002 1167 3043 e
1196 2982 1316 3063 regione
1340 2981 1422 3043 Solis

120 3080 145 3141 rt,
167 3089 280 3151 quaero
304 3082 337 3131 ut
359 3090 465 3151 supra,
494 3090 547 3133 cnr
569 3072 669 3151 potius
693 3071 732 3131 ad
753 3082 896 3153 punctum
924 3072 1132 3151 imaginarium
1156 3074 1186 3133 P
1203 3072 1298 3151 (quod
1319 3070 1422 3135 Solem

122 3178 168 3219 nm
190 3177 245 3237 per
268 3160 299 3219 Σ
321 3168 456 3221 notatum
477 3160 542 3240 jam
563 3160 734 3240 praeeedit,
762 3160 826 3240 jam
850 3160 1002 3239 sequitur,
1031 3160 1098 3240 jam
1121 3179 1230 3240 supra,
1255 3160 1320 3240 jam
1343 3160 1422 3222 iufra

120 3250 152 3319 rt)
173 3266 264 3327 qnam
287 3249 326 3310 ad
340 3249 435 3328 ipsum
451 3248 532 3311 Solis
555 3268 662 3329 corpus
686 3250 851 3328 respiciat?
875 3258 928 3311 aut
942 3250 1089 3330 quomodo
1114 3251 1210 3313 virtus
1231 3250 1287 3312 illa
1307 3259 1421 3313 motum

120 3335 166 3397 ins
190 3340 221 3399 Y
237 3337 318 3398 circa
341 3341 373 3399 K
392 3338 515 3399 Terram
545 3338 697 3418 percipere
729 3338 848 3399 omnino
879 3338 996 3417 possit,
1028 3358 1094 3401 cum
1118 3339 1147 3400 in
1173 3343 1206 3401 Ψ
1230 3358 1337 3419 corpus
1362 3360 1421 3401 uon

125 3424 139 3485 l
168 3436 201 3487 et
224 3446 261 3486 an
285 3445 342 3487 non
371 3427 412 3489 sit
444 3426 653 3496 verisimilius,
688 3427 854 3509 epieyelum
876 3428 915 3489 ad
945 3428 1041 3489 lineas
1064 3429 1130 3489 ΚΣ
1158 3429 1332 3507 apparentis
1364 3428 1421 3489 loci

121 3512 164 3589 lia,
186 3516 307 3595 quando
323 3516 379 3576 hae
393 3535 447 3594 per
467 3526 601 3577 centrum
620 3515 746 3597 epicycli
769 3524 938 3593 transeunt,
962 3516 1105 3578 restitui?
1130 3516 1295 3579 Videamus
1318 3517 1421 3595 igitur,

121 3602 145 3663 id
174 3604 205 3666 in
239 3604 405 3667 eccentrico
443 3604 615 3666 immutetur
645 3623 698 3683 per
734 3606 908 3685 apparentis
939 3614 1037 3667 motus
1068 3604 1150 3667 Solis
1186 3606 1420 3687 usurpationem.

121 3711 203 3754 usum
226 3692 318 3771 igitur
342 3695 390 3765 (ut
413 3694 513 3773 prius)
538 3713 603 3755 cum
626 3697 654 3755 Γ
672 3692 725 3755 Sol
749 3706 780 3754 et
803 3696 836 3755 Ψ
856 3704 989 3757 centrum
1018 3694 1174 3756 ecccntrici
1199 3694 1280 3757 Solis
1303 3714 1370 3757 cum
1393 3698 1424 3755 K

121 3801 163 3841 rra
189 3782 219 3843 in
243 3782 348 3843 eadem
373 3791 420 3843 est
444 3781 533 3857 linea,
557 3784 601 3843 sic
624 3792 657 3843 ut
680 3786 741 3844 ΨΓ
759 3785 934 3862 apparentis
958 3793 990 3845 et
1012 3786 1075 3846 ΚΓ
1098 3785 1187 3847 medii
1216 3794 1314 3847 motus
1339 3784 1421 3847 Solis

121 3871 258 3943 ncidant,
288 3878 358 3931 tunc
383 3874 411 3931 Τ
431 3882 532 3932 centro
556 3872 680 3953 epicycli
705 3882 807 3933 manet
831 3874 877 3933 hio
900 3874 998 3947 locus,
1033 3875 1096 3935 sire
1121 3894 1173 3952 per
1196 3878 1228 3935 K
1234 3874 1263 3935 T
1280 3875 1344 3935 sive
1368 3892 1422 3952 per

121 3958 212 4021 l'sub
234 3958 301 4021 liris
326 3961 509 4039 designetur,
537 3979 665 4041 vereque
688 3962 812 4042 planeta
835 3971 883 4023 est
906 3964 934 4023 in
959 3962 1039 4024 linea
1061 3967 1091 4024 K
1098 3965 1125 4023 Τ
1144 3984 1197 4026 seu
1221 3966 1288 4025 ΨΤ
1307 3976 1339 4025 ct
1362 3964 1419 4025 imo

122 4048 289 4129 oepicycli
313 4049 355 4123 Φ,
390 4050 460 4129 qnia
484 4050 530 4110 hic
554 4059 585 4111 et
608 4050 666 4130 ipsi
688 4054 723 4113 Ψ
742 4062 773 4112 et
797 4050 853 4131 ipsi
876 4055 907 4113 K
928 4052 1079 4130 proximius
1103 4061 1170 4113 est:
1203 4065 1420 4133 proptereaque

122 4149 196 4199 neta
220 4157 290 4199 vere
316 4148 424 4198 erutus
449 4149 496 4197 est
519 4138 735 4217 inaequalitate
759 4141 900 4201 secunda.
943 4142 987 4201 ait
1010 4161 1076 4201 cunr
1101 4141 1154 4204 Sol
1178 4142 1217 4203 ad
1241 4144 1285 4203 sui
1311 4162 1419 4205 eccen-

122 4228 140 4288 :i
162 4229 244 4289 latus
269 4248 323 4287 scu
345 4227 548 4305 longitudines
572 4229 687 4289 medias
712 4230 802 4301 venit,
827 4230 997 4290 differentia
1020 4232 1096 4291 satis
1116 4252 1225 4309 inagna
1247 4232 1418 4294 intervenit.

122 4316 164 4377 rit
198 4317 278 4377 enirn
301 4316 354 4376 Sol
378 4335 397 4376 a
420 4319 446 4377 Γ
472 4316 501 4376 ἰιι
526 4318 557 4375 Σ
586 4328 617 4377 et
647 4318 815 4379 inveniatur
848 4319 927 4379 linea
957 4319 1045 4378 medii
1077 4332 1174 4381 motus
1203 4318 1285 4383 Solis
1309 4320 1420 4383 lirin

122 4406 187 4480 iate,
212 4416 245 4465 et
266 4405 344 4465 linea
364 4404 485 4465 visionis
509 4406 648 4483 planetae
673 4406 738 4468 Ktl
762 4407 790 4467 in
805 4407 899 4468 Libra
921 4409 1057 4488 praecise
1081 4408 1124 4470 illi
1150 4410 1299 4488 opposita,
1324 4422 1358 4471 ut
1381 4410 1423 4470 sit

122 4492 165 4555 :52
190 4494 271 4555 linea
295 4514 362 4555 una.
403 4492 484 4563 Quia
507 4513 576 4571 ergo
592 4496 783 4558 Ptolemaeus
807 4496 925 4569 statuit,
950 4499 1103 4575 planetam
1119 4498 1149 4558 ll
1172 4500 1201 4559 in
1225 4499 1282 4562 hac
1305 4501 1420 4562 visione

122 4582 281 4644 tenuisse
315 4584 475 4643 secundam
507 4583 767 4663 inaequalitatem,
802 4587 887 4665 ponit
916 4586 1005 4660 igitur
1028 4590 1054 4647 Z
1077 4596 1210 4648 centrum
1242 4590 1368 4671 opicycli
1392 4590 1421 4649 in

122 4670 242 4733 llinea.
293 4670 368 4733 Cum
396 4681 496 4733 autem
521 4674 589 4733 ΚΣ
614 4675 802 4754 superaverit
824 4678 895 4747 KP,
928 4694 1075 4753 apparens
1109 4676 1200 4755 igitur
1231 4679 1313 4741 locus
1337 4677 1419 4740 Solis

123 4762 225 4821 ‚ultra
248 4760 467 4839 oppositionem
491 4780 556 4821 cum
579 4762 709 4840 planeta.
757 4765 861 4843 Neque
882 4763 947 4823 ΚΩ
969 4764 999 4824 in
1023 4766 1189 4843 posteriore
1213 4774 1346 4847 ternpore
1366 4768 1421 4829 de·

123 4850 204 4923 indit,
228 4860 262 4911 ut
285 4859 452 4930 opponatur
475 4850 533 4931 ipsi
555 4852 632 4929 ΚΣ,
657 4852 711 4915 sed
733 4853 871 4917 ascendit
893 4872 999 4915 versus
1022 4853 1101 4931 ΚΦ,
1125 4854 1195 4935 quia
1217 4866 1321 4939 partos
1344 4859 1421 4920 imae
