3278 5550
447 285 478 336 de
496 283 684 336 Commentariis
703 285 733 335 de
751 290 819 336 motu
837 283 925 337 stelles
943 285 1044 337 Martie.
1379 284 1421 354 65

10 514 12 518 .
82 459 134 527 23⁰
158 461 328 525 anomaliae
355 463 473 524 accidet
501 470 535 524 et
565 462 645 524 circa
673 459 741 537 68⁰,
774 465 910 543 partibus
942 465 1106 528 sedenibus.
1163 465 1208 528 At
1240 466 1269 526 in
1300 467 1420 528 tantillo

82 553 168 633 spatio
191 554 281 633 plane
305 553 510 614 insensibilem
535 552 737 614 deviationem
761 573 838 628 esse,
863 573 987 615 necesse
1012 562 1074 627 est;
1099 574 1153 616 nec
1184 555 1261 616 enim
1285 555 1322 616 de
1337 555 1422 617 nnius

81 641 173 704 minuti
197 641 369 704 differentia
393 650 463 704 aute
487 650 518 703 et
542 649 611 720 post
635 659 800 720 apogaeum
823 644 852 703 iu
874 643 976 704 Marte
1001 644 1190 707 contendam.
1238 644 1323 705 Haec
1350 661 1421 724 ergo

10 726 22 803 ζ
81 738 240 803 causaest,
266 749 320 791 our
344 731 422 792 falsa
446 731 603 812 hypothesi
628 732 722 792 vicem
747 751 835 792 verae
860 733 998 810 supplere
1021 751 1175 812 queamus.
1216 733 1262 794 De
1283 733 1349 812 ipsa
1372 734 1422 796 via

10 846 30 877 ι
79 819 311 897 irrestigationis
334 819 544 882 existimabam
568 829 598 882 te
623 839 660 881 ex
683 820 847 882 schematis
871 823 1068 900 explicatione
1084 822 1239 883 certiorem
1259 822 1419 886 redditum.

10 916 33 947 ¹
82 909 238 983 Artificiurp
264 917 395 970 nonest
425 911 501 989 quod
533 928 571 971 ex
599 909 796 971 arithmeticis
826 910 900 971 disci
928 912 1040 989 possit,
1073 911 1126 972 sed
1160 912 1244 972 labor
1272 911 1422 974 immania.

10 1058 26 1076 „
82 997 257 1068 Quadratam
282 999 391 1071 falsam
424 998 491 1060 dico
523 1000 658 1076 regulam
681 1004 771 1072 (comp.
792 1025 815 1072 p.
839 1006 905 1072 ta),
940 1001 1010 1080 qnia
1042 1000 1068 1062 si
1100 1008 1147 1061 ter
1179 1000 1402 1080 operandum'
1393 1022 1424 1063 ιιι

10 1082 30 1157 r}
82 1088 192 1166 simplici
216 1088 325 1166 regula
348 1087 428 1162 falsi,
451 1088 500 1150 hic
524 1088 628 1150 novies
648 1089 710 1149 iere
725 1090 929 1178 operabimur
955 1109 981 1149 sr
974 1089 1061 1150 rllre
1076 1097 1191 1167 quater
1215 1090 1263 1150 hro
1277 1090 1423 1153 sedecies

82 1178 159 1238 Datur
182 1177 262 1238 mihi
286 1184 353 1237 tota
376 1177 531 1246 diameter,
556 1196 640 1280 pouq
659 1196 776 1256 semper
804 1197 870 1240 eam
901 1197 969 1240 esse
1000 1176 1107 1242 10000
1130 1179 1178 1239 vel
1202 1174 1312 1241 20000
1335 1170 1425 1257 pro'nt

10 1266 230 1370 Jplaeuerin
266 1266 376 1326 dantur
399 1266 500 1345 anguli
524 1285 590 1328 cnm
615 1267 694 1327 circa
718 1276 851 1329 centrum
887 1268 1044 1348 aequantia
1081 1275 1144 1328 tum
1178 1268 1258 1328 circa
1289 1278 1425 1331 centrum

10 1340 159 1439 {gnundi
186 1373 242 1415 seu
260 1353 373 1416 Solem.
413 1354 461 1416 llli
486 1357 595 1417 dantur
618 1375 656 1417 ex
680 1356 888 1418 differentiist
875 1365 1050 1460 temporum,
1076 1356 1181 1435 quibus
1206 1357 1322 1418 distant
1346 1375 1422 1459 qua-

80 1453 165 1506 ternae
191 1443 443 1516 observationem
476 1445 505 1506 hi
533 1464 570 1505 ex
599 1445 774 1507 differentiis
804 1447 973 1508 locorum
965 1466 995 1507 m
1021 1446 1126 1525 quibus
1151 1446 1235 1506 Mars
1259 1454 1307 1506 est
1330 1447 1426 1511 visua·

10 1567 21 1583 .
79 1533 192 1613 Oportet
217 1534 383 1594 observare
409 1534 464 1594 has
488 1535 571 1613 leges
596 1533 712 1607 (uam
703 1554 733 1597 ru
757 1537 862 1614 regula
885 1535 953 1597 falsi
969 1542 1139 1597 tractantur
1153 1536 1291 1614 exempla
1306 1553 1442 1614 semper·

75 1624 225 1684 meandum
246 1622 366 1702 aliquas
391 1624 505 1701 leges),
539 1630 571 1685 nt
595 1631 732 1684 tueamur
755 1620 775 1686 l
801 1625 868 1686 loca
890 1623 919 1684 in
943 1644 1001 1686 nno
1032 1643 1100 1684 esse
1132 1624 1255 1696 circulo,
1287 1624 1423 1705 quamvis

73 1712 114 1772 loc
135 1731 197 1773 non
223 1711 341 1772 veritas
366 1712 420 1772 sed
444 1711 620 1794 hypothesis
644 1719 748 1774 nostra
771 1714 881 1793 exigit;
913 1721 943 1773 et
972 1713 1059 1776 simul
1088 1721 1122 1773 ut
1150 1720 1285 1774 centrum
1314 1732 1422 1776 ecceu-
1432 1776 1436 1782 ,

72 1803 125 1862 trici
161 1800 221 1862 tali
246 1799 435 1879 proportioni
460 1801 600 1862 sufficiat
647 1801 747 1862 Primo
771 1821 849 1882 pono
873 1801 1091 1880 longitudinem
1123 1803 1254 1882 aliquam
1284 1796 1421 1876 mediam,

10 1821 20 1961 i
71 1909 136 1970 pono
152 1891 228 1951 rtem
245 1907 415 1968 apogaeum
432 1890 562 1971 aquuud
600 1891 650 1950 Ita
664 1891 768 1952 statim
787 1891 871 1953 initio
892 1890 1195 1970 faeiotpositiones,
1216 1891 1269 1951 sed
1286 1909 1447 1952 examrno·

70 1981 127 2040 illas
157 1978 305 2040 seorsim.
356 1978 469 2039 Positis
502 1980 548 2040 his
579 1979 694 2040 duobus
724 1981 830 2042 statim
858 1979 992 2060 seqnitur
1020 1980 1175 2059 quantitas
1208 1980 1400 2043 radiorum
1391 2000 1423 2041 ιιι

70 2068 225 2148 triangulis
251 2087 344 2146 super
367 2068 591 2129 eccentricitate
611 2088 687 2130 mea
726 2070 769 2130 Et
783 2080 853 2130 tnnc
868 2070 996 2131 habetur
1011 2070 1261 2149 quadrilatemm;
1285 2070 1423 2130 examino

68 2159 120 2236 ejus
141 2156 310 2237 oppositos
334 2158 469 2235 angulos,
495 2178 534 2218 an
559 2159 680 2218 valeant
703 2156 724 2221 2
747 2167 862 2232 rectos3
887 2158 1005 2230 sinon,
1031 2167 1112 2220 muto
1137 2177 1304 2237 apogaeum
1328 2167 1358 2219 et
1382 2159 1421 2220 ab

67 2247 140 2308 initio
164 2265 233 2308 rem
259 2254 366 2324 repeto
391 2254 530 2307 manente
554 2247 672 2308 interim
696 2248 882 2326 longitudine
906 2247 1015 2309 media.
1054 2249 1089 2308 Id
1108 2249 1200 2309 toties
1215 2247 1303 2321 facio,
1329 2247 1423 2310 dones

68 2336 303 2415 quadrilaterum
327 2334 369 2396 sit
391 2335 421 2396 in
445 2335 564 2397 circulo.
610 2335 660 2396 Ειι
682 2334 703 2399 2
725 2327 841 2398 vicibus
856 2337 882 2398 si
897 2343 978 2398 recte
999 2336 1053 2398 sim
1073 2345 1214 2415 operatus
1229 2339 1314 2410 (nam
1331 2337 1424 2416 longa

69 2434 108 2485 est
128 2423 289 2505 operatio)
314 2424 420 2485 statim
445 2433 581 2503 apparet,
607 2445 644 2485 an
670 2426 746 2486 radii
770 2427 914 2489 terminus
938 2426 1029 2486 cadat
1053 2434 1139 2486 extra
1163 2426 1271 2487 lineam
1295 2426 1422 2505 apogaei

70 2514 205 2591 positam
229 2514 261 2574 si
285 2513 355 2582 hoc,
378 2520 459 2574 muto
483 2532 553 2592 ergo
569 2514 785 2594 longitudinem
800 2514 929 2576 mediam
946 2522 1093 2595 utcunque
1119 2515 1203 2575 etad
1219 2534 1422 2595 quamcunque

76 2604 260 2665 motatorem
285 2609 391 2680 repeto
416 2601 516 2664 omnia
539 2604 606 2677 illa,
635 2622 711 2683 qnae
735 2603 872 2684 superins
896 2604 935 2665 ab
958 2602 1041 2664 initio
1073 2604 1219 2664 hactenns
1248 2612 1319 2665 snut
1341 2603 1423 2666 dicta

82 2708 234 2772 semperque
263 2709 347 2764 curo,
373 2699 406 2751 nt
429 2691 665 2770 quadrilaterum
689 2694 784 2755 sitin
807 2693 927 2754 circulo.
966 2692 1100 2753 Tandem
1119 2710 1201 2770 ergo,
1220 2692 1270 2754 ubi
1285 2692 1350 2771 jam
1368 2711 1421 2771 per

80 2776 314 2859 dloagdudines
341 2781 458 2841 medias
487 2798 605 2860 semper
632 2777 654 2842 4
686 2786 752 2845 loca
784 2783 814 2844 in
838 2782 948 2844 circulo
973 2780 1143 2861 repererim,
1176 2788 1316 2861 apparet,
1351 2781 1421 2861 quid

73 2869 187 2949 amplius
209 2869 253 2930 de
284 2869 472 2948 longitudine
496 2871 597 2932 media
620 2871 662 2932 sit
685 2871 862 2948 faciendum,
886 2880 921 2933 ut
944 2879 1078 2932 centrum
1100 2869 1221 2951 penitus
1239 2870 1330 2933 cadat
1344 2870 1421 2933 iuter

72 2956 230 3040 2reliqua.
534 2984 537 2989 ·
1028 2998 1034 3014 .

144 3049 233 3110 Haec
260 3045 317 3109 tibi
340 3046 401 3108 sint
431 3047 638 3113 instmctionis
671 3050 752 3124 loco;
780 3050 810 3111 iu
839 3049 897 3110 fine
925 3049 1035 3110 addam
1066 3048 1242 3128 exemplum.
1287 3046 1357 3109 Jam
1380 3048 1419 3111 ad

66 3136 129 3200 elia
165 3137 238 3200 Non
262 3142 355 3217 putas
379 3136 451 3198 mihi
471 3138 606 3200 sufficere
627 3157 746 3211 causas,
771 3158 823 3199 cur
844 3157 898 3217 pro
922 3135 1116 3200 mediuSolis
1142 3138 1206 3199 loco
1229 3155 1340 3211 verum,
1364 3154 1418 3216 pro

64 3245 266 3327 apogaeo-
286 3225 441 3305 aphelium
464 3226 684 3291 comminiscar.
730 3229 825 3291 Audi·
851 3229 905 3289 illa
928 3224 959 3290 6‘
982 3235 1053 3289 sunt
1075 3236 1283 3305 argumentum
1305 3244 1418 3306 parvae

62 3315 89 3375 iu
109 3317 222 3378 effectu
248 3313 435 3378 differentiae
454 3315 674 3396 hypothesium,
699 3316 777 3397 quod
795 3316 927 3378 visiones
929 3317 1062 3419 quidem
1079 3315 1275 3395 aoronychias
1291 3315 1416 3392 attinet;

62 3413 91 3465 et
112 3404 269 3479 indicium,
293 3404 373 3506 quod
396 3423 428 3465 re
448 3422 520 3465 vera
535 3406 648 3485 aliquid
672 3407 820 3480 differant,
846 3425 904 3468 non
927 3390 997 3466 'vero
1022 3413 1092 3467 sunt
1114 3405 1185 3466 milri
1202 3424 1295 3466 eausa
1319 3423 1418 3467 nova·

60 3494 151 3556 tionis
175 3492 332 3573 primaria.
379 3493 481 3554 Prima
503 3493 575 3555 mihi
599 3514 693 3557 causa
714 3496 771 3558 hoc
787 3495 914 3556 audendi
931 3494 1098 3597 speculatio
1113 3512 1188 3566 mea,
1214 3494 1250 3553 de
1275 3511 1334 3572 qua
1349 3494 1416 3556 vide

61 3583 200 3644 tabulam
221 3581 411 3644 Maestlini
402 3601 432 3643 m
456 3582 603 3665 Mysterio
627 3604 702 3648 meo.
748 3583 817 3646 Jam
840 3585 916 3645 haec
949 3591 996 3645 est
1019 3583 1084 3644 ausi
1107 3581 1301 3650 confirmatio,
1327 3582 1415 3662 qnod,

56 3691 125 3734 cum
147 3671 294 3733 dilieraut
308 3671 490 3752 hypotheses
508 3691 562 3751 per
575 3668 617 3743 θ’,
641 3694 710 3736 mea
723 3693 859 3736 verarum
874 3673 1095 3752 oppositionum
1108 3670 1284 3754 hypothesis
1299 3668 1423 3737 tantum

57 3779 117 3822 nou
140 3767 232 3834 erret,
257 3760 316 3821 imo
340 3760 488 3840 nuspiam·
500 3763 582 3825 ultra
605 3756 661 3844 1¹),
687 3764 735 3826 vel
756 3763 798 3825 2‘.
837 3763 940 3824 Tertia
955 3770 987 3823 et
1000 3762 1125 3823 evidens
1140 3780 1231 3823 cansa
1245 3779 1299 3822 seu
1313 3759 1414 3839 potius

54 3849 266 3924 confirmatio,
292 3849 370 3929 qnod
392 3868 478 3910 meae
502 3851 540 3911 ab
564 3850 682 3932 aphelio
706 3872 764 3914 non
788 3853 826 3913 ab
851 3869 985 3931 apogaeo
1009 3851 1156 3913 deductae
1180 3849 1345 3911 distantiae
1368 3849 1413 3921 (in

54 3959 131 4000 vera
154 3938 333 4018 hypothesi)
355 3939 562 4042 parallaxihus
586 3941 692 4003 annuis
716 3941 917 4004 satisfaciant.
965 3942 1010 4002 At
1033 3939 1185 4020 utriusque
1209 3938 1414 4021 hypotheseos

51 4027 227 4090 distantiae
241 4028 375 4090 multum
398 4028 468 4089 ab
460 4028 588 4092 mvicem
611 4030 759 4093 differunt.
805 4029 874 4091 Jam
900 4036 932 4090 tu
955 4030 1026 4091 mihi
1051 4028 1169 4090 conaris
1191 4028 1245 4089 illa
1268 4024 1299 4090 δ’
1324 4026 1412 4089 dilie-

49 4118 178 4179 rentiae
201 4114 335 4197 eripere:
358 4125 389 4178 te
413 4117 509 4179 minus
531 4119 664 4181 iuvenire
688 4140 707 4181 a
730 4118 923 4202 Tychoniana
945 4117 1106 4200 hypothesi
1128 4117 1283 4179 discedere
1305 4116 1412 4178 ohser-

50 4206 209 4269 rationes.
256 4206 344 4285 Nego
366 4212 398 4267 te
422 4206 518 4268 hoc
510 4209 670 4272 mvenisse.
716 4210 803 4288 Nego
836 4208 1014 4290 hypothesin
1042 4206 1194 4290 Tychonis
1226 4206 1307 4268 intra
1338 4207 1349 4267 1
1364 4200 1413 4288 ²,st

49 4295 242 4359 consentire.
279 4294 359 4357 Nam
382 4295 477 4376 primo
497 4295 667 4373 satoriam
691 4305 824 4377 tempore
848 4297 952 4358 horam
967 4306 999 4358 et
1013 4297 1141 4377 amplius
1163 4293 1275 4375 aliquid
1295 4296 1411 4359 deesse.

50 4386 133 4450 Aa
123 4405 158 4447 rn
184 4402 244 4446 una
265 4382 342 4446 hora
364 4384 604 4466 appropinquant
626 4388 685 4449 sibi
706 4388 782 4449 haec
805 4385 905 4448 sidera
923 4405 977 4466 per
991 4378 1075 4469 3,¹l2‘.
1122 4385 1238 4447 Deinde
1262 4384 1411 4457 concedis,

51 4475 173 4537 falsam
195 4492 264 4536 esse
286 4474 491 4537 reductionem
514 4475 553 4537 ad
577 4477 756 4557 eclipticam,
779 4495 834 4556 per
857 4495 946 4556 quam
971 4471 1022 4537 16‘
1046 4474 1198 4549 addidere,
1224 4492 1289 4536 cum
1309 4474 1360 4534 vix
1381 4474 1411 4537 1‘

51 4564 248 4627 debuissent
292 4561 374 4644 Ergo
397 4564 458 4626 alia
481 4573 552 4627 sunt
582 4567 650 4628 loca
680 4567 762 4640 visa,
787 4584 862 4646 quae
886 4563 1035 4646 Tychonis
1064 4563 1223 4645 hypothesi
1247 4563 1410 4643 quadraut3

50 4655 132 4715 haee
157 4670 232 4732 ergo
254 4652 329 4714 visis
352 4661 416 4716 tam
438 4671 531 4735 prope
554 4674 613 4717 nou
636 4656 775 4737 quadrat.
814 4655 858 4716 Tu
882 4654 926 4715 sio
945 4653 1180 4734 argumentaris:
1205 4655 1410 4732 complanata

51 4761 116 4806 non
138 4744 174 4805 in
196 4760 289 4803 verae
311 4742 365 4805 sed
388 4744 471 4806 visae
496 4743 663 4807 latitudinis
686 4747 795 4807 circulo
818 4753 972 4819 versetur,
996 4742 1181 4805 reducendus
1204 4749 1252 4803 est
1274 4759 1332 4802 non
1354 4759 1409 4821 per

53 4851 164 4896 veram
187 4832 243 4893 sed
264 4830 364 4895 visam
385 4832 588 4897 latitudinem.
634 4835 757 4898 Falsum
780 4833 975 4908 antecedens3
1004 4848 1066 4895 nec
1088 4838 1188 4894 tamen
1222 4830 1252 4892 id
1276 4830 1314 4892 ad
1333 4848 1407 4893 oon-

109 4939 203 4991 lqlert
216 4939 294 4990 ΟΜ.
315 4939 350 4981 m.
1180 4936 1196 4985 5
