3278 5550
239 296 302 368 164
765 301 919 366 Argumenta
940 298 1064 366 capitum.

332 478 406 544 Cap.
427 476 502 529 XXX.
527 477 670 529 Distantiae
683 475 746 527 Solis
765 483 791 527 et
809 476 901 527 Terrae
919 478 944 527 in
962 477 1049 529 tabula
1067 484 1221 542 exponuntur
1238 477 1374 545 modusque
1390 479 1498 531 docetur
1511 494 1588 531 arcer-
1634 500 1638 507 ·

235 551 322 617 pendi,
349 552 391 616 qui
414 551 460 600 etsi
489 550 626 600 ostenditur
647 549 767 600 excedere
792 548 881 597 limites
903 551 1075 612 principiorum
1100 557 1126 599 et
1143 551 1272 601 circuitum
1290 551 1377 601 sidens
1398 552 1498 602 oralem
1517 552 1587 603 edicit
1623 581 1629 605 ι

236 625 340 689 ideoque
359 628 475 686 provocat
492 624 558 683 iuste
576 621 610 673 ad
628 621 758 683 sequentia
776 622 860 683 capita
877 619 964 671 XXXI.
984 620 1036 670 XL.
1055 620 1146 670 XLIV.
1165 620 1220 682 Lv,
1239 622 1282 672 nbi
1295 622 1427 687 scrupulus
1435 623 1479 675 hic
1488 624 1585 675 tollitur:
1629 646 1632 651 ·

235 710 286 745 nou
303 702 388 744 tamen
406 693 553 742 sensibiliter
571 693 638 742 abire
657 693 759 741 docetur
777 692 809 741 ab
827 692 866 749 iis,
885 706 949 757 quae
967 690 1088 742 hactenns
1107 699 1179 742 erant
1197 693 1376 743 demonstrata.

329 782 403 846 Cap.
423 780 511 831 XXXI.
550 781 681 831 Metuebat
698 779 811 830 Braheus
829 794 861 829 ne
879 781 974 830 bisocta
994 779 1057 829 Solis
1076 781 1264 831 eccentrioitate
1282 794 1341 831 suas
1359 782 1408 847 ipsi
1426 782 1578 847 aequaticm

236 853 301 905 Solis
318 854 451 903 turbarem.
495 853 543 903 Hic
562 867 620 917 ergo
638 857 719 901 metus
738 850 830 899 tollitur
847 850 1030 904 demonstrato,
1050 866 1093 901 seu
1111 867 1155 915 per
1173 854 1295 917 lnoegrm
1313 854 1529 904 eccentricitatem
1544 870 1578 907 sar

235 940 281 990 per
307 926 427 974 biractam
453 938 498 973 seu
525 938 568 987 per
595 922 787 987 duplicationem
807 924 860 985 ejus
879 923 943 985 quod
962 936 979 971 a
997 921 1098 972 dimidIa
1116 924 1303 974 eccentricitase
1321 926 1469 980 emunitus.
1493 940 1576 991 semper

236 996 341 1048 eandem
371 996 396 1043 in
425 994 482 1045 Sole
510 996 606 1059 prodire
632 994 815 1059 aequationem.
859 993 928 1042 Alius
946 994 1021 1057 Igitur
1048 995 1174 1058 scrupulus
1202 1001 1241 1043 est
1269 1009 1323 1059 cap.
1352 995 1427 1045 XXX.
1460 996 1523 1046 alius
1543 997 1576 1049 it

235 1082 291 1132 cap.
317 1065 404 1117 XXXI.
441 1068 479 1117 Ibi
506 1066 662 1116 metuebatur
688 1065 824 1123 distantiis,
858 1065 898 1114 hlc
924 1066 1042 1113 metuitur
1069 1066 1256 1129 aequatiouibns
1281 1066 1436 1125 Brahaauiac
1461 1068 1495 1117 lbi
1513 1082 1577 1119 casss

237 1144 319 1189 metus
337 1144 377 1188 est
394 1138 475 1203 figura
493 1139 596 1195 itineris,
614 1136 654 1187 hic
675 1137 867 1187 ccceutricitatis
885 1137 968 1185 ratio:
986 1136 1036 1186 illic
1056 1138 1196 1201 anticipata
1212 1138 1260 1187 tuit
1278 1139 1458 1197 condierant,
1476 1139 1516 1191 hit
1530 1154 1575 1204 pra

252 1212 290 1261 ria
307 1210 379 1273 hujus
398 1210 453 1260 loci.

234 1228 251 1277 p
324 1282 397 1345 Gap.
415 1280 516 1331 XXXII.
553 1280 661 1329 Primum
679 1279 707 1328 ht
725 1278 850 1335 inductio,
877 1292 961 1328 omues
986 1279 1085 1328 omuino
1105 1279 1219 1343 planetas
1236 1280 1273 1329 uti
1292 1286 1419 1345 aequante
1436 1281 1525 1331 circulo
1539 1294 1576 1333 ssa

234 1353 370 1404 bisectiona
394 1351 587 1402 ecceutricitatis
605 1352 690 1414 puncti
708 1350 854 1414 aequatorii.

324 1422 403 1486 Super
421 1423 468 1473 boo
486 1424 632 1486 principium
650 1423 802 1487 geometrica
820 1421 1028 1472 demonstratione
1047 1422 1180 1471 exstruitur
1197 1421 1335 1473 unironsle
1353 1422 1417 1473 boc:
1436 1436 1516 1473 moras
1531 1422 1574 1489 pla

237 1500 313 1545 ιιιιιι
338 1496 364 1543 iu
390 1494 534 1558 aequalibus
560 1494 665 1544 arcubus
691 1493 799 1543 eccentri
823 1494 1001 1556 proportionari
1019 1508 1074 1541 cum
1094 1494 1202 1542 discessu
1220 1494 1337 1557 planetae
1357 1509 1373 1544 a
1390 1502 1497 1558 puncto,
1513 1494 1574 1559 ,aab

236 1566 363 1631 consurgit
381 1567 561 1615 ecoeutricitas.
600 1565 708 1629 Arrigito
727 1577 799 1613 aures
817 1563 917 1627 physici.
936 1563 976 1615 hic
995 1565 1061 1613 euim
1075 1564 1218 1614 deliberatio
1227 1566 1359 1629 suscipitur
1376 1566 1409 1616 de
1429 1566 1574 1631 imprudens

234 1638 260 1687 in
283 1644 392 1687 rostram
410 1638 562 1700 provinciam
580 1635 703 1687 loclenda.

328 1725 402 1790 Cap.
422 1725 536 1776 XXXIII.
561 1726 619 1776 Iam
642 1724 708 1776 enim
727 1738 757 1773 ex
777 1722 932 1773 conclusione
950 1722 1164 1774 demonstrationis
1182 1726 1332 1789 praemissae
1350 1732 1376 1774 et
1394 1724 1518 1789 adjnmtm
1533 1724 1577 1776 a&

239 1798 402 1849 axiomatibus
420 1812 488 1848 mere
506 1798 612 1861 physicis
632 1804 658 1847 et
677 1796 794 1846 confessis
813 1796 945 1853 educitur,
975 1796 1106 1845 distantias
1130 1796 1246 1860 planetae
1265 1810 1281 1845 a
1300 1804 1384 1846 centro
1402 1797 1471 1847 unde
1489 1808 1576 1861 comm-

238 1877 308 1920 tatnr
330 1870 503 1920 occentricitas
527 1884 582 1919 esse
601 1881 690 1918 canoas
710 1867 897 1931 dispensatricea
915 1881 1038 1916 morarum
1056 1867 1173 1931 planetae
1191 1869 1217 1916 iu
1236 1868 1379 1932 aequalibus
1398 1870 1530 1919 eccenuici
1545 1882 1578 1919 a*

238 1942 326 1993 cubus.
364 1940 479 1990 Secundo
497 1941 607 1999 docetur,
628 1954 718 1989 causas
734 1939 781 1988 has
800 1938 989 2001 dispensatrices
1006 1954 1129 1988 morarum
1141 1938 1250 1989 residere
1262 1940 1287 1987 in
1300 1939 1476 1989 distantiarum
1486 1940 1579 1989 ιιιιὺι

237 2013 327 2069 altero,
345 2014 386 2077 qui
406 2011 529 2061 dintantiis
548 2012 660 2061 omuibus
679 2016 717 2060 est
735 2010 882 2060 communis:
906 2010 1002 2059 scilicet
1023 2011 1049 2058 in
1067 2017 1152 2060 centro
1169 2011 1311 2072 systematis
1329 2010 1472 2073 planetarii.
1507 2010 1580 2061 Ταῦ

238 2083 372 2134 assumitur
384 2084 417 2133 ad
435 2084 499 2133 baec
517 2085 552 2133 sic
565 2084 743 2139 demonstrata,
762 2082 850 2144 partim
870 2095 900 2129 ex
918 2080 1023 2132 Parte
1041 2081 1155 2142 Prima,
1174 2089 1203 2131 ut
1214 2081 1372 2145 probabiliter
1385 2082 1581 2141 demonstran,

236 2156 328 2219 partim
354 2169 385 2203 ex
403 2154 529 2215 Quarta
558 2161 589 2204 et
616 2153 737 2214 Quinta
762 2151 939 2209 Partibus,
962 2159 991 2201 ut
1009 2154 1149 2203 necessario
1168 2161 1194 2203 et
1211 2154 1361 2219 geometrico
1380 2152 1584 2211 demonstratus

235 2227 326 2290 partim
345 2227 421 2276 etiam
439 2224 487 2275 hoc
505 2226 558 2289 ipso
576 2225 631 2275 loco
649 2232 676 2274 et
693 2234 763 2288 parte
783 2221 938 2273 Secunda
954 2224 1079 2286 probabile
1097 2224 1216 2280 efficitur,
1241 2224 1321 2287 ipsum
1344 2238 1433 2289 corpus
1452 2224 1519 2275 Solia
1536 2230 1583 2277 u
1629 2222 1634 2227 ’

233 2298 259 2347 in
278 2303 363 2349 ceutm
381 2297 524 2359 systematis
541 2296 681 2361 planetarii.
720 2295 814 2356 Quarto
832 2294 891 2343 hinc
906 2297 959 2356 jam
977 2302 1172 2345 cousentaneum
1190 2294 1309 2356 effidtnr,
1328 2296 1446 2347 ιίιιιιιιιιι
1464 2297 1582 2349 maffia·

233 2383 279 2419 aen
296 2382 421 2419 morarum
440 2369 643 2432 dispensatricem
661 2381 716 2418 esse
734 2369 760 2416 in
778 2380 877 2428 corpore
895 2364 968 2417 Solis.
1004 2366 1136 2417 Accedunt
1154 2372 1301 2433 argumenta
1318 2367 1431 2431 physica.
1626 2390 1634 2397 ·

326 2440 396 2491 Tunc
415 2440 493 2490 obiter
510 2440 613 2488 iniertnr
631 2446 656 2488 et
673 2439 734 2495 hoc,
760 2435 843 2486 Solem
861 2439 885 2485 in
905 2446 989 2486 centro
1007 2438 1091 2487 muudi
1110 2440 1250 2503 quiescere,
1269 2438 1371 2489 Terram
1390 2440 1461 2489 circa
1479 2444 1586 2489 ιιιιιιι

235 2513 321 2562 mundi
339 2513 439 2562 morari.
476 2511 524 2561 Hic
543 2510 724 2560 animadvertat
742 2508 874 2573 physicus,
902 2510 1083 2572 speculationes
1101 2509 1147 2560 bas
1165 2509 1279 2573 physicas
1297 2510 1369 2559 inulti
1387 2510 1467 2559 motui
1478 2510 1586 2567 Talld,

237 2582 283 2633 sed
311 2583 409 2633 aliunde
437 2582 525 2633 deduci
553 2591 579 2632 et
603 2582 686 2632 ralere
710 2586 762 2631 tam
780 2581 806 2628 iu
823 2577 914 2628 Brahei
934 2594 1007 2643 quam
1025 2582 1050 2629 iu
1070 2580 1201 2645 (iopamioi
1218 2582 1354 2633 senoeutia.
1390 2580 1460 2641 Quin
1479 2582 1586 2647 potina

236 2655 361 2705 contrario
379 2655 417 2703 his
435 2656 494 2717 ipsis
512 2653 720 2717 speculationibus
743 2655 796 2714 jam
814 2658 895 2700 motus
914 2651 1017 2701 Telluris
1036 2660 1062 2702 et
1079 2654 1147 2717 quies
1166 2652 1229 2703 Solis
1247 2652 1446 2703 inaedificantur.
1625 2647 1635 2691 -'

323 2726 417 2786 Quinto
435 2726 624 2781 demonstratur,
642 2726 756 2773 rimutem
768 2722 895 2771 motricem
904 2722 978 2786 plane
990 2730 1019 2772 ut
1027 2723 1108 2773 lucem
1120 2726 1228 2787 recipere
1240 2726 1400 2787 quantitates,
1413 2724 1588 2791 ιιιιιιιιιιῌ
1620 2736 1634 2767 =

237 2798 264 2847 iu
281 2799 370 2861 majori
388 2798 491 2854 ambitu,
511 2796 656 2845 condensari
676 2796 701 2843 in
719 2795 814 2843 minori.
851 2792 925 2842 Sexto
943 2792 1001 2843 hinc
1021 2796 1215 2853 demonstratur,
1240 2796 1266 2845 id
1288 2795 1352 2860 quod
1375 2802 1461 2845 moret
1477 2796 1587 2860 plu*
1630 2808 1636 2815 ·

237 2869 269 2919 de
287 2869 341 2918 loco
360 2869 386 2917 in
404 2868 498 2926 locum,
519 2882 573 2916 esse
590 2868 697 2930 speciem
716 2866 907 2915 immateriatam
926 2868 979 2926 eius
996 2867 1108 2924 rimntis,
1126 2880 1191 2931 qnae
1208 2868 1235 2916 iu
1253 2880 1353 2931 corpore
1372 2864 1439 2915 Solis
1458 2872 1508 2925 eat,
1525 2866 1586 2917 fl

233 2941 283 2992 lem
302 2940 393 3003 speciei
412 2939 594 2988 immateriatae
612 2938 682 2987 lucis.

323 3026 393 3091 Gap.
413 3025 525 3076 XXXIV.
561 3025 700 3074 Pertoxitur
721 3025 857 3088 speculatio
880 3024 982 3088 physica
1005 3024 1233 3090 demonstraturque
1257 3040 1286 3077 cx
1304 3025 1463 3090 peomne..
1482 3026 1586 3091 specht

234 3098 303 3148 illam
328 3099 441 3156 virtutis,
467 3111 531 3162 quae
557 3096 624 3146 vehit
649 3096 776 3160 planetas,
801 3110 844 3158 per
864 3097 948 3145 mnudi
973 3096 1158 3159 amplitudinem
1171 3099 1303 3148 circumire
1321 3098 1401 3147 lustar
1419 3098 1531 3149 llumiu‘m
1546 3110 1586 3149 n
1627 3102 1635 3143 ξ-

234 3170 341 3223 rnrticis,
360 3168 463 3220 celerina
481 3182 555 3233 qnam
573 3167 696 3231 planetas.
728 3167 842 3218 Secundo
860 3167 918 3216 hinc
936 3167 1124 3225 demonstratur,
1145 3174 1170 3217 ιι
1184 3183 1271 3232 corpus
1284 3167 1346 3218 Solis
1359 3169 1586 3221 circanamm

236 3241 359 3293 converti:
379 3241 419 3289 ubi
437 3239 596 3304 probabiliter
614 3239 763 3302 periodieum
781 3243 879 3301 tempus
896 3238 969 3302 hujus
987 3240 1151 3289 conversionis
1169 3241 1297 3305 inquiritur
1309 3239 1430 3304 nmnlque
1440 3240 1586 3305 dirpnu,

235 3310 293 3376 qnid
311 3311 413 3361 Terram
436 3311 542 3374 quidque
560 3310 658 3359 Lunam
682 3317 789 3359 moreat.
825 3311 908 3360 Tertio
927 3324 1013 3374 corpus
1032 3309 1095 3360 Solis
1113 3311 1231 3375 probatur
1249 3326 1303 3361 ease
1321 3311 1391 3376 qussi
1408 3313 1585 3378 magum

232 3384 266 3432 Et
283 3382 421 3432 ostenditur
438 3382 548 3447 exemplo
567 3381 680 3439 Telluris,
699 3396 753 3431 esse
771 3390 902 3446 magnetes
924 3383 949 3430 iu
968 3382 1044 3432 coelo.

325 3470 403 3536 Gap.
421 3468 520 3520 XXXV.
551 3469 664 3533 Obiectio
682 3470 792 3527 solvitur,
812 3484 844 3520 an
863 3476 944 3520 motus
961 3470 1076 3528 slderum,
1095 3470 1116 3517 si
1134 3485 1164 3520 cx
1182 3468 1240 3521 Sole
1258 3478 1305 3533 est,
1322 3470 1471 3535 impediatur
1482 3471 1586 3539 iusupe-

239 3544 289 3593 situ
308 3557 443 3605 corporum,
464 3549 492 3591 ut
510 3542 562 3590 lus:
582 3556 680 3607 unaque
698 3542 777 3592 multa
796 3557 826 3591 cx
845 3543 926 3606 capite
944 3542 1060 3605 superiori
1079 3541 1243 3592 illustrantur:
1263 3541 1383 3608 quomodo
1400 3543 1500 3596 scillcet
1515 3544 1587 3595 rtr-

208 3612 327 3664 'r-fmotrix
345 3620 372 3663 ιι
389 3614 431 3663 lux
450 3620 572 3678 cognatae
591 3615 641 3662 siut
659 3620 685 3663 et
703 3614 783 3663 altera
801 3613 901 3663 alterius
920 3627 1009 3663 comes.

324 3702 396 3767 Cap.
416 3700 529 3752 XXXVI.
567 3700 699 3752 Solvuntur
717 3702 782 3752 aliae
801 3702 961 3763 objectiones.
998 3700 1082 3750 Prima
1105 3700 1203 3766 quidem
1221 3703 1371 3768 geometrice
1388 3702 1530 3761 instruitur.
1545 3716 1584 3757 u·

234 3781 422 3841 gumentanra
438 3782 531 3837 puncto
550 3775 657 3837 corporis
675 3772 740 3823 Solis
758 3774 791 3823 ad
808 3774 909 3829 lineam,
928 3773 960 3822 ab
978 3772 1026 3822 hac
1045 3772 1077 3821 ad
1095 3772 1250 3835 superficiem
1269 3777 1323 3837 ejus
1338 3773 1584 3839 planamsecnd-

235 3846 407 3910 apparentiam
427 3852 453 3894 et
471 3845 507 3896 sio
525 3845 601 3894 etiam
621 3845 653 3894 ad
670 3845 834 3908 sphaericam,
854 3851 883 3893 ut
903 3846 1008 3901 evincat,
1027 3842 1107 3893 lucem
1119 3846 1203 3911 spargi
1217 3846 1268 3895 alia
1278 3846 1435 3911 proportione
1445 3842 1582 3901 denslffl.

234 3932 308 3983 quam
336 3924 364 3985 ιιιΙ
389 3916 544 3982 aequiparari
566 3917 643 3979 possit
661 3917 744 3965 rirtmi
761 3918 863 3967 metrici.
902 3914 952 3965 Sed
971 3915 1131 3978 respondetur
1150 3931 1181 3965 ex
1190 3917 1314 3980 principiis
1329 3916 1425 3980 optieia,
1440 3916 1583 3983 prinulpb

234 3988 458 4055 argumentationis
477 4002 527 4036 nou
545 4002 616 4051 posse
635 4000 690 4037 esse
708 3995 826 4050 punctum
845 3987 883 4036 rel
901 3986 1002 4043 lineam,
1022 3986 1065 4034 sed
1083 3987 1236 4049 superficiem
1255 3989 1342 4052 ipsam.
1362 3982 1581 4055 Deindemagafl'·
1632 4014 1638 4019 ·

234 4060 427 4117 considerandas
450 4059 604 4122 quantitates
623 4065 771 4123 apparentes
791 4058 851 4109 disci
870 4058 934 4109 Solis
959 4059 984 4105 iu
1002 4058 1092 4106 effectu
1111 4056 1225 4121 physico;
1251 4059 1315 4124 quod
1339 4060 1462 4124 potuisset
1479 4056 1581 4125 plnrlffl

233 4131 364 4181 declarari.
401 4130 468 4180 Nam
486 4144 518 4179 ne
536 4131 633 4194 signum
652 4130 749 4195 quIdem
768 4144 822 4179 esse
840 4137 922 4193 potest
939 4127 1011 4190 hujus
1030 4128 1131 4178 effectus
1149 4129 1256 4193 physici,
1282 4145 1339 4180 cum
1357 4130 1409 4181 alla
1425 4136 1515 4183 ιω
1529 4142 1579 4195 pn·

232 4204 357 4267 portione,
389 4203 435 4251 etsi
453 4201 518 4249 inira
544 4201 590 4250 fiat
614 4203 711 4266 rignum
738 4202 773 4250 rei
791 4201 901 4251 alterius.
939 4200 972 4248 Et
994 4201 1028 4249 sic
1047 4202 1164 4250 assentur
1188 4201 1237 4251 luci
1255 4202 1342 4252 modas
1360 4202 1497 4266 sparsIonls
1513 4202 1580 4269 plana

234 4280 444 4323 commensuratus
463 4279 572 4322 motuum
591 4272 783 4335 planetariorum
802 4272 1033 4337 dispensationibus.

323 4345 411 4394 Altera
435 4344 541 4406 objectio
568 4350 665 4409 pugnat
691 4345 717 4392 in
738 4346 895 4400 contrarium,
914 4342 995 4392 lucem
1013 4345 1123 4406 ineptam
1142 4343 1174 4392 ad
1192 4350 1273 4393 motus
1291 4343 1451 4402 societatem,
1476 4350 1507 4395 ut
1523 4352 1578 4409 qnss

234 4416 310 4465 etiam
335 4415 368 4465 ad
385 4415 455 4479 polos
473 4422 620 4479 spargatur3
651 4415 753 4464 solritnr
775 4422 859 4464 autem
884 4429 913 4464 ex
935 4414 1059 4478 principiis
1078 4417 1219 4477 susceptis,
1247 4415 1294 4464 hoo
1317 4420 1356 4463 est
1372 4414 1493 4477 physicis,
1512 4416 1578 4481 placo

232 4488 398 4553 gsometrbe,
421 4492 451 4535 nt
468 4500 498 4535 ex
516 4486 636 4560 solutione
654 4492 743 4550 pateat
761 4500 839 4536 cauea
857 4485 976 4536 naturalis
1005 4486 1100 4535 zodiaci
1127 4492 1153 4535 ct
1177 4500 1220 4536 cur
1238 4486 1355 4551 planetae
1372 4485 1506 4537 rodinum
1522 4500 1577 4537 nna·

233 4570 312 4623 qnam*
326 4558 450 4608 deserant.

322 4646 393 4711 Gap.
413 4644 535 4696 XXXVII.
573 4645 732 4706 Quaeruntnr
751 4660 781 4695 ex
799 4648 884 4709 positis
903 4647 1026 4710 principiis
1044 4646 1151 4709 physicis
1169 4646 1313 4696 occasiones
1327 4648 1381 4708 eius
1399 4644 1580 4711 lnseqnfflis

233 4717 260 4769 iu
277 4718 361 4775 Luna.
379 4731 453 4783 qnam
471 4718 583 4767 Brsheua
603 4716 830 4768 variationem
848 4718 993 4781 appellarit,
1013 4731 1077 4783 quae
1095 4718 1192 4767 Lunam
1210 4731 1300 4767 noram
1317 4724 1344 4768 ιι
1360 4717 1462 4781 plenam
1479 4718 1581 4771 celsata

234 4804 287 4841 rem
305 4790 387 4839 reddit
405 4802 479 4855 quam
497 4788 568 4839 alias.
583 4798 587 4807 ’
604 4789 652 4839 Ubi
670 4798 825 4843 remorentur
844 4789 908 4839 duae
927 4790 1006 4840 falsae
1029 4803 1103 4853 snper
1119 4790 1166 4839 hac
1184 4802 1211 4838 re
1230 4790 1365 4853 opInioues.
1402 4788 1505 4841 Deinde
1521 4788 1581 4841 tna·

233 4861 289 4913 dem
307 4868 460 4929 quaeruntur
486 4861 644 4919 occasiones,
668 4862 755 4928 quibus
774 4862 888 4926 aequatIo
906 4861 995 4913 Lunae
1012 4863 1038 4912 in
1056 4861 1212 4926 quadraturis
1230 4862 1309 4922 maior
1325 4860 1372 4911 liat
1387 4874 1464 4925 quam
1481 4863 1510 4915 ia
1525 4876 1582 4913 ιιι·
