3278 5550
209 296 274 368 att
690 296 730 351 no
747 296 856 352 moeso·
875 300 969 353 sarrae
986 298 1075 354 naen

206 479 290 554 tale,
314 484 349 541 ut
374 478 515 557 planeta,
550 476 575 538 si
608 476 638 538 in
670 478 774 540 eadem
797 500 816 541 a
839 478 911 541 Sole
935 480 1099 542 remotione
1132 489 1283 557 maneret,
1320 484 1532 567 aequabilissine

207 569 468 642 eircumferretur‚
501 568 612 629 nullam
646 587 787 630 sensums
820 569 1035 644 intentionem,
1075 571 1186 633 nullam
1219 572 1428 637 remissionem
1456 584 1533 639 motus

208 657 337 719 Solaria.
375 654 463 728 Quod
488 666 588 718 autem
612 655 814 738 inaequalitas
838 659 939 741 aliqua
962 660 1098 739 inopere
1122 661 1210 740 hujus
1235 662 1356 725 virtutis
1381 672 1429 725 est
1449 654 1534 746 depre-

207 747 311 822 hensa,
336 746 364 806 id
389 746 501 808 accidit
520 765 556 807 ex
581 765 625 818 eo,
650 749 729 825 quod
751 749 876 829 planeta
899 767 937 808 ex
961 750 1021 809 alia
1040 747 1144 810 aSole
1169 751 1317 813 distantia
1339 753 1369 814 in
1394 754 1477 815 aliam
1495 754 1534 817 luit

208 835 434 916 transpositus;
458 854 515 915 quo
539 844 629 914 paeto
652 836 681 896 in
706 836 798 898 alium
822 847 912 916 atque
937 838 1028 899 alium
1052 839 1177 917 gradum
1202 841 1390 905 fortitudinis
1414 843 1534 923 hujusce

205 923 278 987 Sole
297 923 418 987 virtutis
441 922 556 985 incidit.
595 922 759 994 Quaeritur
775 945 855 1005 ergo,
880 925 905 986 si
926 927 1014 987 orbes
1038 927 1126 988 solidi
1142 928 1214 991 nulli
1239 941 1318 1005 sunt,
1343 931 1423 1011 quod
1437 933 1534 994 demon·

205 1013 316 1076 stravit
337 1015 493 1083 Braheus‚
525 1014 603 1074 unde
628 1014 764 1088 eveniat,
798 1026 831 1076 ut
855 1015 978 1095 planeta
1001 1036 1019 1076 a
1044 1014 1115 1077 Sole
1147 1019 1293 1080 ascendat
1317 1029 1349 1081 et
1373 1020 1530 1084 descendat

205 1122 275 1165 num
299 1103 390 1165 etiam
414 1103 471 1167 hoc
495 1122 532 1164 ex
555 1101 651 1164 Sole?
696 1102 769 1176 Est,
803 1103 940 1184 inquam,
965 1106 1113 1185 quemodo
1138 1125 1175 1168 ex
1200 1105 1293 1184 Sole3
1328 1118 1393 1185 est,
1417 1109 1534 1191 quomod

205 1211 262 1254 non
287 1211 324 1253 ex
348 1192 430 1255 Sole.

294 1280 436 1345 Clamant
454 1299 552 1342 rerum
575 1280 755 1342 naturalium
776 1282 914 1360 exempla
929 1282 1048 1343 ethaeo
1069 1283 1218 1363 hactenus
1237 1284 1373 1347 delibata
1389 1286 1534 1350 coelestim

205 1390 270 1433 curn
294 1370 340 1431 his
365 1369 558 1432 terrestribus
572 1369 723 1448 cognatio,
749 1369 895 1449 simplicis
912 1373 1045 1449 corporis
1070 1391 1126 1451 quo
1151 1374 1371 1436 communiores
1395 1383 1467 1437 suut
1486 1394 1534 1458 ope

203 1461 347 1536 rationes,
370 1460 427 1521 hoc
451 1478 519 1520 esse
550 1458 763 1538 simpliciores3
798 1459 962 1521 varietates
985 1478 1073 1535 vero,
1110 1461 1134 1522 si
1166 1481 1242 1541 quae
1271 1473 1343 1525 sunt
1372 1466 1440 1546 ejus
1464 1462 1534 1537 (uti

204 1558 286 1612 motu
315 1550 504 1630 planetarum
527 1548 647 1609 diversa
670 1569 689 1608 a
713 1546 784 1610 Sole
809 1549 957 1611 distantia
987 1569 1041 1610 seu
1065 1551 1308 1628 eccentricitas),
1341 1554 1383 1616 ab
1413 1552 1534 1617 extranei

205 1639 304 1701 causis
328 1636 458 1700 existere
482 1637 736 1699 concurrentibus.
1529 1670 1533 1677 ·

293 1727 345 1789 Sic
368 1727 396 1788 in
421 1726 540 1789 flumine
556 1726 685 1806 simplex
707 1745 803 1805 aquae
827 1727 999 1806 proprietas
1014 1733 1072 1801 est,
1096 1728 1136 1788 ad
1151 1737 1286 1790 centrum
1302 1729 1416 1791 Terrae
1438 1731 1534 1797 desset

205 1817 285 1878 dere.
332 1815 412 1888 Quia
435 1835 505 1876 vero
529 1816 588 1876 iter
611 1816 674 1895 ejus
699 1816 845 1876 directum
868 1834 926 1876 non
952 1824 1014 1889 est,
1039 1816 1172 1877 declinat
1194 1818 1282 1892 illac,
1308 1838 1368 1898 qua
1389 1820 1534 1901 depressa

204 1905 318 1967 invenit
351 1904 484 1978 alveum3
518 1912 659 1983 stagnat,
694 1903 742 1965 ubi
776 1905 805 1964 in
839 1905 896 1965 soli
925 1905 1172 1984 aequabilitatem
1203 1906 1323 1982 incidit3
1358 1909 1477 1989 rapitur
1495 1922 1534 1975 a!

206 1994 352 2074 strepitu,
385 2013 444 2074 qua
468 1993 655 2054 libramentis
679 1992 822 2054 incitatur
845 1994 1052 2073 pronioribns;
1081 2004 1129 2056 est
1151 1994 1200 2057 ubi
1225 2005 1341 2058 rotetur
1366 1997 1396 2060 in
1419 2000 1534 2081 gurgite

206 2085 233 2146 si
255 2083 415 2164 perniciori
444 2082 532 2161 lapsu
559 2081 588 2143 in
617 2089 826 2161 procurrentes
855 2082 996 2162 scopulos
1025 2083 1193 2163 impegerit.
1240 2085 1300 2147 Ubi
1329 2105 1409 2167 aqua
1441 2070 1534 2168 ipsa'l

208 2172 301 2234 insita
325 2173 396 2233 nihil
421 2171 478 2233 nisi
502 2171 679 2232 descensum
703 2171 823 2233 molitur
847 2172 885 2232 ad
910 2172 1021 2233 Terrae
1045 2180 1180 2234 centrum
1211 2173 1341 2254 simplici
1368 2177 1488 2256 proprie

208 2262 339 2341 simplex
363 2278 453 2341 opus3
486 2259 648 2321 declinatio
671 2279 741 2322 vero
766 2268 797 2320 et
827 2261 981 2340 stagnatio
1009 2270 1042 2322 et
1064 2270 1167 2324 aestus
1196 2271 1227 2324 et
1256 2263 1389 2326 vortices
1413 2274 1446 2327 et
1468 2182 1534 2417 03

208 2350 343 2412 varietas
372 2370 392 2410 a
420 2349 519 2412 causis
552 2349 718 2429 assignatis
749 2369 801 2411 seu
831 2349 984 2410 extraneis
1008 2358 1040 2410 et
1071 2351 1245 2413 adventitiis
1275 2353 1379 2415 oritur.
1427 2354 1502 2435 Inp'

206 2440 342 2520 jucunda
373 2448 404 2500 et
433 2447 535 2500 nostro
563 2438 685 2516 negotio
715 2437 987 2500 accommodatiora
1015 2439 1194 2503 exhibentur
1217 2444 1394 2522 spectacula
1423 2444 1452 2506 in
1474 2440 1534 2507 nort

210 2530 327 2610 giorum
351 2527 540 2608 impulsione.
578 2525 613 2588 Si
638 2527 715 2589 funis
731 2547 784 2588 seu
807 2528 917 2588 rudens
931 2547 1021 2608 super
1044 2530 1153 2591 flumen
1178 2539 1372 2593 transversus
1396 2533 1425 2594 in
1447 2526 1533 2594 subffl

207 2616 343 2699 pendeat
374 2637 411 2679 ex
434 2625 560 2697 utraque
591 2615 658 2695 ripa
686 2635 794 2690 nexus,
829 2624 860 2677 et
883 2618 1019 2678 trochlea
1041 2637 1096 2697 per
1125 2619 1279 2681 rudentem
1312 2619 1478 2684 discurrens
1496 2618 1534 2682 ab·

210 2710 282 2771 fune
297 2707 434 2790 cymbam
452 2706 482 2767 in
506 2705 626 2768 flumine
645 2714 818 2767 versantem
834 2705 976 2779 retineat,
1000 2707 1129 2786 portitor
1143 2727 1213 2770 vero
1233 2709 1358 2790 cymbae
1376 2711 1531 2790 gubernare

211 2798 271 2871 lpm
295 2817 349 2858 seu
372 2814 484 2859 remum
509 2793 627 2856 decenti
650 2795 737 2856 modo
757 2794 941 2874 religaverit,
967 2803 1069 2856 cetera
1092 2797 1227 2876 quietus:
1253 2799 1360 2880 cymba
1384 2800 1413 2861 vi
1437 2784 1531 2880 siupffl

209 2885 340 2948 fluminis
355 2886 495 2947 deorsum
519 2883 617 2945 euntis
640 2883 707 2963 ipsa
721 2884 917 2945 transversim
932 2893 1030 2963 rapta,
1055 2906 1073 2946 a
1096 2885 1162 2964 ripa
1185 2906 1245 2948 una
1260 2888 1289 2948 in
1307 2889 1436 2949 alteram
1459 2894 1531 2950 unt

207 2976 342 3055 ponitur,
376 2973 512 3037 trochlea
535 2991 589 3051 per
613 2973 711 3033 funem
727 2972 885 3034 sublimem
908 2973 1095 3035 decurrente.
1133 2975 1169 3036 In
1194 2976 1351 3038 latioribus
1376 2996 1446 3039 vero
1462 2972 1531 3038 fluui-

208 3065 294 3125 nibus
309 3063 432 3144 cymbas
455 3061 483 3122 in
499 3081 590 3143 gyros
615 3071 716 3138 agunt,
741 3061 797 3122 buc
820 3063 890 3123 illuc
912 3062 1074 3140 trajiciunt,
1101 3065 1181 3124 mille
1206 3066 1288 3126 lusus
1305 3075 1457 3141 exercent,
1477 3062 1532 3126 orl·

208 3152 291 3214 fundi
316 3158 369 3212 aut
390 3150 510 3211 litorum
533 3159 631 3224 tactu,
667 3150 720 3210 sed
744 3150 810 3211 sola
840 3150 913 3210 remi
948 3170 1003 3231 ope
1042 3154 1197 3215 decursum
1231 3156 1362 3216 fluminis
1393 3157 1534 3217 unicumet

208 3239 465 3320 simplicissimum
488 3239 517 3301 in
541 3259 597 3300 sua
619 3246 692 3299 vota
715 3247 935 3301 convertentes.

299 3329 350 3391 Ad
364 3328 490 3391 eundem
514 3328 575 3391 fere
591 3328 708 3389 modum
733 3329 827 3389 virtus
853 3348 889 3389 ex
904 3327 975 3390 Sole
1000 3330 1028 3389 in
1053 3331 1194 3392 mundum
1217 3351 1271 3410 per
1294 3335 1427 3411 speeiem
1442 3346 1534 3413 egres!

208 3418 331 3499 rapidus
347 3417 466 3497 quidam
490 3425 679 3489 tamensem,
700 3417 749 3496 qui
773 3419 912 3496 planetas
937 3437 1039 3478 omnes
1056 3420 1190 3499 adeoque
1214 3429 1309 3481 totam
1334 3424 1440 3485 forsan
1461 3432 1534 3484 aura!

209 3509 382 3570 aetheream
406 3507 444 3568 ab
468 3525 577 3568 occasu
601 3506 630 3566 in
655 3515 750 3567 ortum
775 3506 870 3584 rapit,
904 3525 936 3566 se
961 3508 1025 3586 ipso
1049 3527 1105 3568 non
1131 3519 1218 3588 aptus
1242 3529 1370 3589 corpora
1398 3513 1440 3572 ad
1461 3511 1534 3574 Sole!

209 3598 356 3661 adducere
381 3598 428 3658 vel
453 3595 490 3657 ab
507 3615 541 3656 eo
557 3595 673 3675 longius
697 3597 879 3674 propellere3
904 3597 982 3674 quod
998 3605 1080 3656 esset
1103 3596 1236 3661 infinitae
1252 3600 1463 3663 sollicitudinis
1477 3602 1534 3680 epua'

209 3688 342 3751 Necesse
376 3694 533 3763 tergaest,
564 3694 596 3745 ut
627 3684 768 3763 planetae
794 3685 850 3763 ipsi
880 3703 932 3744 ceu
966 3687 1112 3763 quaedam
1145 3687 1267 3768 cymbae
1298 3691 1466 3767 peculiares
1495 3685 1534 3748 vir·

211 3786 293 3839 tutes
317 3777 458 3837 matrices
485 3774 571 3855 quasi
595 3774 740 3854 quosdam
762 3781 899 3834 vectores
924 3792 975 3834 seu
1001 3776 1162 3852 portitores
1186 3776 1327 3850 habeant,
1354 3792 1534 3865 qnorumprq

210 3865 346 3957 yu'deutia
371 3883 428 3924 non
453 3872 569 3925 tantum
583 3881 724 3923 accessus
749 3864 787 3923 ad
804 3861 906 3922 Solem
931 3871 961 3922 et
985 3881 1122 3925 recessus
1138 3885 1156 3923 a
1171 3863 1253 3939 Sole,
1279 3867 1446 3928 sedetiam
1470 3854 1534 3948 (qual

119 3995 123 4005 .
177 3950 373 4035 sequundum
404 3962 609 4032 argumentum
638 3971 705 4012 esse
735 3952 839 4031 queat)
869 3950 1083 4012 declinationes
1118 3954 1307 4015 latitudinum
1326 3957 1534 4024 'administrant

178 4028 352 4129 -yffl'elt'yuasi
376 4043 414 4104 ab
437 4062 497 4103 una
520 4042 585 4121 ripa
609 4041 638 4101 in
658 4041 758 4114 aliam,
783 4060 801 4099 a
825 4040 1027 4118 septentrione
1053 4043 1170 4122 inquam
1195 4042 1223 4104 in
1244 4053 1381 4106 austrum
1396 4055 1428 4108 et
1447 4054 1534 4115 contu

238 4126 254 4141 ”
285 4153 320 4194 en
350 4133 406 4194 hoc
430 4134 477 4204 (se
502 4130 567 4210 ipso
597 4130 693 4190 solum
718 4128 874 4207 eclipticae
899 4136 1029 4190 tractum
1059 4132 1202 4210 sequens)
1228 4132 1392 4213 trajiciunt.
1440 4130 1534 4197 cerm

188 4222 287 4283 '‘enim
312 4231 420 4284 estex
444 4219 614 4293 antedictis,
639 4218 791 4288 virtutem,
816 4237 891 4295 quae
916 4237 953 4277 ex
972 4217 1053 4293 Sole,
1079 4219 1244 4298 simplicem
1269 4241 1348 4284 esse.
1397 4224 1466 4286 Jam
1488 4228 1534 4284 vert

210 4311 367 4376 eccentrioi
398 4309 588 4389 planetarum
620 4326 677 4368 non
711 4315 828 4366 tantum
859 4306 1011 4367 declinant
1046 4308 1084 4370 ab
1118 4308 1273 4389 ecliptica,
1309 4313 1364 4374 sed
1402 4315 1493 4375 etiam

209 4399 309 4460 varias
340 4400 448 4479 plagas
472 4404 557 4471 eunt,
589 4415 657 4457 sese
688 4404 789 4457 mutue
814 4404 845 4454 et
875 4395 1045 4475 eclipticam
1077 4398 1306 4462 intersecantes.
1354 4401 1453 4482 Igitur
1483 4399 1534 4464 alia

211 4507 320 4552 causae
344 4488 446 4549 virtuti
471 4485 588 4550 metrici
612 4504 648 4546 ex
672 4482 743 4546 Sole
767 4484 994 4562 conjunguntur.

796 4726 975 4738 ..ι-
