3278 5550
562 120 624 171 Pars
643 118 747 182 Quarta.
786 119 867 185 Caput
883 121 960 173 XLV.
1372 116 1436 188 339

92 298 227 363 henim
249 306 381 369 sursum.
401 296 556 362 breviores
579 296 608 359 in
633 298 730 360 locum
754 297 927 377 longiorum.
974 301 1081 383 Itaque
1104 299 1271 364 confimari
1291 299 1437 381 coepitin

92 396 130 451 aa·
149 406 239 451 error
259 386 339 464 iate,
366 406 454 468 quern
476 406 568 468 snpra
590 405 656 467 cap.
679 387 835 465 XXXIX.
860 387 989 451 feliciter
1011 389 1143 453 refutare
1167 408 1334 473 coeperam,
1356 390 1436 472 pla-

10 510 30 563 g
92 476 258 541 ratariae
280 477 443 540 virtutis
465 477 616 557 proprium
641 496 718 550 esse,
742 478 883 556 planetae
906 497 1014 558 corpus
1037 480 1066 541 in
1091 479 1218 560 epicycli
1246 477 1436 541 semita-cir-

10 566 34 651 ξ
93 567 272 629 cumducere.
304 564 340 629 Si
359 565 503 628 diameter
526 566 651 648 epicycli
665 566 724 628 Μ)
738 565 901 626 mansisset
915 568 972 646 ipsi
989 569 1046 630 AB
1061 568 1276 650 aequidistans,
1300 576 1437 647 poteram

22 658 44 751 ξ
95 655 203 719 unisse
227 656 308 717 hanc
332 674 430 718 meam
452 655 620 737 opinionem
644 674 807 728 erroneam,
832 664 1042 736 poteramque,
1067 658 1145 738 qnod
1168 665 1216 719 est
1238 656 1435 733 verissimum,

10 820 13 827 .
26 760 46 839 ᾗ
95 763 201 807 omnem
222 744 443 825 promotionem
465 745 495 806 in
518 744 736 823 longitudinem
762 743 879 805 zodiaci
904 746 1121 808 transscribere
1145 745 1221 822 Soli,
1267 792 1297 842 Fi
1344 787 1378 841 97

29 844 55 917 ¹4„
95 833 181 897 solam
201 834 344 915 planetae
368 834 559 897 librationem
577 834 607 895 in
622 834 770 894 diametro
789 829 825 912 γζ
840 834 1018 915 relinquere,
1042 836 1119 897 utin
1134 845 1220 916 parte
1315 824 1404 931 se<-

10 968 15 1005 .-
96 942 149 1005 tap.
171 924 331 987 XXXIX.
378 921 440 985 Sed
463 924 532 1004 quia
557 923 783 985 observationes
815 924 1023 998 testabantur,
1052 925 1130 986 hanc
1158 925 1226 986 dia·
1261 929 1278 970 l
1288 916 1423 993 „Aba

10 1072 17 1095 .-
95 1022 212 1077 unum
245 1012 372 1094 epicycli
404 1012 542 1075 inclinari
566 1013 597 1073 in
620 1011 856 1090 longitudinibus
879 1012 1005 1087 mediis,
1036 1013 1067 1075 id
1092 1013 1226 1075 admira·
1295 972 1407 1103 {si

23 1100 59 1179 -.;'
96 1100 187 1165 liliter
208 1120 258 1163 me
280 1102 470 1164 confirmavit
491 1102 521 1163 in
544 1121 645 1163 errore
677 1101 735 1162 hoc
763 1101 800 1160 de
828 1110 909 1163 motu
941 1102 1082 1182 planetae
1106 1104 1136 1163 in
1159 1102 1227 1182 ipsa
1335 1106 1356 1134 ¹⁰

10 1232 65 1271 ις,
96 1190 212 1274 epicycli
235 1190 493 1265 circumferentia,
518 1191 603 1271 cujus
623 1200 721 1251 motus
738 1199 822 1251 esset
844 1191 991 1271 regularis
1009 1212 1029 1250 a
1046 1192 1125 1253 linea
1139 1191 1223 1270 ANy,

10 1318 77 1358 f,
96 1294 123 1343 tr
139 1282 172 1343 Δ
196 1277 271 1342 Solo
293 1299 348 1361 per
368 1281 399 1344 N
423 1289 557 1341 centrum
587 1279 713 1361 epicycli
745 1286 843 1342 eunte.
890 1278 1001 1359 Cogita
1024 1280 1088 1361 ipse
1116 1280 1223 1353 lector,

10 1406 80 1446 :re
95 1374 116 1431 ι
132 1369 198 1431 vim
220 1369 391 1448 argumenti
421 1369 643 1449 persentisces:
675 1368 744 1449 quia
766 1389 826 1430 non
848 1368 952 1448 putavi
983 1369 1048 1432 fieri
1076 1370 1137 1431 ullo
1161 1369 1221 1432 alio

10 1452 80 1535 ς’·
93 1458 181 1521 ndio
203 1476 308 1539 posse,
332 1465 368 1520 ut
387 1458 529 1540 planetae
553 1458 653 1521 orbita
675 1457 852 1519 redderetur
875 1457 983 1519 ovalis.

12 1581 62 1609 -.v
93 1580 98 1591 ·
166 1547 257 1609 Haec
284 1547 386 1626 itaque
415 1566 481 1609 cum
511 1547 556 1608 ita
584 1546 657 1608 mihi
689 1545 883 1621 incidissent,
922 1547 1014 1628 plane
1044 1565 1166 1607 securus
1198 1546 1236 1608 de
1264 1545 1435 1627 quantitate

10 1672 23 1702 .-
87 1630 169 1718 ¹bjua
196 1637 354 1715 ingressus
382 1636 421 1697 ad
449 1637 560 1711 latera,
591 1634 728 1698 nimirum
751 1635 787 1696 de
811 1654 959 1705 consensu
982 1654 1188 1711 numeromm,
1216 1636 1281 1716 jam
1310 1636 1437 1699 alterum

82 1720 246 1789 &Marte
277 1725 460 1805 triumphum
493 1725 551 1805 egi.
606 1726 711 1804 Neque
743 1724 815 1786 mihi
843 1725 964 1787 difficile
988 1726 1161 1800 videbatur,
1196 1724 1222 1785 si
1246 1725 1316 1806 quid
1339 1724 1436 1787 adhuc

10 1846 37 1885 ..2
74 1806 158 1897 uhter
181 1832 324 1877 numeros
347 1824 431 1877 esset
453 1815 629 1888 discordiae,
655 1816 685 1876 id
708 1837 748 1891 τῳ
771 1820 1013 1894 προσθαφαιριιν
1034 1833 1089 1894 per
1107 1812 1229 1876 minima
1247 1813 1437 1876 circumcirca

10 1934 25 1972 Ξ
73 1968 76 1973 ,
139 1905 246 1985 'parea
267 1911 302 1967 nt
324 1904 500 1966 redderetur
522 1904 705 1966 insensibile.

10 2036 22 2045 -
54 2028 82 2041 -·
165 1994 218 2056 Ac
248 2011 319 2067 nos,
353 1991 430 2055 bone
455 1993 559 2067 lector,
584 2013 639 2074 par
661 2000 711 2054 est
733 1992 883 2071 triumpho
907 2001 968 2054 tam
993 1991 1151 2071 splendido
1175 1990 1325 2053 dieculam
1347 2009 1436 2052 unam

52 2078 199 2165 -hptita
218 2080 343 2162 inquam
368 2081 525 2162 sequentia
549 2083 693 2163 quinque)
717 2082 889 2159 indulgere,
915 2080 1054 2143 cohibitis
1077 2081 1194 2141 interea
1216 2098 1311 2141 novae
1334 2078 1436 2142 rebel-

70 2164 163 2237 bnis
189 2170 369 2245 rumoribus,
395 2190 432 2233 ne
456 2179 621 2251 apparatus
644 2172 703 2232 iste
726 2170 813 2231 nobis
837 2171 913 2232 citra
936 2170 1121 2249 voluptatem
1144 2176 1260 2247 pereat.
1307 2167 1340 2230 si
1365 2167 1437 2250 quid

10 2324 14 2333 ,
54 2256 223 2343 &eps
248 2260 315 2335 erit,
339 2279 394 2323 suo
417 2269 553 2339 tempore
577 2269 609 2322 et
632 2261 734 2322 ordine
757 2278 957 2340 peragemus:
978 2260 1042 2340 jam
1066 2258 1185 2340 quidem
1209 2258 1339 2335 hilares,
1365 2264 1436 2322 tuuc

87 2358 178 2415 n
201 2349 297 2431 'gnavi
319 2357 352 2411 et
373 2349 497 2413 strenui.

612 2863 733 2965 Caput
762 2861 896 2940 XLVI.

44 3058 242 3141 ¹Querarrsodc
265 3058 403 3122 describi
421 3060 524 3141 possit
545 3058 632 3124 liaeo
650 3067 762 3213 §aare
786 3059 939 3211 planezas
960 3077 1001 3121 ec
1023 3056 1171 3139 opimium
1188 3054 1305 3139 capitio
1317 3052 1434 3131 m,

607 3171 649 3232 qu
683 3169 834 3231 capuceo
855 3167 906 3210 ee.

10 3312 19 3359 ’·
64 3316 89 3377 ,“
160 3302 278 3388 Capite
308 3306 456 3388 superiori
484 3327 576 3370 causa
607 3307 727 3388 quidem
750 3310 833 3372 dicta
855 3318 917 3379 est,
943 3327 1002 3389 qua
1024 3305 1088 3368 fieri
1110 3306 1223 3386 possit,
1253 3310 1288 3367 ut
1306 3304 1434 3386 planeta

57 3395 258 3551 &scolari
290 3396 390 3459 orbita
422 3397 558 3460 aberret:
592 3398 754 3461 delineatio
783 3418 854 3461 vero
885 3395 1078 3478 geometrica,
1098 3394 1224 3465 itineris¹
1244 3393 1350 3475 nequit
1378 3411 1433 3474 per

12 3506 19 3513 ·
44 3512 59 3521 ··
165 3484 293 3549 schema
306 3487 450 3567 expediri.
490 3487 570 3550 Nam
590 3487 741 3569 epicyclus
760 3489 920 3550 inclinatur
934 3507 987 3568 pro
1002 3480 1431 3565 longitudino-distantiarum:

60 3568 291 3639 muman
311 3583 414 3639 autem
442 3574 600 3639 multitudo
630 3586 663 3637 et
689 3577 846 3658 longitudo
869 3576 1004 3639 vicissim
1027 3593 1065 3636 ex
1087 3570 1214 3657 epicycli
1236 3570 1432 3634 conversione

10 3704 15 3711 -
46 3664 195 3741 sudet.
243 3662 287 3727 Ει
308 3664 380 3747 quia
401 3684 517 3728 summa
540 3665 752 3729 distantiarum
778 3668 859 3729 inest
880 3666 910 3726 iu
934 3667 1024 3744 plano
1048 3663 1187 3739 eccentri,
1212 3669 1246 3723 ut
1272 3679 1339 3741 cap.
1357 3659 1428 3723 XL.

10 3754 17 3763 '
52 3742 332 3830 §monstratum
364 3754 469 3837 nequit
504 3755 596 3834 igitur
625 3755 752 3818 inveniri
789 3774 825 3817 ea
863 3775 996 3827 summa,
1041 3752 1100 3814 nisi
1132 3750 1284 3834 epicyclus
1320 3747 1370 3811 hic
1395 3747 1429 3812 in

10 3844 16 3921 J
61 3842 277 3909 matricum
313 3849 540 3906 transmutetur.
605 3845 665 3907 Est
700 3854 801 3906 autem
834 3844 1072 3906 demonstratum
1107 3859 1172 3920 cap.
1202 3842 1241 3902 II.
1280 3847 1312 3901 et
1333 3856 1429 3919 ¹repe-

10 3990 19 4024 a
58 3922 162 4003 filum
188 3950 257 4013 cap.
287 3932 442 3997 XXXIX.
472 3940 504 3994 et
532 3942 708 4015 usurpatum
740 3953 805 4015 cap.
829 3934 904 4007 XL,
936 3931 1014 4014 quod
1038 3931 1065 3992 si
1088 3930 1238 3993 scribatur
1265 3947 1303 3989 ex
1324 3933 1429 3991 centro

47 4036 98 4095 :t
115 4020 328 4087 concentrious
351 4021 573 4085 semidiametro
590 4023 709 4104 aequali
724 4024 783 4105 ipsi
797 4025 848 4101 βὸ,
872 4022 960 4104 inque
980 4040 1015 4083 eo
1030 4019 1182 4102 epicyclus
1205 4016 1429 4082 semidiametro

10 4106 14 4112 ’
47 4124 58 4143 ⁴
122 4110 312 4189 3scribatur
342 4110 449 4175 deinde
480 4121 583 4175 centro
606 4114 626 4191 β
649 4114 834 4175 eccentricus
857 4114 898 4173 ct
926 4110 1149 4173 eccentricitate
1173 4109 1234 4186 αβ;
1268 4113 1300 4168 et
1320 4112 1430 4188 postes

41 4206 46 4211 '
125 4200 134 4217 '
197 4208 250 4264 tur
272 4198 543 4277 circumferentiae,
566 4221 633 4265 cum
652 4201 779 4285 epicycli
800 4208 864 4265 tum
878 4199 1037 4263 eccentrici
1060 4201 1108 4273 ct,
1132 4198 1279 4285 inpartes
1295 4194 1426 4259 similes:

35 4310 38 4315 ·
64 4290 152 4377 quod
174 4287 342 4353 distantim
364 4297 542 4370 punctorum
565 4290 726 4365 divisionis
744 4308 820 4355 cum·
834 4289 960 4372 epicycli
982 4297 1046 4351 tum
1069 4282 1228 4349 eccentrici
1250 4292 1427 4365 asuscepto

63 4388 184 4463 puncto
205 4400 230 4442 a
250 4380 328 4442 liant
347 4379 485 4460 utrinque
509 4380 614 4441 eadem
636 4376 846 4461 longitudinm·
880 4377 1150 4461 Hocpraemisso,
1174 4394 1240 4451 cum
1263 4373 1424 4454 cap.‚XL.

66 4482 123 4553 par
146 4466 391 4551 suppositionem
414 4469 544 4531 eccentri
568 4468 689 4532 facilem
711 4474 745 4532 et
760 4460 883 4551 planam
904 4460 1116 4551 tradiderimus
1140 4461 1425 4561 dern'o'nqtratiouem

66 4558 306 4640 methodumque
329 4556 521 4640 computandi
544 4557 725 4622 distantias:
754 4558 804 4621 hic
827 4575 941 4640 quoque
964 4555 1127 4637 distantias
1153 4550 1210 4618 n‘os
1232 4554 1264 4616 in
1287 4558 1424 4615 eccentro

10 4640 17 4677 ³
65 4647 227 4737 speculari
254 4665 436 4731 possumus,
466 4647 523 4709 etsi
553 4647 709 4727 ponimns,
741 4647 811 4710 illas
835 4655 918 4711 motu
947 4643 1096 4727 aequabili
1128 4641 1255 4726 epicycli
1284 4641 1424 4723 planetae

1152 4747 1213 4801 ²2*
