3278 5550
220 308 266 383 '6
682 314 712 368 In
731 314 913 369 commentaria
929 314 961 369 111
978 324 1047 368 motu
1065 316 1153 368 Martis

242 492 403 559 Davidis
417 492 585 557 Fabricii
604 500 643 556 et
657 494 816 575 Kepleri
829 494 968 575 epistolis
982 493 1103 567 mutuis,
1117 491 1280 572 Keplerum
1299 490 1456 570 interjecto
1473 507 1592 572 qnoque

134 608 139 623 ·
242 588 388 665 tempore,
411 589 554 664 quantum
577 582 635 663 ipsi
657 584 744 645 licuit
761 602 816 665 per
837 583 915 646 alias
936 582 1162 665 occupationes,
1185 581 1336 661 inceptum
1357 580 1478 642 minime
1500 579 1592 660 plane

241 670 396 753 rejecisse,
416 672 470 733 sed
483 689 601 753 semper
614 672 713 734 animo
736 673 869 735 tenuisse
890 672 1077 754 propositum
1095 689 1162 737 eum
1180 671 1278 744 finem,
1296 676 1330 732 ut
1348 669 1378 731 in
1398 668 1508 730 melius
1523 687 1592 730 mu·

242 768 324 824 taret
337 761 560 822 astronomiam.
584 762 618 823 In
633 761 730 823 literis
741 762 769 824 d.
781 759 830 826 18.
837 761 898 825 111.
912 758 1004 825 1602.
1014 760 1210 841 (deperditis)
1216 760 1321 821 eadem
1330 758 1462 820 movisse
1471 757 1592 820 videtur

241 850 402 931 Keplerus,
425 869 501 932 qnae
525 850 665 930 leguntur
688 851 717 912 in
741 850 838 913 literis
862 851 901 912 ad
924 851 1117 912 Maestlinum
1141 857 1173 910 et
1194 848 1349 929 Maginnm
1372 847 1467 921 datis,
1496 865 1591 927 eaque

242 937 378 1023 pluribus
413 938 547 1020 explicat
577 939 607 1001 in
643 941 836 1020 sequentibus
867 942 1348 1010 (1.1.1.011112.Ι)11.1612).
1405 935 1592 998 Posterioris

245 1026 393 1110 epistolae
426 1027 578 1090 conclusio
604 1048 730 1109 „parum
751 1029 824 1092 mihi
848 1029 902 1091 otii
930 1037 992 1104 est,
1017 1030 1085 1091 dum
1113 1028 1225 1090 adorno
1248 1035 1364 1106 partem
1387 1014 1592 1087 astronomiae

241 1116 392 1198 optieam“
403 1119 562 1180 confirmat
576 1137 612 1179 ea
627 1138 704 1199 qnae
718 1118 857 1193 diximus,
866 1118 1029 1199 Keplerum
1044 1126 1108 1179 turn
1123 1115 1268 1197 temporis
1282 1115 1313 1177 in
1323 1115 1434 1176 Martis
1442 1114 1592 1175 theoriam

242 1206 373 1269 nondum
397 1213 462 1267 toto
493 1205 592 1269 animo
616 1214 648 1267 et
670 1207 770 1269 studio
794 1209 873 1270 omni
896 1207 1082 1282 incubuisse,
1111 1223 1290 1288 quamquam
1314 1223 1352 1265 ex
1373 1203 1443 1265 aliis
1469 1210 1593 1283 praeter

239 1294 312 1358 illas
335 1294 376 1355 ad
397 1294 567 1357 Fabricium
589 1295 669 1358 datis
694 1297 790 1358 literis
823 1296 995 1359 constantia
1021 1296 1077 1357 viri
1106 1297 1204 1358 elucet
1225 1295 1257 1355 in
1283 1290 1464 1374 perficiendo
1496 1290 1592 1353 semel

242 1390 385 1463 suscepto
417 1383 549 1463 negotio.
594 1385 711 1447 Eadem
741 1394 891 1448 testantur
922 1385 1029 1447 literae
1058 1384 1182 1466 Kepleri
1212 1383 1250 1444 ad
1279 1384 1469 1451 Hervartum
1500 1380 1591 1442 datae

242 1492 321 1537 auno
348 1468 443 1547 1602,
467 1472 498 1535 11
520 1473 626 1554 111111
648 1475 743 1537 refert
764 1475 930 1556 Keplerns‚
956 1494 1029 1557 ,per
1056 1473 1227 1536 bienninm“
1253 1491 1285 1534 se
1309 1470 1456 1533 theoriam
1478 1469 1591 1531 Martis

241 1560 451 1644 inquisivisse,
482 1568 515 1622 et
538 1562 614 1624 satis
641 1564 716 1625 bene
746 1583 808 1626 rem
837 1564 1031 1626 successisse.
1077 1565 1167 1626 Anno
1194 1557 1287 1625 1603.
1312 1560 1357 1633 (5.
1381 1559 1460 1633 Jul.)
1484 1557 1588 1621 addit:

241 1650 292 1725 „in
323 1649 441 1712 theoria
463 1650 573 1713 Martis
603 1661 705 1715 cetera
735 1662 804 1715 sunt
834 1653 990 1734 expedita,
1022 1653 1115 1714 verba
1145 1652 1243 1713 adhuc
1272 1650 1416 1724 desunt,“
1448 1647 1520 1709 dum
1541 1646 1591 1708 die

238 1735 270 1803 4.
285 1738 360 1802 Julii
374 1737 513 1802 Fabricio
537 1740 711 1823 scripserat,
735 1752 868 1805 motuum
884 1743 994 1805 Martis
1016 1740 1264 1822 inaequalitatem
1288 1737 1400 1801 salvari
1422 1755 1514 1817 posse
1537 1754 1593 1816 per

239 1847 325 1891 anam
346 1827 539 1910 hypothesin,
565 1830 618 1892 sed
642 1831 749 1893 deesse
768 1832 826 1894 sibi
841 1832 879 1892 ad
903 1831 1049 1893 calculum
1072 1829 1272 1910 geometricae
1295 1826 1500 1908 generationis
1522 1826 1591 1886 viae

240 1915 366 1980 uvalis
390 1917 546 1980 scientiam
570 1919 691 2001 ejusque
716 1921 860 1984 sectionis
883 1921 1002 1982 indata
1024 1920 1150 1982 ratione.
1190 1920 1225 1981 In
1248 1916 1344 1980 literis
1363 1915 1403 1976 ad
1416 1915 1446 1977 J.
1463 1914 1592 1994 Papium

239 2006 319 2082 (tum
340 2006 486 2086 temporis
502 2007 649 2071 medicum
664 2009 824 2086 Onoldiae,
847 2017 956 2091 postea
974 2009 1138 2071 medicinae
1152 2008 1356 2089 professorem
1368 2003 1592 2083 Regiomontii)

240 2112 267 2158 t.
290 2094 409 2157 initium
442 2096 512 2157 anni
538 2092 640 2172 1603,
673 2099 745 2161 item
777 2099 807 2160 in
840 2098 937 2161 literis
970 2100 1008 2161 ad
1035 2100 1065 2161 J.
1092 2097 1181 2160 Conr.
1207 2095 1395 2159 Gerhardnm
1428 2093 1593 2166 (medicum

237 2184 474 2257 Donanverdae)
504 2185 574 2247 Jau.
610 2181 702 2249 1604.
743 2187 840 2261 datis,
871 2188 1007 2267 pluribus
1045 2188 1082 2248 de
1114 2186 1214 2246 Marte
1251 2182 1432 2246 disseruisse
1472 2181 1593 2243 videtur

238 2272 399 2361 Keplerus,
423 2292 548 2354 quarum
570 2275 720 2354 prioribus
743 2276 832 2338 lectis
845 2278 880 2338 P.
897 2276 1072 2355 Virdungus
1095 2276 1194 2356 ipsum
1215 2294 1271 2354 per
1293 2273 1399 2335 literas
1424 2271 1509 2346 adiit,
1533 2270 1591 2331 ad-

238 2360 377 2437 hortans,
402 2369 456 2437 „nt
477 2361 622 2437 elaboret,
646 2384 704 2445 quo
729 2364 925 2447 colophonem
954 2364 1131 2447 perfectioni
1160 2362 1363 2434 astronomiae
1386 2359 1593 2423 necessarium

239 2450 354 2531 imponi
375 2451 499 2512 tandem
520 2450 708 2516 videamus.“
755 2454 808 2518 Sic
831 2453 1026 2518 Gerhardus:
1058 2454 1156 2535 „quod
1179 2453 1216 2514 de
1239 2449 1461 2514 restauratione
1489 2456 1592 2511 astro-

240 2539 359 2603 nomiae
383 2540 506 2616 scribis,
530 2541 724 2606 vehementer
751 2542 880 2625 placuit,
909 2551 941 2605 et
962 2563 1036 2624 rogo
1059 2551 1093 2605 ut
1114 2560 1232 2623 pergas,
1258 2540 1430 2602 inchoatum
1453 2558 1528 2619 opus
1552 2538 1592 2598 ad

239 2628 455 2711 perfectionem
478 2630 624 2693 deducere
648 2652 752 2708 suam,
786 2632 938 2715 despectis
961 2651 998 2694 ex
1021 2632 1084 2694 alto
1108 2632 1235 2705 ceteris,
1265 2630 1292 2692 si
1314 2629 1364 2710 qui
1386 2628 1436 2689 vel
1459 2628 1498 2689 ab
1521 2626 1592 2688 aula
1618 2668 1621 2672 ›

240 2719 290 2781 vel
313 2737 333 2779 a
355 2737 465 2799 genere
496 2720 741 2799 praedecessoris
770 2722 826 2786 tibi
858 2721 972 2785 obicem
1002 2741 1113 2802 ponere
1142 2721 1286 2783 nituntur.
1336 2719 1433 2782 Nemo
1464 2735 1592 2796 magnus

240 2808 306 2871 sine
337 2807 452 2870 invidia
485 2808 583 2871 faetus
606 2816 654 2872 est
681 2811 842 2891 unquam.“
888 2812 1039 2891 Keplerus
1061 2812 1093 2872 in
1121 2809 1317 2889 responsione
1339 2806 1379 2868 ad
1402 2806 1592 2885 Virdungum

240 2896 314 2959 data
333 2915 358 2958 1.
378 2897 497 2958 initium
520 2894 660 2961 11601.
686 2900 811 2960 eandem
834 2901 965 2962 movisse
987 2900 1106 2961 videtur
1130 2899 1283 2980 querelam
1306 2897 1343 2958 de
1357 2894 1591 2976 impedimentis,

242 3003 320 3067 quae
345 2985 453 3047 studiis
477 2985 540 3048 suis
564 2985 757 3065 objiciantur,
781 3008 846 3050 cum
870 2988 921 3049 ille
953 3008 1020 3049 eam
1052 2987 1218 3067 respiciens
1246 2985 1440 3048 rescriberet:
1476 2986 1593 3063 „aalay-

236 3095 370 3157 11111111
385 3073 586 3136 astronomiae
602 3075 775 3138 avidissime
792 3084 948 3158 exspect03
965 3098 1024 3159 qua
1039 3077 1069 3139 in
1083 3084 1169 3157 parte
1179 3084 1210 3138 te
1220 3076 1414 3156 plurimorum
1430 3073 1593 3135 desideriis

241 3162 469 3247 patisfacturum
490 3163 571 3224 haud
593 3182 669 3226 vane
700 3184 805 3246 spero,
837 3174 961 3247 optans,
984 3175 1018 3228 ut
1040 3166 1247 3240 difficultates,
1272 3165 1378 3247 quibus
1402 3182 1435 3224 es
1458 3162 1591 3225 circum-

241 3260 364 3334 septus,
396 3261 605 3315 removeantur
629 3262 660 3315 et
686 3261 805 3317 tuorum
837 3254 971 3319 laborum
1001 3256 1231 3330 honestissima,
1263 3273 1339 3336 qnae
1371 3253 1475 3327 debet,
1509 3252 1589 3315 ratio

238 3341 395 3405 habeatur.
451 3341 628 3405 Simultates
660 3342 716 3406 tibi
748 3364 813 3407 cum
845 3343 1024 3407 haeredibus
1057 3344 1207 3426 Tychonis
1238 3342 1443 3416 intercedere,
1473 3341 1588 3403 invitus

238 3431 392 3511 intelligo,
416 3432 575 3514 quaejam
598 3431 714 3513 sopitas
732 3440 764 3495 11
779 3435 945 3496 exstinctas
969 3435 1136 3515 euperem.“
1176 3432 1261 3505 Quae
1284 3431 1494 3508 „simultates“
1519 3448 1589 3492 cum

239 3520 321 3585 hand
343 3539 450 3602 parum
472 3521 656 3584 difficultatis
678 3522 810 3604 Keplero
836 3523 986 3595 moverint
1007 3524 1037 3585 in
1059 3523 1239 3604 perficiendo
1268 3540 1359 3602 opero
1383 3540 1454 3591 suo,
1478 3520 1515 3581 de
1537 3519 1590 3581 his

238 3610 319 3673 infra
340 3609 475 3692 pluribus
498 3609 655 3673 dicendum
678 3611 744 3673 erit.

264 3756 267 3761 .
327 3699 385 3764 Die
409 3695 439 3761 1.
463 3699 651 3780 Septembris
676 3696 770 3764 1603.
794 3700 899 3763 literas
923 3700 1006 3763 dedit
1024 3701 1174 3781 Keplerus
1197 3699 1236 3761 ad
1249 3697 1382 3779 Anglum
1397 3696 1588 3760 Edmundnm

238 3787 387 3867 Brutium,
410 3788 513 3851 intime
529 3789 680 3869 ingenium
698 3789 794 3871 ipsius
812 3797 1004 3852 venerantem
1019 3796 1110 3863 (comp.
1121 3797 1177 3848 Vol.
1188 3796 1222 3848 11.
1233 3812 1256 3861 p.
1268 3793 1350 3863 111),
1374 3787 1528 3868 inquibus
1549 3786 1588 3847 de

217 3906 220 3913 ·
241 3878 352 3943 studiis
374 3878 438 3941 suis
460 3878 652 3941 Martialibus
676 3879 835 3959 scripsisse
858 3879 985 3941 videtur.
1031 3879 1203 3959 Respondit
1224 3877 1348 3941 Brutius
1372 3876 1415 3951 (d.
1440 3872 1587 3949 11111.)

239 3968 318 4031 hunc
349 3966 380 4029 in
411 3968 548 4031 modum:
595 3967 710 4029 Multas
741 3968 839 4030 habeo
871 3967 902 4030 in
940 3968 1127 4029 astronomia
1158 3967 1379 4041 dubitationes,
1414 3965 1445 4026 in
1478 3964 1588 4045 quibus

238 4065 274 4121 tu
302 4057 408 4120 unicus
433 4076 481 4120 me
511 4056 699 4131 certiorlem)
729 4058 833 4119 facias.
877 4058 957 4120 Nam
980 4075 1037 4137 ego
1060 4056 1183 4138 opinor,
1214 4057 1341 4119 mundos
1364 4072 1432 4117 esse
1455 4053 1589 4116 infinitos

240 4145 405 4227 (1111111111
427 4149 458 4210 11
479 4147 628 4227 margine:
661 4146 719 4209 hoc
749 4146 972 4226 praeambulum
1004 4145 1123 4208 obstitit
1153 4146 1239 4221 mihi,
1272 4164 1329 4228 quo
1358 4144 1456 4207 minus
1487 4161 1588 4204 essem

240 4226 376 4300 atauus
398 4236 437 4299 ad
460 4236 641 4320 sequentia).
687 4236 897 4317 Unusquisque
919 4244 1020 4297 tamen
1042 4235 1169 4297 mundus
1192 4244 1240 4297 est
1261 4233 1377 4308 finitus,
1408 4233 1487 4295 sicut
1516 4231 1588 4312 pla-

240 4335 395 4401 netarum,
425 4326 457 4388 in
484 4327 569 4407 enjus
592 4324 690 4388 medio
713 4332 761 4386 est
783 4333 918 4395 centrum
940 4324 1039 4401 Solis;
1070 4332 1102 4385 et
1122 4324 1370 4406 quemadmodum
1393 4321 1514 4397 Tellus,
1543 4321 1589 4382 sio

240 4414 337 4499 nque
358 4415 415 4480 811
442 4416 586 4498 quiescit,
615 4413 745 4476 volvitur
774 4432 900 4495 namque
930 4413 1120 4476 velocissime
1151 4413 1181 4476 in
1211 4432 1264 4475 suo
1291 4413 1357 4475 loco
1390 4412 1471 4473 circa
1498 4429 1590 4471 axem

243 4524 337 4569 annm.
377 4504 474 4578 Quem
496 4513 609 4568 motum
632 4510 794 4586 sequuntur
815 4502 922 4585 reliqui
940 4502 1090 4584 planetae,
1113 4503 1144 4565 in
1160 4510 1283 4584 qnorum
1298 4519 1420 4563 numero
1435 4499 1588 4562 Tellurem

243 4594 400 4671 existimo;
434 4594 488 4658 sed
514 4601 563 4657 est
592 4594 708 4657 tardior
730 4592 930 4674 unusquisqne
958 4612 1015 4675 qno
1039 4591 1078 4654 ab
1100 4610 1137 4654 eo
1159 4590 1255 4653 distat
1285 4589 1414 4671 longius.
1469 4588 1588 4652 Stellae

242 4685 335 4749 etiem
357 4685 402 4748 sic
424 4693 581 4747 moventur
601 4692 637 4747 ut
658 4682 729 4758 Sol,
757 4681 810 4743 sed
832 4700 893 4743 uon
914 4681 997 4743 illius
1019 4682 1049 4743 vi
1073 4681 1152 4744 sieut
1172 4681 1313 4760 planetae
1336 4681 1589 4758 circumaguntur,

242 4774 384 4859 quoniam
404 4792 598 4857 unaquaeqne
620 4790 722 4836 earum
736 4771 790 4835 Sol
807 4778 856 4832 est
877 4770 908 4832 in
930 4790 990 4833 non
1011 4770 1119 4833 minori
1140 4770 1249 4832 mundo
1271 4768 1330 4831 hoe
1351 4776 1455 4831 nostro
1477 4767 1590 4848 plane-

242 4870 351 4930 tarum.
398 4864 452 4941 (K.
475 4865 561 4928 11111
583 4862 701 4946 quidem
723 4878 843 4943 semper
863 4861 957 4936 11111,
972 4860 1028 4923 sed
1045 4859 1167 4924 modum
1178 4877 1239 4923 non
1254 4857 1398 4942 semper.)
1442 4854 1590 4921 Elemen-
