3278 5550
594 302 736 374 aKeplarc
754 305 894 359 emendata
1137 262 1142 277 ο
1359 288 1423 361 703

167 482 201 546 Si
216 482 282 564 quis
301 502 373 545 vero
387 482 463 545 nolit
476 483 629 567 negligere
645 484 831 564 aequitionis
846 493 962 565 partem
977 482 1103 545 alteram
1122 479 1294 562 aTycbone
1318 481 1421 536 exter-

119 582 235 647 natam,
259 572 284 634 is
309 573 402 634 adeat
415 572 638 636 Prutenicerum
658 573 775 635 modum
790 572 976 655 aequationis
999 571 1133 653 primum.
1170 573 1240 634 Jern
1262 565 1343 630 enim
1365 581 1423 625 non

119 662 261 737 'chonico‚
285 661 340 723 sed
362 662 548 724 Ptolemaiou
572 663 659 723 modo
683 663 832 742 aequabit.

168 784 224 835 Huc
242 799 318 849 usque
331 784 468 849 Keplems;
488 785 611 837 conclusio
628 785 754 834 literarum
771 787 797 836 in
815 784 981 849 manuscripto
994 784 1072 834 deest
1099 783 1137 832 Ex
1152 781 1305 833 Hervarti
1323 791 1423 843 respon·

119 870 156 913 ne.
174 855 200 906 d.
220 856 245 907 d.
264 854 306 905 2⁰.
326 855 388 906 Mor.
410 850 487 913 1002,
504 856 569 907 hseo
586 863 683 906 tantum
703 857 736 907 ad
752 859 888 920 praemissa
905 859 1042 922 portinent:
1070 854 1134 909 beu
1152 853 1185 904 D.
1205 849 1358 925 Tenqnagell
1375 848 1425 899 bab

133 928 223 993 junget
239 928 399 993 qascbrieben
417 928 468 978 und
485 942 571 994 crepon
591 927 738 994 Ergenaung
756 929 798 979 dee
817 928 935 994 Abgaugs
954 927 1019 978 dant
1037 932 1133 993 gesagt

168 999 198 1050 In
218 1001 368 1050 assumtione
386 1001 501 1063 temports
520 1001 668 1064 aequinoctii
686 1002 718 1049 ab
737 1001 884 1066 slsangnio
903 1000 1023 1051 observati
1042 997 1146 1065 zueiielt
1163 998 1210 1046 mir
1227 996 1278 1052 nit,
1298 994 1355 1045 dese
1373 992 1425 1043 rich

119 1070 203 1120 inbold
230 1071 305 1135 getrrt
327 1070 378 1120 und
401 1085 480 1120 anuos
505 1074 613 1135 tropicos
635 1086 679 1135 pro
702 1071 919 1149 aequinoctialibus
943 1071 1084 1125 Pteleum
1110 1071 1209 1118 seimon
1236 1072 1424 1132 angenommen.

119 1160 122 1189 ι
142 1141 185 1192 iob
202 1142 268 1192 deun
286 1144 324 1191 nit
341 1143 431 1199 rriiste,¹
447 1144 492 1193 vie
512 1156 538 1191 es
555 1141 609 1193 eicb
626 1150 726 1192 sousten
744 1142 911 1207 rurthoidigen
928 1143 1009 1193 besee.
1038 1138 1092 1191 nu
1103 1155 1150 1190 ron
1160 1139 1317 1190 Ptolemaeus
1328 1135 1426 1187 besiebt

119 1213 201 1263 ables
219 1212 264 1262 aui
280 1213 320 1263 die
338 1227 431 1263 errores
449 1213 633 1279 chronologicos
650 1214 702 1264 und
719 1214 900 1264 observationes
918 1212 1029 1264 uoueri
1048 1212 1267 1263 Minerre'iaotae.

166 1283 224 1335 Von
233 1284 360 1348 Hippsrcb
376 1286 409 1334 ist
428 1285 476 1341 „de
488 1285 658 1350 magnitudine
671 1286 745 1334 anni“
765 1285 844 1336 niehts
856 1286 1006 1336 verbanden.
1034 1284 1088 1333 Dae
1100 1298 1127 1333 so
1141 1298 1205 1334 anuo
1220 1277 1262 1329 tt.
1280 1280 1311 1330 ιο
1323 1280 1434 1330 l'loreus·

119 1355 199 1422 Μ,
217 1368 282 1424 περι
302 1368 495 1423 patronaeve,
514 1358 546 1405 iet
563 1358 616 1405 sein
635 1355 710 1405 Werk
727 1357 771 1406 nit.
1446 1384 1456 1395 .

166 1426 217 1477 ror
235 1427 274 1476 dle
293 1427 467 1493 augeecbiclte
485 1428 637 1478 declaration
656 1441 729 1491 super
745 1427 839 1477 calculo
852 1426 992 1492 Tycbonico
1005 1426 1054 1477 und
1076 1425 1120 1476 der
1131 1423 1279 1490 sphalmata
1296 1424 1329 1473 im
1341 1420 1426 1473 Druck
1478 1479 1482 1491 .

119 1511 137 1548 a
156 1498 198 1547 ich
214 1497 280 1548 mich
297 1497 436 1549 bedanken.

168 1568 266 1618 Deinde
284 1569 442 1626 Horremus.
469 1585 513 1635 pro
539 1570 688 1619 transmissis
711 1568 811 1619 Tabulis
830 1568 931 1633 Kepleri
950 1568 1087 1619 Lunarlbos
1112 1565 1179 1630 (vide
1204 1580 1278 1632 supra
1302 1578 1360 1630 pag.
1380 1558 1426 1625 30)

119 1641 173 1690 tias
192 1653 282 1704 agens
303 1641 385 1690 addit:
414 1641 462 1691 Die
481 1641 589 1691 Tabulas
607 1641 656 1690 hab
673 1640 714 1690 ich
731 1654 775 1706 gar
792 1656 852 1707 geru
870 1641 994 1706 genehen,
1017 1640 1069 1690 und
1090 1639 1137 1689 hat
1159 1639 1202 1689 der
1221 1636 1284 1688 Herc
1302 1636 1349 1686 den
1368 1633 1425 1685 Sto·

119 1711 153 1760 rie
173 1708 315 1760 Matheseos
334 1712 420 1761 hieron
438 1712 575 1777 gevisslicb
593 1714 633 1762 ain
656 1712 771 1762 conderes
793 1712 939 1762 beneficium
957 1711 1059 1777 getban.
1095 1710 1137 1760 Da
1155 1711 1191 1759 sie
1208 1709 1261 1759 blus
1279 1706 1427 1771 temporales

132 1783 165 1833 ab
185 1796 251 1832 auno
270 1779 340 1832 1100
353 1785 385 1833 ed
399 1782 468 1832 1800
485 1815 516 1822 -
536 1800 562 1833 so
581 1784 635 1832 siud
652 1785 689 1833 sie
707 1785 752 1832 mir
769 1799 800 1833 au
819 1785 867 1833 den
886 1783 1061 1842 finetemieson,
1079 1796 1107 1830 so
1125 1783 1192 1832 eirca
1209 1788 1320 1844 tempora
1338 1775 1427 1827 caseo

119 1861 184 1904 aute
197 1851 319 1903 Christum
337 1854 390 1904 sich
409 1855 528 1921 begebeu.
548 1855 584 1905 als
602 1854 711 1904 eschen
729 1853 770 1904 leb
787 1854 861 1907 allelu
879 1855 1051 1913 ueobtracbte,
1070 1855 1108 1903 nit
1124 1851 1270 1910 dieustlicb3
1288 1858 1345 1915 trag
1361 1863 1427 1915 torp.

133 1938 210 1988 seyen
230 1925 263 1974 ad
280 1933 392 1989 tempora
410 1933 468 1976 aute
488 1926 610 1977 Christum
628 1927 666 1976 uit
683 1941 714 1975 zu
731 1927 881 1977 extendireu.
960 1931 966 1946 ’

167 1994 212 2046 Ich
230 1995 285 2045 halt
301 1995 367 2046 anch
389 1997 427 2045 lior
450 1999 553 2064 gorius,
579 1999 636 2047 dass
661 2011 731 2047 venre
751 1997 817 2047 diese
842 1996 983 2047 dilucidatio
1007 1995 1146 2046 tabularum
1168 1992 1289 2060 gedruckt
1310 1991 1361 2042 und
1379 1990 1437 2043 den·

119 2068 303 2134 gmnasmatis
318 2068 447 2133 boigeiitgt
460 2069 569 2126 worden,
587 2083 613 2118 es
626 2068 706 2118 verde
719 2083 749 2117 cu
763 2069 884 2119 beatorem
898 2068 1005 2133 Abgaug
1017 2067 1060 2117 der
1071 2065 1320 2133 Progymnasmatum
1333 2062 1427 2114 dienat-

119 2153 209 2201 freyn.
247 2137 291 2187 Ich
310 2138 368 2187 rrolt
386 2140 450 2189 auch
473 2142 510 2190 nit
534 2140 703 2195 anteriorem,
728 2136 849 2204 quobdam
869 2138 992 2202 Tycbouie
1009 2137 1129 2189 haeredes
1153 2138 1240 2188 descen
1264 2151 1294 2186 au
1313 2135 1427 2191 aebbae,

119 2225 148 2260 en
166 2209 208 2258 ich
225 2214 327 2266 vitsste.
345 2211 391 2260 rrie
409 2210 505 2261 eolobe'e
522 2210 662 2276 gercheben
680 2210 756 2267 solls;
779 2210 843 2262 deun
863 2210 912 2266 ich,
931 2215 980 2259 *er
998 2210 1033 2258 sie
1053 2207 1185 2274 eigentlieb
1204 2222 1273 2275 seyn,
1291 2207 1330 2258 nit
1346 2206 1427 2258 retu.

164 2279 221 2329 Von
239 2281 342 2346 obrigui
361 2281 426 2331 hlaib
443 2281 484 2333 ich
503 2289 551 2332 etc.
876 2286 879 2290 “

165 2350 261 2401 Datum
279 2351 407 2403 Mttnohen
426 2353 450 2403 d.
470 2350 494 2405 0.
513 2354 572 2404 Juni
593 2349 668 2405 1003.

164 2456 298 2521 Keplarl
317 2460 482 2522 responsionis
500 2458 536 2523 (d.
556 2460 645 2511 5.Ju1.
665 2457 746 2523 1000)
765 2461 888 2512 exordium
906 2460 1058 2513 exhibuimus
1076 2458 1132 2510 Vol.
1151 2461 1172 2518 1.
1191 2476 1214 2525 p.
1230 2457 1291 2510 ddb.
1320 2459 1427 2525 Reliqua

119 2550 139 2589 e
160 2545 234 2587 eunt:
263 2530 297 2591 ln
314 2530 463 2609 prioribus
479 2531 575 2594 literis
593 2533 710 2609 scribis,
735 2534 784 2595 diu
799 2533 956 2595 delituisse
971 2532 1105 2594 Lunaria
1122 2551 1199 2607 mea,
1224 2532 1301 2613 quod
1324 2531 1425 2609 miror,

119 2617 263 2697 tiujuria
286 2618 401 2700 aliquid
425 2621 581 2702 suspicor;
613 2642 686 2703 rogo
709 2624 810 2703 itaque
833 2623 977 2702 majorem
1007 2622 1037 2683 iu
1065 2622 1200 2696 modum,
1231 2629 1265 2683 ut
1287 2640 1335 2689 me
1357 2640 1426 2684 cer-

119 2726 182 2769 rem
208 2708 303 2769 faciat
320 2708 363 2770 M.
380 2708 427 2783 T„
451 2730 488 2771 an
513 2711 541 2771 in
567 2711 665 2772 lituris
689 2711 864 2792 quibusdam
889 2720 1036 2791 agnoscat
1054 2712 1098 2774 Μ.
1115 2712 1150 2774 Τ.
1174 2730 1272 2773 meam
1295 2730 1424 2773 manum.

119 2797 167 2859 rod
190 2796 303 2859 attinet
317 2797 456 2878 eclipses,
481 2818 539 2862 non
554 2796 812 2870 dissimulandum,
837 2798 1077 2881 compendiosius
1093 2819 1131 2862 ex
1147 2800 1260 2862 tabulis
1274 2800 1425 2882 Tyclionis

119 2885 205 2946 veniri
219 2885 350 2947 Lunaris
367 2887 488 2967 eclipsis
513 2888 642 2951 medium
665 2899 854 2959 momentum,
878 2891 907 2952 in
922 2888 1080 2953 Solaribus
1104 2890 1232 2969 quidem,
1257 2889 1306 2950 ubi
1322 2888 1425 2970 Tycbo

119 2973 224 3036 miscet
246 2975 431 3055 triangulum
454 2996 539 3039 suum
562 2979 765 3054 rectilineum,
799 2997 836 3039 ex
868 2980 943 3041 meis
974 2978 1214 3058 compendiosius
1236 2978 1433 3059 procedetur.

119 3082 154 3124 m
179 3062 236 3124 etsi
260 3063 289 3124 in
310 3065 484 3135 universum
509 3066 538 3127 in
561 3067 618 3129 boc
642 3078 747 3148 reputo
770 3067 975 3148 compendium
999 3068 1115 3141 inesse,
1143 3068 1223 3149 quod
1245 3067 1371 3149 apogeei
1394 3078 1427 3132 et

119 3151 145 3213 di
171 3160 284 3213 motum
311 3154 349 3215 ab
382 3153 570 3234 aequinoctio
603 3157 749 3238 inquirere
780 3157 890 3228 doceo,
919 3157 966 3218 bie
996 3165 1097 3219 tamen
1125 3157 1231 3220 modus
1253 3157 1425 3219 necessario

119 3240 267 3303 rticularis
292 3250 354 3315 est,
380 3243 457 3322 quod
482 3245 607 3307 oonsilio
631 3245 705 3317 leci,
734 3253 770 3307 ut
789 3265 855 3308 eum
877 3246 1029 3328 Tyebonis
1051 3246 1222 3309 Lunaribus
1244 3247 1310 3327 pari
1331 3264 1425 3327 passu

119 3330 273 3392 rbularem.
313 3329 470 3402 Quomodo
494 3353 565 3395 vero
589 3335 711 3396 tabulae
735 3335 885 3416 Tychouis
908 3336 946 3396 ad
970 3335 1094 3415 antiqua
1117 3342 1255 3416 tempora
1277 3335 1424 3417 quodam-

119 3418 166 3479 ›do
188 3419 309 3497 possint
332 3421 567 3494 accommodari,
599 3423 756 3505 scripsisse
780 3443 825 3485 me
849 3424 968 3491 memini
991 3424 1143 3503 superiore
1166 3444 1254 3487 anno.
1300 3424 1348 3487 Ea
1370 3444 1424 3485 ac-

119 3506 277 3569 nmodatio
300 3509 330 3570 iu
354 3508 402 3570 his
425 3509 500 3571 meis
524 3511 636 3574 tabulis
659 3514 712 3574 fiet
735 3515 889 3593 operosior
912 3522 944 3575 et
966 3513 1099 3593 requiret
1120 3514 1229 3588 multa,
1259 3514 1296 3574 de
1319 3512 1425 3595 quibus

119 3597 205 3658 ndum
220 3597 294 3658 certi
314 3606 385 3659 sunt
400 3600 576 3675 astronomi,
599 3601 643 3663 ite
656 3602 849 3666 inhabiliores
870 3610 940 3665 suut
954 3603 1010 3664 hae
1030 3621 1113 3664 meae
1137 3603 1174 3664 ad
1198 3602 1323 3684 antiqua
1344 3610 1425 3664 tem-

119 3705 168 3761 ra‚
192 3705 281 3766 quam
304 3687 503 3769 Tyobonicee.
549 3691 597 3751 Ae
621 3691 679 3751 etsi
702 3702 829 3772 possunt
851 3691 1085 3767 accommodari,
1110 3701 1291 3755 nontamen
1315 3709 1424 3773 operae

119 3775 215 3838 etium
261 3776 328 3856 Ego
352 3777 471 3858 quidem
495 3797 592 3841 meum
616 3780 771 3842 consilium
796 3791 827 3842 et
857 3800 940 3842 usum
964 3799 1080 3843 omnem
1103 3781 1132 3843 in
1155 3781 1343 3862 praefatione
1368 3800 1424 3842 ex-

119 3882 198 3927 cavr.
223 3896 265 3907 -

167 3952 256 4026 Quod
287 3954 434 4020 haeredes
466 3954 576 4018 attinet
602 3955 809 4039 Tycbonioos‚
842 3976 916 4020 unus
946 3965 995 4020 est
1023 3955 1121 4021 instar
1149 3957 1278 4022 omnium
1308 3958 1358 4020 Fr.
1384 3956 1423 4022 G.

119 4042 234 4124 gusgl,
266 4043 359 4105 nobili
387 4061 498 4124 genere
524 4044 726 4125 Westpbalus
758 4055 792 4109 et
820 4045 849 4108 io
878 4065 1023 4127 praesens
1051 4044 1221 4110 Caesareae
1248 4046 1425 4128 Msjeetatis

119 4131 214 4194 nister
236 4132 361 4196 aulicus.
407 4133 643 4196 Mathematicus
671 4135 749 4197 enirn
779 4155 837 4199 non
864 4135 930 4197 vult
957 4136 1070 4198 audire.
1116 4136 1200 4199 Nihil
1222 4135 1345 4199 honoris
1367 4135 1424 4198 bae

119 4221 226 4284 tutione
249 4222 292 4286 M.
318 4223 353 4283 Τ.
378 4221 505 4303 impono.
552 4224 632 4286 Volo
657 4233 689 4286 ut
716 4243 769 4306 pro
800 4244 882 4288 mero
910 4224 1035 4289 arbitrio
1059 4244 1112 4288 suo
1135 4226 1178 4289 M.
1203 4227 1237 4288 Τ.
1262 4232 1336 4306 agat
1357 4242 1438 4287 cum·

119 4309 270 4373 rebus.
1390 4312 1398 4327 ’

164 4399 212 4463 Ne
235 4418 308 4462 vero
331 4397 405 4463 nihil
428 4398 609 4481 scripserim,
633 4400 742 4463 eddam
757 4401 963 4484 compendium
982 4401 1240 4484 expeditissimum
1262 4401 1424 4484 quaerendi

128 4484 289 4553 Solaribus
317 4487 479 4569 eclipsibus
506 4490 680 4571 perallsxes
708 4490 884 4554 latitudinis.
930 4492 966 4553 In
991 4490 1158 4571 Copemico
1187 4499 1289 4569 exstet
1318 4491 1424 4554 tabula

119 4577 254 4658 gulomm
271 4577 426 4659 eclipticas
443 4595 508 4639 oum
529 4579 700 4656 horizonte3
725 4599 790 4643 oum
812 4581 869 4642 hoc
892 4579 983 4661 igitur
1005 4581 1114 4660 angulo
1138 4576 1296 4664 (tauquam
1320 4588 1424 4642 essent

119 4665 189 4729 edus
213 4666 381 4729 altitudinis
402 4666 500 4740 Solis)
523 4667 679 4750 ingredere
702 4670 836 4733 tabulam
854 4669 1081 4752 parallaoticam
1096 4670 1247 4753 Tychonis
1271 4670 1325 4734 sub
1348 4688 1423 4731 con-

119 4754 210 4818 uienti
233 4755 320 4819 titulo
344 4755 633 4825 semidiametrorum
656 4758 784 4843 Terrae,
811 4768 843 4822 et
870 4779 943 4825 area
969 4759 1074 4823 statim
1102 4761 1224 4825 exbibet
1252 4750 1423 4842 parellesin

119 4842 248 4913 audini&
266 4843 466 4923 'Offiflimflmp
1417 4878 1420 4885 '
