3278 5550
144 282 208 352 402
625 284 665 337 Dc
683 282 793 337 Ilotlbm
810 283 904 343 Italas
920 282 1009 346 Martia

231 464 406 527 Prolatum
435 464 517 525 enim
545 470 590 524 est
618 484 718 546 supra
750 485 818 548 cap.
848 463 1021 532 XLVIII.
1053 462 1228 547 lonqiorem
1258 485 1319 528 eme
1345 465 1430 529 diam

141 555 278 631 ferentia
301 575 356 625 ea,
396 553 486 655 cujus
522 553 674 614 diameter
697 562 741 615 eet
770 553 909 616 aredium
938 554 1180 635 proportionale
1209 556 1291 618 inter
1306 554 1435 619 utum·

143 642 296 726 ellipsim,
319 649 354 704 ut
377 641 467 722 euius
489 639 602 704 circuli
624 662 701 703 area
720 641 832 720 (Areia
850 640 986 724 Spltuer
1009 638 1104 720 VII.)
1129 651 1245 724 aequat
1267 662 1365 708 meam

141 730 340 795 needed
371 738 401 792 et
430 730 568 791 medium
605 732 836 794 arithmeticum
866 740 912 793 eat
947 729 1073 813 lonpiue
1112 734 1218 796 medio
1248 733 1379 817 properti

143 821 297 885 Proxime
319 839 392 900 erqo
416 817 565 898 aequalia
587 827 664 881 aunt
682 822 754 883 ieta.
810 845 818 866 ¹

195 909 285 969 V·l.
332 908 555 978 Quadratorum
569 909 833 987 proportionaliter
848 908 1011 1025 divisopum
1035 927 1200 987 gnomones
1225 917 1295 973 sunt
1309 910 1365 971 ad'
1358 908 1445 973 mum

143 1007 175 1059 ut
198 999 354 1079 quadrata.

232 1085 307 1151 Sint
334 1087 397 1148 duo
425 1085 585 1166 quadrata
609 1086 660 1147 l'L
683 1093 712 1147 et
735 1084 798 1147 SH.
845 1087 972 1148 Horum
999 1084 1102 1148 latera
1126 1086 1190 1158 KL,
1215 1087 1273 1148 ΕΠ
1300 1087 1393 1150 diuisa
1417 1089 1432 1140 ·'

138 1172 468 1280 proportionaliter
454 1196 491 1236 m
518 1177 645 1257 ponatis
668 1175 710 1248 M,
734 1174 770 1237 B.
819 1173 1008 1238 Scribuntur
1035 1194 1207 1256 qnomonea
1236 1174 1326 1247 KOQ
1347 1184 1372 1238 et
1390 1175 1440 1256 Gis

142 1265 231 1346 Erqo
254 1266 331 1346 quio
353 1263 415 1325 ML
438 1263 483 1323 ad
506 1264 561 1323 lK
588 1266 635 1328 εἰσ
662 1252 706 1325 eal
729 1270 764 1326 ut
786 1264 842 1324 BH
865 1264 909 1325 ad
932 1262 1004 1336 HE3
1032 1266 1094 1326 erit
1119 1265 1217 1327 etiam
1240 1262 1296 1326 OL
1319 1265 1360 1328 od
1411 1274 1429 1330 ’,

143 1354 203 1415 ΒΗ
225 1354 270 1416 ad
291 1351 353 1414 HS.
400 1351 467 1413 Sed
486 1371 655 1434 qnomonee
682 1360 754 1414 sunt
783 1354 1012 1434 quadratorum
1038 1354 1244 1434 differentiae
1291 1355 1376 1438 Erpa
1414 1391 1416 1395 <

143 1449 179 1505 ut
202 1442 254 1503 LP
277 1442 321 1505 ad
343 1460 435 1503 auum
454 1460 655 1522 qnomonem,
679 1444 725 1504 εἰσ
748 1442 801 1504 HS
825 1442 869 1503 od
891 1462 1000 1504 mum:
1027 1450 1056 1504 et
1075 1444 1297 1522 permutatim,
1321 1451 1355 1506 ut
1373 1440 1425 1507 I’l·

144 1529 199 1592 HS
221 1531 268 1593 εἰσ
288 1551 424 1614 qnomon
446 1528 537 1600 KOQ
560 1534 605 1594 od
625 1550 808 1613 qnomonem
830 1529 923 1592 CRE.

205 1620 304 1682 Vll.
352 1617 387 1682 Si
409 1638 428 1679 a
451 1620 578 1681 termino
615 1619 828 1681 semidiametri
861 1619 1049 1680 brevioris
1040 1639 1070 1680 1n
1101 1618 1344 1681 circumferentia
1377 1618 1431 1681 ell

149 1709 328 1769 extendatur
351 1708 431 1769 linea
454 1707 588 1788 aequalis
613 1708 835 1770 semidiametro
859 1707 1001 1787 longiori,
1034 1707 1078 1769 sic
1106 1713 1141 1785 ut
1170 1709 1349 1771 terminetur
1376 1708 1454 1788 in*¹

150 1797 373 1858 semidiametro
397 1797 549 1877 longiore:
575 1816 650 1880 qnae
667 1799 746 1860 inter
767 1804 909 1878 punctum
931 1797 989 1858 hoc
1013 1805 1043 1857 et
1071 1796 1149 1857 iuter
1172 1807 1308 1860 centrum
1331 1800 1446 1878 Interj

148 1893 250 1966 potest
273 1905 459 1965 gnomonem,
483 1905 569 1966 quem
584 1886 761 1968 quadratum
785 1886 999 1948 semidiametri
1023 1885 1167 1966 longioris
1189 1887 1386 1968 circumponit
1404 1915 1424 1940 o

150 1983 217 2037 rato
241 1974 456 2039 semidiametri
478 1974 635 2038 brevioris.

232 2064 264 2126 A
278 2065 430 2127 bredoria
451 2063 681 2129 semidiametri
695 2062 750 2124 ΗΒ
765 2065 897 2126 termino
911 2062 936 2123 B
956 2063 1145 2126 calendatur
1163 2071 1249 2125 reeta
1264 2063 1332 2138 BN,
1355 2084 1437 2145 nequ

147 2153 378 2215 semidiametro
409 2151 546 2235 longiori
579 2155 645 2216 ΑΗ.
692 2154 780 2215 Dico
803 2152 860 2214 HN
889 2171 984 2234 posse
1012 2172 1196 2233 poemenem
1222 2151 1326 2227 ERG,
1358 2154 1410 2216 loe

148 2262 214 2317 esee
227 2242 366 2305 andium
384 2241 622 2324 proportionale
643 2243 724 2304 inter
741 2241 793 2302 LII
809 2249 838 2304 et
850 2241 1016 2305 residuum
1038 2240 1188 2302 diametri
1201 2240 1327 2304 σίσσιιίἰ.
1351 2243 1387 2304 D
1429 2276 1441 2323 '.

147 2338 280 2394 stratum
302 2338 348 2393 eat
377 2351 478 2412 supra
501 2351 569 2414 cap.
595 2331 729 2395 XLVI.
778 2328 845 2392 Sed
867 2331 918 2391 leia
940 2328 1079 2412 facilius
1101 2338 1130 2392 et
1159 2331 1342 2411 capeditiua
1375 2366 1380 2385 .
1451 2379 1453 2387 ,

147 2427 267 2481 stratur
289 2419 325 2482 in
341 2440 426 2502 puro
450 2441 534 2483 casu.
584 2421 728 2482 Gnornon
755 2421 837 2481 enim
860 2426 905 2480 est
933 2418 1112 2500 diffirmrtia
1139 2420 1369 2500 quadratorum
1397 2427 1436 2475 :th

147 2507 203 2570 ΙΙΕ
226 2508 274 2571 uel
295 2508 365 2581 HA,
388 2529 445 2590 per
473 2508 529 2573 VJ.
555 2512 674 2571 horum.
724 2508 842 2570 Sedet
864 2509 1009 2590 potentia
1034 2507 1138 2590 ipsius
1159 2507 1217 2569 HN
1247 2516 1294 2572 eat
1321 2509 1381 2592 diff
1419 2577 1426 2592 ,

147 2597 376 2678 quadratomm
405 2599 463 2659 BH
492 2606 521 2660 et
552 2599 627 2672 BN,
665 2598 721 2658 ltoo
751 2605 796 2659 eat
827 2597 883 2656 HE
916 2599 979 2659 eive
1008 2596 1068 2657 ΑΗ
1099 2596 1208 2677 (Εεσί.
1233 2598 1262 2671 Ι,
1287 2593 1363 2675 46).
1413 2634 1418 2649 ·

147 2685 281 2766 aequale
312 2693 357 2748 est
380 2687 573 2766 quadratum
595 2686 654 2749 HN
676 2686 824 2766 gnomoni
845 2683 938 2748 ERO.
988 2686 1083 2763 Quod
1111 2693 1180 2748 erat
1209 2686 1420 2750 aerumnam

236 2775 324 2836 VIII.
378 2775 412 2837 Si
445 2776 573 2837 circulus
606 2775 757 2836 dividatur
789 2773 817 2834 in
851 2780 1037 2855 quotcunque
1069 2793 1120 2837 seu
1153 2775 1286 2837 infinitas
1318 2783 1420 2856 parter,

149 2872 262 2945 puncta
285 2862 464 2925 dirisionum
488 2872 703 2925 connectantur
725 2881 790 2924 cum
813 2870 923 2942 puncto
957 2863 1056 2944 aliquo
1094 2870 1214 2943 praeter
1237 2872 1386 2935 centrum,

150 2952 339 3031 complexum
362 2952 477 3025 circuli,
512 2960 725 3014 connectuntur
755 2953 826 3013 item
850 2970 915 3012 com
938 2960 1056 3013 centro:
1090 2971 1205 3014 summa
1227 2971 1341 3029 earum,
1364 2968 1425 3034 quae

154 3048 267 3110 centro,
290 3039 388 3101 minor
411 3041 470 3102 erit
493 3061 608 3102 summa
631 3060 743 3114 earum,
767 3059 842 3121 quae
866 3058 904 3101 ex
925 3040 986 3102 aIIo
1009 3049 1128 3120 puncto.

241 3130 283 3189 Et
296 3128 384 3190 binae
409 3129 516 3203 lineae,
540 3130 695 3210 proximae
718 3130 816 3190 lineae
832 3129 980 3209 apsidum,
1004 3130 1111 3191 ductae
1128 3130 1158 3191 in
1177 3129 1320 3210 oppositu
1338 3148 1374 3191 ex
1387 3148 1441 3210 po»

151 3217 335 3290 eccentrico,
367 3218 501 3297 proxime
526 3226 614 3280 erunt
640 3219 782 3298 aequales
805 3218 921 3289 duabus
953 3237 990 3279 ex
1018 3226 1121 3280 centro
1152 3219 1182 3280 in
1214 3219 1355 3300 opposita
1379 3213 1441 3279 auo

154 3307 241 3455 hiup
270 3310 342 3366 ve'ro
376 3307 404 3368 in
437 3306 513 3369 locis
543 3307 729 3369 intermediis
760 3306 1015 3387 multo·²majores
1039 3314 1126 3370 eruat
1155 3308 1206 3382 iis,
1237 3327 1315 3390 quae
1339 3326 1374 3369 er
1414 3333 1429 3354 υ

152 3395 208 3456 edu
228 3403 282 3456 unt
378 3396 454 3456 dem
1446 3394 1449 3399 '

237 3485 277 3547 D
384 3488 501 3548 ratum
524 3494 568 3549 est
582 3506 651 3568 cap.
668 3484 746 3546 XL.
784 3484 897 3565 Itaque
919 3503 1064 3546 eoaeeaua
1085 3487 1145 3547 iate
1161 3505 1225 3548 non
1247 3485 1361 3549 nesae

147 3565 219 3636 liter
254 3592 325 3636 oum
353 3594 482 3637 numero
505 3574 677 3640 limarum
706 3573 804 3639 multo
835 3575 941 3636 minna
972 3593 1042 3634 cum
1070 3575 1208 3636 annone
1260 3550 1446 3638 Hor-rau¹

150 3663 386 3743 differentiae'
372 3685 408 3726 en
431 3664 498 3744 fine
527 3666 942 3736 numerumnunerum
968 3682 1038 3724 aero
1066 3663 1240 3726 dictorum
1251 3664 1446 3746 diffamatia

143 3753 211 3835 fine
231 3759 306 3813 eunt
326 3754 495 3815 mammae.
538 3756 588 3816 Aa
611 3774 682 3815 oum
704 3773 782 3815 area
805 3748 918 3813 airardi
939 3750 1028 3812 ΚΝΑ
1052 3771 1108 3813 ere
1107 3760 1171 3815 eat
1196 3751 1391 3836 aequaliter,

152 3838 280 3921 quidem
302 3840 391 3902 KHA
416 3862 486 3904 eum
508 3862 636 3905 numero
664 3840 836 3913 linearum,
867 3859 907 3902 em
929 3841 1172 3912 aomlruetione,
1198 3849 1297 3925 porte
1317 3861 1388 3905 aero

153 3950 223 3992 aum
244 3929 376 3992 onnon
411 3944 557 4123 new,
595 3931 640 3991 ad
667 3950 742 4010 quos
764 3937 840 3992 cont
875 3922 993 4002 lineae,
1015 3929 1052 3990 in
1075 3929 1133 3991 HN
1170 3928 1406 4012 motupltooro,
1431 3902 1460 4009 tl

151 4038 220 4098 cap.
235 4017 327 4080 XL:
351 4039 429 4081 areo
529 4041 549 4082 r
572 4018 685 4082 airardi
697 4038 771 4095 non¹
778 4025 824 4082 eet
844 4026 921 4099 opto
944 4018 989 4080 ad
1009 4038 1192 4081 mensuram
1212 4038 1355 4084 munnae
1374 4016 1460 4082 tie·

153 4108 273 4170 tiorum
295 4126 373 4169 auae
395 4108 677 4210 oirrufflrrntrae.

232 4195 295 4277 IX.
343 4194 377 4258 Sl
401 4205 501 4259 autem
523 4216 578 4276 pro
600 4197 689 4259 lineis
717 4215 754 4258 ex
777 4202 886 4275 puncto
917 4196 1084 4258 eccentrico
1107 4201 1262 4257 sumantur
1291 4196 1390 4259 lineae
1415 4190 1460 4256 ill

156 4303 194 4363 qu
258 4286 500 4347 aterminantur
530 4307 548 4346 a
578 4284 873 4366 perpendicularibus
906 4304 943 4345 ex
973 4285 1026 4345 illo
1054 4292 1164 4365 puncto
1200 4285 1231 4347 in
1259 4303 1314 4348 eas
1344 4292 1460 4367 quse!

155 4390 207 4433 cen
322 4381 393 4435 eunt
415 4375 571 4452 demissis;
595 4376 660 4436 hoc
690 4384 752 4445 est,
789 4373 814 4434 si
848 4382 1002 4435 sumantur
1030 4374 1192 4435 distantiae
1221 4370 1460 4453 diametrales!

154 4454 491 4538 circumferentialibus,
524 4472 558 4525 ut
589 4482 653 4543 cap.
687 4463 838 4569 XXXIX
872 4471 904 4523 et
935 4464 1033 4525 LVII.
1068 4463 1278 4525 denominatae
1311 4470 1397 4526 sunt.
1423 4466 1460 4529 Η

155 4569 271 4612 summa
294 4559 403 4630 aequat
426 4572 572 4625 summam
596 4540 714 4626 eammf
730 4571 806 4632 quae
831 4570 868 4612 ex
891 4560 993 4612 centro
1017 4552 1172 4614 ducuntur.
1451 4578 1460 4591 ··

245 4638 397 4720 Lliqatur
415 4644 502 4704 eninr
513 4643 716 4723 quodeunque
733 4650 885 4745 punctum
903 4643 1173 4725 circumferentiae
1187 4640 1310 4717 circuli,
1333 4636 1460 4722 quodi!

151 4727 256 4802 ettK,
281 4736 310 4791 et
333 4749 373 4790 eoo
390 4731 420 4790 K
438 4733 540 4837 pepli
563 4738 649 4794 reolo
672 4731 845 4793 ducatur
831 4751 865 4791 m
884 4737 1008 4810 partem
1031 4731 1305 4810 circumsermtiue
1319 4727 1460 4813 opposita

154 4819 179 4899 1,
205 4839 245 4883 ea
268 4818 294 4884 N
318 4818 842 4907 σσσοὲσωῌρῆγσίὶόἰσσίωἰσ
827 4830 863 4883 ui
884 4818 940 4897 Kl,
969 4840 1051 4902 quoe
1072 4821 1115 4889 u‘t
1135 4819 1201 4891 ΝΤ
1232 4808 1460 4991 ΜΚΜ
