3278 5550
147 288 213 361 228
629 295 797 350 canossa·
815 294 910 350 seua
925 294 1015 352 unu

150 468 208 537 16⁰
223 469 335 550 481&
360 475 407 537 hio
428 469 487 538 15⁰
499 467 657 577 ‹143¹l‘u1,
682 476 750 538 loca
775 484 800 548 d
824 478 992 540 eccentrioa
1016 485 1193 582 coaequata.
1232 478 1316 543 Nodi
1336 480 1383 553 (ut
1396 481 1472 558 nuel

147 565 210 624 fere
234 582 272 624 ex
295 570 397 626 centro
420 564 597 647 systematis
625 567 784 645 planetarii
808 575 879 629 sunt
906 569 1038 646 oppositi
1061 568 1092 630 in
1120 564 1227 652 161
1249 568 1287 646 ιι,
1312 580 1348 649 tlt
1369 571 1471 635 circiter

149 652 227 732 quod
251 652 485 715 Ptolemaeus
510 655 641 728 Terram,
668 653 896 735 Oopernicus
920 666 952 718 et
975 658 1096 747 Tyclqo
1119 659 1243 721 Brahe
1266 666 1472 742 punctumpro·

146 741 227 802 xime
251 739 354 802 Solem
377 742 526 804 dixerunt.

237 827 390 901 Quantum
414 840 515 893 antem
538 838 637 894 mutat
624 834 683 894 turi
706 834 800 896 simus
823 834 852 895 in
877 832 923 894 his
948 834 1021 896 locis
1045 836 1203 910 nodomm‚
1234 836 1285 899 nbi
1313 838 1472 917 transposita

147 919 265 980 theoria
288 917 369 981 Solis
394 922 529 982 amedio
553 922 592 983 ad
616 933 811 1003 apparentem
834 930 949 984 motum
968 921 1049 986 Solis
1074 924 1270 1004 aequationes
1295 927 1472 991 mutabuntur

148 1009 228 1070 inira
249 1015 337 1088 parte
361 1009 467 1089 quinta
488 1010 615 1092 patebit

732 1193 915 1208 ffl-

691 1356 812 1455 Caput
846 1354 953 1429 XIII.

234 1497 437 1582 Investipatio
460 1496 678 1562 inclinationis
699 1496 873 1582 planorum
900 1498 1063 1584 eclipticas
1084 1507 1113 1564 et
1136 1502 1259 1565 orbitae
1281 1500 1410 1565 Martia

236 1623 333 1684 Nodis
359 1632 390 1686 et
417 1621 561 1684 limitibus
590 1623 736 1702 superiori
765 1623 864 1704 capite
889 1642 927 1684 ex
950 1625 1105 1686 sententia
1126 1625 1239 1688 Brahei
1263 1635 1296 1687 et
1320 1644 1472 1691 mea
1410 1644 1472 1706 q

147 1711 282 1791 proxime
305 1712 446 1785 inventis,
468 1711 532 1790 jam
556 1711 649 1773 etiam
672 1712 877 1792 inquirendum
903 1720 958 1786 est,
985 1721 1129 1791 quantum
1154 1732 1222 1776 vere
1245 1714 1406 1778 inclinetur
1422 1715 1472 1796 plr-

144 1819 215 1862 num
248 1801 326 1863 orbit
314 1812 363 1863 tae
386 1799 497 1863 Martis
521 1800 561 1861 ad
582 1803 705 1880 planum
739 1802 906 1880 eclipticas.
918 1795 952 1874 *)
998 1803 1034 1863 Id
1063 1803 1137 1864 ab
1130 1802 1212 1884 ipsis
1236 1803 1472 1875 observationibn

148 1890 295 1951 deducere
310 1910 370 1952 non
386 1891 430 1951 ita
453 1898 602 1969 promtum
616 1899 674 1951 est.
721 1891 800 1951 Nam
823 1891 950 1969 angulus
975 1891 1179 1955 inclinationis
1198 1892 1289 1972 hujus
1305 1892 1472 1967 constitu'h

145 1979 226 2060 apud
252 1991 389 2043 centrum
411 1978 589 2061 systematis
608 1979 779 2057 planetarii,
803 1980 882 2060 quod
904 1978 1108 2058 Cepernico
1132 1990 1164 2043 et
1182 1981 1351 2063 Tycboni
1373 1981 1472 2049 Solu

234 2068 280 2131 At
301 2071 386 2132 visus
411 2069 440 2129 in
464 2066 567 2130 Solem
592 2085 740 2147 nunquam
773 2068 934 2142 inducitur,
968 2078 1002 2131 ut
1025 2089 1063 2131 ex
1086 2089 1121 2131 eo
1151 2070 1225 2132 baec
1258 2071 1412 2133 inclinatio
1445 2091 1472 2137 ι

144 2156 213 2219 fixis
245 2157 342 2221 videri
366 2165 397 2220 et
421 2157 587 2218 mensurari
619 2157 728 2236 possit.
773 2157 822 2219 Ex
851 2158 909 2218 alio
942 2176 1013 2220 vero
1046 2159 1111 2220 loco
1146 2161 1272 2240 (angulo
1306 2160 1398 2222 etiam
1428 2162 1472 2225 al

145 2247 332 2326 spectabitur
355 2246 488 2308 maxima
518 2246 665 2325 digressio
696 2247 799 2308 limitis
824 2246 861 2307 ab
886 2247 1035 2327 ecliptica.
1081 2249 1116 2310 In
1139 2248 1378 2312 Ptolemaica
1408 2250 1472 2311 fos

144 2335 240 2397 videri
263 2337 364 2416 possit
387 2334 555 2416 expeditior
583 2335 675 2409 ratio,
705 2337 841 2397 sednon
867 2342 924 2397 est.
971 2336 1051 2398 Nam
1075 2338 1347 2412 demonstrabitur,
1379 2339 1472 2418 plan

145 2425 270 2506 epicycli
294 2445 416 2488 manere
445 2431 590 2504 perpetuo
621 2425 786 2504 parallelon
811 2425 902 2503 plano
935 2425 1103 2505 eclipticas.
1150 2427 1231 2489 Pone
1262 2447 1336 2507 ergo
1366 2436 1472 2489 centu

142 2514 225 2594 plani
250 2516 377 2598 epicycli
400 2515 430 2576 in
455 2513 549 2575 limite
582 2514 747 2588 alterutro,
782 2514 823 2576 sit
846 2513 971 2594 planeta
994 2514 1024 2575 in
1053 2515 1158 2578 eadem
1191 2516 1271 2579 linea
1304 2514 1472 2597 longitud

143 2624 181 2666 ex
204 2615 308 2667 centro
332 2607 415 2668 visus
439 2622 493 2683 per
508 2611 642 2665 centmm
666 2604 808 2684 epicycli:
834 2603 955 2665 velerit
978 2604 1121 2665 remotior
1136 2626 1155 2665 a
1170 2605 1235 2666 visu
1251 2625 1341 2688 quam
1365 2612 1472 2668 cent-1

144 2693 281 2776 epicycli,
307 2702 339 2756 et
362 2695 406 2756 sic
429 2693 578 2755 distantia
601 2693 666 2772 ejus
690 2694 728 2754 ab
752 2692 891 2771 ecliptica
923 2693 1019 2753 minor
1046 2695 1206 2773 apparebit
1234 2714 1324 2775 quam
1354 2695 1472 2757 disus

145 2783 242 2844 centri
265 2784 391 2866 epicycli
416 2783 453 2843 ab
478 2783 583 2843 eadem
608 2781 767 2860 ecliptica3
798 2782 845 2842 vel
868 2782 927 2842 erit
950 2781 1071 2861 propior
1098 2783 1175 2847 visui
1200 2792 1232 2847 et
1254 2785 1299 2846 sic
1322 2784 1471 2869 ιιιιι]ὀι,,μ
1430 2786 1472 2835 1

142 2872 263 2951 parebit
286 2891 321 2933 eo
346 2872 424 2952 quod
449 2871 628 2950 quaerimus.

235 2960 352 3022 Inhac
376 2959 556 3021 difficultate
585 2959 779 3020 solaturnos
803 2956 1016 3032 boemicum,
1045 2959 1192 3039 quodid,
1221 2961 1308 3041 cujus
1332 2940 1472 3024 causas

143 3048 336 3120 clinationem
359 3049 439 3110 inter
462 3048 609 3128 principia
633 3047 810 3127 quaerimus,
835 3066 895 3108 non
915 3054 963 3108 est
978 3047 1050 3123 tale,
1075 3057 1109 3110 ut
1127 3068 1272 3111 summam
1297 3050 1472 3115 subtililtlfl

144 3138 307 3199 desideret.
346 3136 467 3199 Licebit
490 3136 582 3216 igitur
605 3136 690 3199 nobis
714 3137 759 3199 uti
782 3135 917 3201 modis''
898 3155 945 3205 ns,
971 3138 1020 3216 qui
1041 3138 1077 3198 de
1097 3137 1300 3202 inclinationis
1324 3138 1472 3220 quantit!

144 3226 350 3289 testimonium
374 3226 490 3288 eminus
513 3224 691 3305 perbibent:
717 3244 841 3304 quorum
864 3233 926 3287 tres
950 3244 1104 3306 ponemus.

231 3317 373 3395 Apparet
395 3323 496 3376 autem
518 3334 556 3376 ex
575 3315 639 3395 jam
662 3314 768 3384 dictis,
802 3325 872 3376 tunc
896 3332 951 3375 nos
974 3314 1141 3378 rectissime
1165 3316 1300 3396 adjutum
1323 3318 1369 3393 iri,
1391 3316 1417 3379 si
1432 3314 1472 3380 oh

143 3405 343 3467 servationem
369 3405 577 3466 nanciscamur
595 3403 705 3465 Martis
725 3405 764 3465 ad
782 3404 843 3466 tale
863 3413 1052 3480 momentum,
1072 3405 1123 3468 ubi
1138 3406 1222 3467 Mars
1242 3406 1409 3486 aequaliter
1423 3413 1472 3469 st·

143 3494 238 3556 Terra
262 3504 295 3557 et
317 3514 337 3555 a
360 3493 433 3555 Sole
466 3493 619 3555 absistens
652 3492 732 3553 linea
760 3513 797 3554 ex
822 3491 893 3553 Sole
921 3512 975 3572 per
1004 3495 1206 3556 seductam
1233 3492 1292 3558 16ο
1313 3497 1364 3558 vel
1389 3491 1472 3565 1ι”Ι

142 3585 261 3646 velm
286 3585 369 3657 (loca
392 3582 534 3658 limitum)
558 3582 726 3644 referatur:
757 3581 786 3642 in
811 3583 907 3644 forma
930 3582 1131 3659 Ptolemaica,
1156 3584 1216 3657 ubi,
1240 3592 1344 3647 centro
1368 3574 1472 3690 epiefl

142 3673 171 3735 in
199 3669 266 3746 16⁰,
298 3669 404 3748 we
432 3673 551 3733 vel...
504 3689 551 3706 Μ
579 3679 738 3742 versante,
766 3672 850 3732 Mars
883 3673 1051 3751 aequaliter
1080 3692 1147 3735 cum
1179 3682 1282 3735 centro
1315 3674 1472 3757 epicycli]

142 3762 237 3825 Terra
261 3763 351 3825 absit
398 3763 433 3823 In
457 3762 521 3822 solo
546 3759 695 3823 Mercurio
720 3761 776 3822 hoc
798 3760 955 3841 problema
978 3763 1074 3823 locum
1099 3781 1156 3824 non
1179 3763 1314 3826 habebit.

232 3850 282 3914 Sit
304 3852 330 3912 B
354 3858 419 3925 (rig.
441 3854 487 3920 ιι)
512 3848 583 3923 Sol,
611 3851 642 3912 Α
666 3850 777 3912 Terra:
812 3851 1014 3912 constituatur
1043 3871 1132 3931 super
1155 3852 1212 3914 AB
1230 3853 1376 3916 isosceles
1399 3852 1472 3921 ΑΙ

142 3946 173 4002 et
196 3940 238 4002 sit
260 3941 401 4020 planetae
424 3940 509 4002 locus
534 3938 568 4013 C,
593 3947 734 4019 punctum
758 3937 914 4019 eclipticas
937 3940 1037 4020 plani:
1067 3948 1226 4022 erectaque
1254 3942 1472 4027 perpendicuh

143 4027 197 4091 OE
220 4030 249 4090 in
274 4030 402 4092 orbitam
427 4037 467 4103 (ς,
492 4047 599 4107 corpus
623 4036 649 4098 (ς
672 4027 702 4090 in
725 4029 751 4090 Ε
775 4028 826 4091 sit.
873 4030 1053 4108 Aequaliter
1080 4030 1172 4109 igitur
1201 4032 1364 4112 apparebit
1384 4032 1472 4099 Eos

143 4137 180 4180 ex
202 4118 228 4180 B
252 4117 324 4182 Sole
349 4126 442 4180 etex
463 4119 494 4181 A
517 4118 629 4179 Terra:
654 4136 708 4196 per
731 4137 764 4180 sa
788 4125 883 4196 patet.

230 4257 256 4328 ⁸)
277 4262 424 4317 Inclinatio
443 4258 476 4316 'et
495 4261 614 4317 latitudo
637 4260 795 4316 differenter
815 4261 1019 4334 intelligantur.

230 4341 375 4398 Inclinatio
397 4346 430 4397 de
445 4343 549 4416 angulo
564 4345 599 4397 ad
613 4342 704 4398 Solem
722 4344 768 4396 vel
789 4349 911 4397 centmm
932 4342 1092 4414 systematis
1112 4340 1271 4414 planetarii,
1294 4360 1377 4415 quem
1392 4328 1472 4421 Cepi

113 4460 116 4467 ,
141 4419 202 4478 nico
223 4421 331 4477 faciunt
355 4423 476 4479 lineae
468 4442 496 4478 ιιι
523 4440 620 4495 corpus
642 4429 668 4491 d
690 4430 720 4477 et
748 4425 837 4477 locum
864 4422 925 4492 ejus
954 4423 1111 4493 eclipticum
1141 4422 1259 4492 ejectae.
1300 4414 1472 4487 Latitudoi

142 4502 271 4574 augnrlus,
294 4520 346 4574 quo
368 4502 511 4574 quaelibet
532 4504 674 4558 inclinatio
695 4522 732 4557 ex
753 4505 841 4558 Terra
861 4510 1013 4573 spectatur.
1437 4504 1472 4541 Ἀ

14 4631 20 4641 ,
229 4583 262 4636 ln
280 4583 441 4639 Ptolemaeo
462 4584 604 4639 inclinatio
625 4590 670 4640 est
687 4582 811 4655 angulus
832 4591 970 4639 rectarum
991 4602 1027 4641 ex
1048 4585 1135 4640 'l'erra
1153 4601 1204 4655 per
1229 4591 1354 4642 centrum
1374 4574 1472 4665 spiqi

141 4669 171 4720 ιι
194 4679 245 4734 per
269 4663 359 4718 locum
388 4665 448 4735 ejus
474 4665 504 4719 in
526 4665 657 4735 ecliptica
685 4663 844 4734 ejectarum.
885 4665 1015 4720 Latitrfflo
1042 4670 1088 4721 ιιι
1115 4667 1245 4738 angulus,
1275 4682 1359 4736 quen
1387 4669 1472 4741 ιιᾲ

141 4751 236 4801 rectae
256 4761 293 4799 ex
315 4749 409 4800 centm
430 4745 548 4815 Terrae,
567 4747 660 4803 altera
677 4762 729 4818 per
749 4761 848 4818 eorpus
868 4746 1015 4819 planetae,
1041 4745 1135 4803 altera
1152 4762 1205 4879 per
1223 4748 1329 4815 locum,
1350 4750 1400 4823 qai
1418 4748 1472 4877 ἀι

70 4910 77 4931 .
141 4825 273 4901 ecliptico
290 4826 448 4900 respondet,
471 4826 596 4896 qJ'ects.¹
