3278 5550
600 284 888 353 assentaneus
1358 285 1427 355 tall·

105 463 217 529 sonem
247 463 443 541 observavit,
483 463 583 528 omnia
609 465 738 531 consilia
769 466 885 530 detexit
914 465 1057 549 librisque
1094 469 1226 533 moriens
1253 467 1423 549 perscripta

105 553 200 636 liquit.

159 640 276 716 Quibus
299 663 357 725 ego
380 642 464 707 libris
487 643 652 706 instructus
675 643 763 721 utun
790 645 868 708 banc
891 665 992 709 curam
1014 647 1164 709 Braheo
1187 645 1331 722 successi,
1355 645 1420 726 pri

105 752 150 796 nm
170 741 305 797 metnsre
328 732 420 808 desii,
448 753 536 815 quem
554 734 618 814 jam
640 733 831 798 mediocriter
854 754 1072 815 cognoveram:
1102 736 1210 799 deinde
1234 735 1349 798 notatis
1369 735 1419 797 di·

105 830 196 904 qenter
218 831 387 904 temporum
409 821 562 899 articulis,
586 822 692 905 quibus
715 822 766 885 ille
790 825 830 887 ad
851 825 981 905 pristina
1010 827 1078 888 loca
1100 844 1154 887 ceu
1178 826 1217 888 ad
1241 824 1350 887 cubilia
1365 843 1421 886 sna

105 911 219 977 cntitare
241 914 370 990 soleret,
393 911 570 975 Braheanas
589 932 625 975 eo
641 912 805 988 machinas,
826 914 986 977 subtilibus
1000 914 1166 978 instructas
1178 912 1316 1001 dioptris,
1331 913 1422 975 -velnt

105 1003 246 1066 leertnm
270 1020 393 1083 scopum
407 1001 514 1074 direxi,
538 1020 714 1082 omnemque
737 1001 834 1065 locum
852 1002 992 1085 indagine
1017 1003 1113 1078 cinxi,
1135 1004 1272 1066 curribus
1291 1020 1419 1084 magnae

105 1092 174 1155 atris
197 1091 327 1155 Telluris
348 1092 378 1154 in
402 1110 508 1174 gyrum
532 1090 730 1155 circumactis.

156 1181 225 1244 Non
248 1189 351 1244 tamen
375 1181 439 1243 sine
462 1180 572 1243 sudore
595 1180 743 1243 successit
765 1180 934 1260 negotium:
960 1182 1030 1243 dnm
1054 1181 1225 1263 frequenter
1247 1180 1288 1242 ibi
1312 1178 1421 1242 desunt

105 1271 249 1346 schinse,
284 1271 335 1333 ubi
364 1269 541 1350 potissimus
573 1290 674 1332 earnm
697 1290 769 1332 usus
793 1277 874 1345 erat,
899 1279 952 1332 aut
984 1272 1052 1333 dum
1075 1270 1134 1332 viis
1158 1270 1284 1345 lutosis,
1309 1287 1418 1348 magno

105 1359 232 1443 mporis,
263 1378 373 1440 magno
402 1368 552 1423 sumtuum
575 1358 744 1440 impendio,
773 1367 1019 1421 transvectantur
1049 1359 1087 1422 ab
1117 1359 1264 1439 imperitis
1296 1358 1418 1438 aurigis,

105 1449 220 1513 rtdum
243 1448 413 1530 eiaculatus
437 1449 631 1530 quarundam,
657 1448 729 1510 milri
753 1448 882 1510 nondum
907 1449 1098 1529 exploratus,
1122 1448 1151 1509 in
1176 1449 1306 1524 diversa,
1331 1466 1420 1529 qnam

105 1548 266 1608 deseram,
303 1538 370 1601 loca
393 1537 501 1601 tendit.
548 1537 647 1619 Saepe
671 1537 813 1617 splendor
836 1536 918 1600 Solis
946 1547 1000 1600 aut
1021 1539 1143 1611 Lunae,
1179 1557 1271 1617 saepe
1304 1537 1419 1600 coelum

105 1629 202 1692 :hilum
236 1626 395 1690 directoris
426 1627 521 1690 oculis
552 1627 711 1708 imposuit,
745 1627 867 1707 saepius
901 1627 1038 1711 objectus
1068 1626 1149 1689 aeris
1172 1627 1274 1709 vapidi
1298 1626 1419 1706 globum

105 1717 173 1781 isnm
199 1738 221 1779 a
243 1725 327 1781 recto
350 1716 472 1778 tramite
496 1717 635 1791 deflexit,
659 1734 714 1778 nec
738 1736 805 1779 raro
828 1717 978 1796 parietes,
1001 1713 1204 1796 obliquissime
1229 1715 1349 1796 objecti,
1375 1714 1418 1776 ir-

105 1826 145 1870 :os
167 1806 251 1870 ictus
276 1814 458 1886 exceperunt
481 1805 673 1887 quantumvis
697 1805 827 1868 crebros.
865 1806 1009 1869 Accessit
1031 1805 1127 1867 bostis
1147 1805 1176 1866 in
1193 1803 1419 1867 excursionibus

105 1896 269 1973 inania,
260 1917 291 1958 ιι
314 1895 431 1958 insidiis
444 1895 614 1999 vigilantia,
639 1895 725 1957 nobis
740 1895 912 1974 plerumque
930 1894 1162 1969 dormientibns3
1186 1914 1215 1957 sn
1225 1894 1420 1975 repugnando

105 1985 198 2068 nique
223 1984 409 2067 pertinacia,
435 1984 484 2066 qui
496 1992 679 2088 ,expugnato
704 1994 756 2047 aut
778 1983 899 2064 prodito
922 1984 1049 2046 castello
1073 2003 1130 2046 nno
1159 2003 1226 2045 sese
1254 1982 1369 2064 recepit
1382 1981 1421 2045 ad

105 2075 163 2140 nd.
199 2094 258 2138 nec
292 2072 397 2136 eadem
424 2074 554 2136 omnium
580 2074 774 2135 castellorum
801 2074 879 2135 ratio
903 2073 1110 2154 expugnandi,
1144 2091 1198 2134 nec
1222 2073 1279 2135 iter
1302 2072 1341 2135 ab
1363 2091 1421 2134 uno

105 2168 238 2228 lectera
262 2163 446 2245 expeditum,
481 2164 536 2225 sed
564 2170 616 2225 ιιι
639 2162 876 2225 fluminibnst
832 2181 860 2223 ιι
863 2170 1038 2266 terceptnrn,
1063 2169 1116 2224 aut
1138 2161 1273 2225 sentibus
1292 2162 1421 2243 impedi-

105 2274 140 2331 ιι,
163 2262 201 2317 ιι
227 2252 387 2334 plurimum
410 2271 480 2314 vero
504 2251 705 2334 incognitum:
731 2272 806 2333 qnae
831 2251 950 2332 singula
972 2252 1035 2315 suis
1051 2251 1158 2315 locis'
1151 2271 1180 2313 un
1200 2252 1419 2315 hoccommen-

105 2344 143 2409 rio
163 2342 343 2425 perscripta
364 2349 443 2405 sunt.

151 2432 288 2498 Interim
309 2431 340 2494 in
359 2430 434 2493 meis
455 2430 565 2493 castris
589 2431 665 2511 quod
687 2429 791 2505 cladis,
818 2431 895 2511 qnod
911 2429 1095 2492 calamitatis
1110 2449 1203 2510 genus
1220 2448 1278 2491 non
1294 2427 1422 2492 saeviit?

105 2523 243 2589 biremi
268 2521 363 2585 Ducis
383 2521 520 2603 jactura,
558 2521 681 2595 seditio,
720 2519 831 2599 pestis,
855 2520 964 2594 morbi,
998 2519 1165 2583 domestica
1194 2518 1317 2598 negotia
1343 2519 1424 2581 bona

105 2611 228 2694 ὡῃι,
254 2618 382 2692 numne
415 2609 544 2692 tempori
569 2609 756 2672 extrahendo
785 2616 976 2691 comparata:
1009 2628 1103 2670 novus
1131 2617 1164 2670 et
1186 2607 1365 2687 improvisus
1389 2615 1422 2670 et

105 2700 215 2765 uhts
243 2721 266 2762 a
291 2708 376 2780 tergo
403 2699 518 2774 bostis,
550 2707 584 2761 nt
611 2698 699 2761 retuli
728 2699 758 2760 in
781 2698 857 2759 libro
881 2698 917 2760 de
940 2698 1030 2761 Nova
1053 2696 1171 2772 Stella3
1204 2697 1264 2759 alio
1288 2704 1421 2777 tempore

105 2790 173 2855 hta
192 2791 388 2864 decumanus,
412 2788 590 2870 longissima
613 2787 719 2863 canda,
742 2805 866 2849 vomens
889 2787 975 2866 ignes
993 2806 1117 2867 meaque
1136 2794 1240 2849 castra
1257 2786 1423 2861 infestans:

105 2878 198 2945 itum
221 2877 363 2960 perfugia
386 2885 418 2940 et
438 2878 582 2959 perunna:
605 2886 743 2961 tyronum
765 2875 935 2957 imperitia:
961 2885 992 2939 et
1015 2885 1105 2958 capnt
1122 2876 1261 2952 omnium,
1285 2884 1422 2939 extrema

105 2976 295 3034 mutuum
318 2967 468 3048 angustia

156 3059 300 3122 Tandem
322 3056 428 3132 hostis,
453 3056 504 3119 nbi
527 3076 582 3118 me
597 3054 759 3136 persistero
783 3052 890 3117 vidit
882 3076 912 3117 in
934 3055 1105 3135 proposito,
1136 3074 1169 3116 se
1191 3073 1263 3118 vero
1286 3052 1424 3136 nuspiam

105 3176 108 3211 ι
125 3167 216 3230 regns
237 3147 289 3210 sni
309 3145 435 3209 ebenitn
457 3153 556 3209 tntum
579 3153 632 3207 sut
655 3163 806 3218 secnrnm,
832 3144 962 3207 animum
981 3145 1020 3206 ad
1039 3145 1124 3226 pacis
1139 3143 1266 3207 consilia
1274 3144 1421 3221 tradunt,

105 3237 225 3319 ‘nsque
248 3243 361 3298 natura
383 3243 507 3316 parente
530 3234 675 3296 victoriae
700 3232 773 3295 mibi
796 3234 1015 3297 consessionem
1037 3233 1161 3308 obtulit:
1195 3234 1423 3317 libertatemque

105 3336 184 3391 nctus
208 3327 289 3389 inter
312 3324 474 3387 arbitraria
496 3325 624 3399 vincula,
649 3322 733 3385 brevi
755 3331 827 3402 post
845 3323 1036 3386 arithmetica
1059 3333 1090 3386 ot
1113 3323 1280 3405 geometria
1303 3324 1422 3405 stipan-

105 3416 207 3494 bns,
196 3435 229 3479 nr
252 3433 323 3477 mea
345 3422 448 3478 ιιιιιι·
470 3432 671 3495 magnacum
694 3412 889 3475 alacritatet
876 3412 1026 3476 transivit.

164 3503 236 3570 Non
260 3502 381 3566 destitit
402 3512 513 3580 ιιιιιι,
538 3522 576 3565 ex
599 3521 656 3583 qno
679 3501 830 3564 deditione
855 3503 937 3565 facts
969 3501 1047 3565 domi
1070 3509 1192 3564 nostrae
1217 3500 1321 3581 aequis
1345 3501 1423 3563 ami-

105 3595 166 3659 tiae
189 3594 310 3675 legibus
324 3601 529 3669 conversatur,
554 3592 679 3654 occultis
694 3590 890 3667 illusionibus,
917 3591 1024 3674 qnippe
1043 3589 1152 3673 quietis
1166 3591 1311 3666 insuetus,
1336 3590 1423 3653 nobis

105 3685 155 3749 tro
179 3681 284 3746 nescio
309 3699 383 3764 qnos
407 3683 479 3745 belli
502 3690 600 3744 metus
621 3681 774 3743 incutere:
799 3681 825 3741 si
845 3682 922 3744 forte
943 3680 1152 3761 perterrefacti
1174 3679 1290 3742 ridendi
1306 3679 1422 3762 copiam

105 3774 335 3837 nifaceremus.
381 3772 426 3834 At
448 3780 482 3833 ut
504 3791 560 3833 nos
584 3771 682 3832 animo
706 3770 776 3832 forti
800 3770 884 3846 vidit,
910 3771 1063 3833 nobiscnm
1084 3769 1222 3832 babitare
1246 3771 1324 3832 serio
1347 3788 1422 3833 con-

105 3863 170 3926 utic
192 3860 428 3941 hostilitatisqne
453 3859 593 3941 deposita
622 3858 811 3921 simulatione
840 3861 928 3922 fidem
954 3881 1039 3923 suam
1062 3859 1146 3922 nobis
1171 3858 1360 3940 approbavit.

160 3951 283 4015 Unum
306 3950 362 4012 boc
384 3951 469 4011 Meam
491 3950 564 4012 Vsm
587 3957 692 4030 rogat,
721 3955 754 4010 ut
784 3948 853 4029 quia
875 3968 1001 4031 magnas
1024 3950 1055 4012 in
1077 3948 1247 4029 regionibns
1270 3947 1421 4011 aethereis

105 4039 232 4106 ientelas
256 4039 350 4102 habet
373 4035 438 4122 (est
461 4039 569 4121 qnippe
592 4047 679 4119 pater
701 4037 760 4121 ipsi
781 4038 917 4120 Jupiter,
942 4058 1016 4102 avus
1040 4036 1199 4114 Satnmns,
1214 4038 1321 4101 Venus
1336 4056 1422 4100 soror

105 4130 241 4212 sdemqne
279 4129 377 4192 amica
407 4129 522 4210 etjam
546 4128 616 4191 olim
639 4129 830 4210 praecipuum
854 4129 1037 4192 vinculorum
1061 4128 1268 4203 lenimentum,
1297 4129 1420 4190 Meron-

105 4239 135 4284 ιι
156 4221 256 4284 fram
277 4218 411 4298 fidusque
431 4218 625 4291 caduceator)
647 4236 804 4300 eorumque
818 4218 883 4299 ipse
899 4225 931 4280 et
949 4218 1042 4299 ipsius
1056 4216 1102 4280 illi
1117 4216 1266 4279 desiderio
1282 4225 1422 4280 tenentur

105 4317 200 4392 npter
225 4327 342 4371 morum
364 4307 609 4370 similitudinem:
642 4309 791 4388 velletque
817 4317 848 4368 et
870 4308 937 4370 illos
961 4327 1063 4370 secum
1085 4307 1165 4369 inter
1187 4305 1322 4369 homines
1346 4326 1420 4369 con-

105 4399 192 4463 trari
215 4397 405 4478 honorisque,
430 4415 487 4478 quo
503 4396 633 4458 afficitur
650 4397 725 4477 ipse,
749 4396 811 4459 fieri
831 4416 889 4458 una
902 4398 1083 4478 participes:
1106 4397 1180 4458 ΜΝ
1201 4397 1251 4458 V·
1268 4396 1421 4478 quampri-

178 4487 251 4550 illos
274 4486 333 4549 sibi
355 4485 477 4561 reddat,
502 4485 701 4567 expeditionis
725 4485 812 4568 hnjns
826 4487 969 4567 reliqniis,
994 4506 1069 4567 qnae
1090 4486 1200 4566 sejam
1222 4485 1325 4549 dedito
1347 4484 1421 4549 nihil

105 4578 190 4641 ibent
211 4594 302 4660 porro
315 4574 459 4657 periculi,
484 4584 605 4638 strenue
624 4574 779 4639 coniectis.
823 4574 922 4647 Quam
937 4578 976 4639 ad
991 4596 1053 4639 rem
1071 4576 1124 4637 Mn
1143 4575 1206 4637 V⁸0
1228 4594 1349 4656 operam
1363 4594 1422 4639 non

105 4667 214 4731 utilem
238 4664 363 4747 (quippe
386 4663 569 4730 exercitatus
592 4664 622 4728 in
642 4661 874 4746 pugnacissime,
898 4685 1066 4748 gnarusque
1081 4665 1229 4739 locorum)
1253 4685 1308 4729 nec
1323 4664 1420 4727 minus

105 4772 168 4820 ιιιι
191 4763 284 4819 antea
305 4753 423 4818 fidelem
437 4762 572 4836 promtus
587 4754 694 4818 offero:
717 4755 773 4819 hoc
792 4756 878 4831 unice
893 4775 982 4819 orans
997 4763 1086 4838 atque
1106 4756 1268 4819 obsecrans
1287 4751 1421 4835 (qnando

105 4862 158 4909 nc
180 4863 297 4930 vocem,
318 4843 442 4928 perinde
465 4852 500 4910 ut
519 4843 683 4909 orationem
701 4845 857 4928 reliquam,
880 4846 1072 4931 crebrarum
1089 4844 1244 4923 militibus,
1268 4841 1421 4908 centurio·
