3278 5550
162 296 227 367 208
642 298 682 351 De
700 298 808 350 Motibus
827 297 922 351 states
940 298 1028 352 Mn&

163 477 384 555 circumducit,
398 477 472 563 jam
493 480 529 541 io
551 475 705 542 aratam
728 475 782 540 GS
804 478 1052 562 hapspordmas,
1078 479 1232 549 ramirum
1253 480 1292 543 in
1314 480 1418 564 ipsam
1439 503 1497 544 cor-

158 588 222 652 pas
245 567 341 641 Solis,
364 570 449 649 qaod
471 586 593 651 seraper
614 570 649 631 ia
671 568 766 643 linea,
787 552 871 655 fiac?
890 568 956 651 ipsi
979 566 1032 631 CB
1051 567 1230 651 parallelos
1252 576 1308 641 est,
1331 572 1434 653 spatio
1455 569 1498 631 CB

163 678 264 740 supra
287 657 496 739 Brahearsam
515 665 668 741 panetaria
686 659 772 738 pris
798 664 801 669 '
825 679 858 719 m
878 665 951 730 etat,
974 656 1093 722 scilicet
1115 659 1217 741 supra
1239 658 1280 733 V,
1296 657 1331 733 P,
1356 659 1393 721 ia
1415 658 1445 733 S,
1460 658 1497 719 G:

162 755 198 811 at
217 744 358 830 ipitarD
376 753 495 829 puncto
518 742 722 828 aequalitatis
742 768 774 831 ne
868 767 884 809 e
906 741 1177 825 (ieameamer
1198 750 1364 810 mooun&
1380 768 1439 833 per
1451 747 1499 810 CV

160 826 312 921 niphatis)
338 843 367 898 et
384 834 517 917 planeta
539 836 576 899 ia
600 834 627 896 0
650 844 679 897 et
698 844 849 919 punctam
871 837 1027 919 afflationis
1047 836 1084 899 irs
1105 834 1129 898 S
1156 856 1223 898 esse
1243 839 1364 916 poscit,
1396 845 1501 920 oportet

156 931 388 1011 perpetratam
410 924 438 985 D
462 931 491 985 et
514 921 537 985 S
560 923 608 986 ael
631 922 660 985 G
682 920 794 988 aonam
816 924 933 988 lineam
960 926 1109 1007 aprsidam
1136 925 1293 1011 trajicere.
1342 927 1449 1004 Quare
1468 946 1507 988 ea·

162 1002 384 1077 maasiae
406 1013 522 1096 capitis
543 1010 579 1077 V.
606 1010 705 1095 (qaae
725 1014 884 1096 captain
906 1013 1114 1098 explicatione
1135 1017 1259 1091 saraae
1282 1014 1512 1097 aopmieanae

153 1095 428 1189 'adepaoer'amnel
462 1101 559 1165 docta
580 1100 634 1165 DS
655 1099 704 1169 ort
725 1100 794 1178 DG,
819 1110 849 1166 et
879 1104 984 1167 divisa
1012 1106 1049 1166 irs
1079 1120 1119 1165 eo
1135 1104 1353 1187 proportione,
1386 1105 1421 1166 in
1447 1124 1514 1186 qam

79 1224 82 1230 ·
160 1191 216 1254 DP
237 1190 286 1255 vel
307 1191 370 1254 DV
388 1212 448 1272 per
469 1190 497 1253 L
520 1197 565 1254 est
587 1191 701 1265 divisa,
722 1198 760 1254 at
780 1192 823 1257 sit
838 1200 993 1274 punctam
1014 1192 1183 1256 divisionis
1203 1193 1252 1267 M,
1277 1200 1307 1254 et
1329 1200 1432 1256 centro
1453 1194 1514 1257 hoc

158 1272 281 1364 pensato
296 1281 337 1357 M,
361 1276 529 1343 intervallo
551 1300 623 1344 vero
647 1301 706 1363 qao
725 1282 828 1363 prius,
852 1282 1009 1345 scribatur
1029 1301 1128 1364 novas
1150 1283 1360 1345 creatricem:
1383 1281 1432 1343 ille
1453 1301 1514 1347 uon

161 1362 282 1453 tautuffi
301 1369 409 1431 reddet
432 1367 660 1431 observationes
683 1369 739 1431 has
762 1369 955 1449 posteriores,
981 1390 1019 1431 ex
1042 1370 1149 1451 quibus
1169 1379 1235 1433 erat
1249 1378 1432 1441 exstructus,
1454 1372 1514 1435 ssd

162 1450 313 1527 immissus
337 1456 367 1519 in
399 1457 528 1537 priorem
549 1456 747 1539 hypothesin,
779 1459 950 1520 salvaturus
980 1467 1027 1521 est
1058 1458 1148 1522 etiem
1172 1458 1401 1522 observationes
1430 1460 1511 1539 prius

162 1546 325 1623 adhibitas,
340 1547 422 1608 intra
443 1544 659 1626 praecisionem
679 1547 812 1647 ,quinque
836 1550 1050 1628 scrupulorum.

254 1633 339 1706 Quae
363 1654 434 1697 vero
459 1636 698 1715 computationes
721 1634 917 1700 instituentur
938 1645 1026 1699 extra
1048 1637 1139 1698 situm
1168 1636 1379 1718 aeronychium
1404 1644 1435 1699 st
1455 1655 1502 1716 per

165 1718 298 1808 priorem
316 1730 361 1785 et
391 1743 445 1804 per
460 1724 676 1788 novnmhunc
700 1726 915 1799 eoceutrieum,
947 1725 1057 1789 alicubi
1089 1727 1209 1805 (nempe
1234 1725 1315 1789 cirea
1341 1725 1499 1806 perignem

165 1813 263 1888 Solis)
281 1810 359 1895 'plue
380 1816 439 1879 uhe
463 1813 559 1892 gradu
582 1813 728 1876 dissidere
751 1823 908 1894 poterunt,
947 1815 973 1878 si
997 1833 1136 1879 numeros
1160 1813 1326 1877 familiares
1351 1822 1382 1875 et
1405 1815 1493 1876 stellae

125 1910 143 1973 ,’
158 1904 276 1967 'Martis
300 1902 512 1995 appropriatos
534 1922 588 1983 per
608 1904 761 1965 Braheum
785 1903 921 1985 proditos
945 1922 1115 1986 sequamur.

253 1990 553 2053 Demonstrationem
576 2012 633 2054 nou
667 1998 726 2054 est'
744 2010 818 2074 opus
850 2001 998 2079 repetere.
1044 1992 1216 2055 Delineatio
1249 1991 1394 2054 facillima
1415 1988 1514 2067 esth?

163 2082 317 2144 schemate
356 2078 563 2159 Copemicano
613 2087 678 2155 (rig.
703 2085 769 2155 59),
806 2081 832 2143 si
857 2076 902 2143 ‘ex
928 2104 944 2144 r
971 2083 1066 2145 Terra
1096 2081 1263 2162 parallelou
1300 2079 1360 2160 ipsi
1387 2081 1430 2159 βκ
1449 2072 1506 2159 erl-³

163 2190 229 2251 gas,
253 2170 340 2250 inque
366 2188 402 2230 ea
425 2168 585 2249 intervallo
600 2171 641 2248 βκ
664 2177 799 2232 centrum
822 2171 981 2234 eccentrici
1005 2171 1087 2234 Solis
1109 2169 1388 2249 meterlesuprar,
1413 2094 1514 2321 etz(

39 2294 42 2299 ·
163 2265 267 2322 centro
292 2254 491 2325 eecentdeum
520 2257 602 2321 Solis
624 2258 814 2323 Braheanum
849 2261 991 2324 traducas
1014 2279 1068 2341 per
1091 2285 1107 2323 κ
1130 2267 1161 2321 et
1185 2260 1288 2322 deleas
1319 2260 1448 2321 secentri
1489 2252 1514 2363 ²53

162 2350 273 2410 Terrae
299 2345 547 2427 Copemicanum.
1180 2406 1189 2427 ,
1226 2384 1230 2391 -
1511 2354 1514 2394 ¹

255 2434 407 2517 Exppsita
422 2444 425 2449 “
439 2435 531 2516 igitur
563 2437 621 2498 hac
653 2437 861 2525 hypothesium
891 2438 1067 2500 diversitate
1095 2455 1254 2519 earumque
1287 2437 1360 2517 inp

166 2522 403 2609 aequalitatibus
427 2525 671 2609 aequipollentia,
694 2527 724 2589 in
748 2527 888 2591 secundis
907 2526 1271 2611 discrepantia;''primam
1286 2527 1513 2608 operisparterl

126 2656 130 2661 -
163 2612 390 2690 comedamus,
417 2632 494 2701 quae
519 2615 561 2688 (sl
584 2616 653 2698 quid
669 2615 773 2690 rideo)
797 2618 890 2680 totius
906 2615 1006 2698 operis
1019 2623 1067 2679 est
1083 2612 1258 2677 difficillima
1273 2613 1509 2697 oblabyrinttd·

83 2936 140 2997 m:

165 2702 350 2789 opitiompn·
371 2720 449 2785 pene
477 2702 701 2768 inextricabiles
725 2716 757 2767 et
779 2724 883 2768 vocum
908 2704 1170 2788 aequivocatiodts
1193 2714 1356 2784 perpetuas
1379 2711 1433 2766 aut
1452 2702 1514 2777 tint

165 2784 412 2872 cddrs'criptiones
440 2794 690 2857 taediosissimae.
734 2794 942 2866 Quae-autem
965 2814 1012 2856 me
1026 2795 1194 2859 necessitas
1209 2793 1372 2873 impulerit,
1394 2784 1506 2855 uthin'*

106 2886 145 2933 ’κ’
164 2882 348 2961 doctrinam„
360 2882 600 2960 praemittam,
625 2883 691 2962 jam
714 2884 817 2947 statim
842 2885 941 2972 capite
965 2884 1036 2947 vlt.
1061 2882 1188 2964 patebit.
1234 2874 1514 2975 Hebetiprelial1

142 2962 263 3035 ’ἰοίιιιι
278 2954 405 3031 'differre
429 2981 541 3051 potest,
568 2973 661 3035 donee
685 2994 761 3054 quae
785 2982 856 3037 sunt
879 2973 1016 3037 faciliora
1038 2966 1278 3055 apprehenderit.
1330 3032 1333 3037 .
