3278 5550
484 1318 984 1423 PROOEMIUM
1168 1352 1250 1445 ⁴„

144 1595 240 1731 Quae
265 1645 296 1705 in
319 1644 377 1706 hoc
401 1661 489 1724 opere
504 1642 639 1724 Kepleri,
663 1643 743 1725 qnod
759 1643 881 1706 exhibet
903 1646 1069 1708 studiorum
1092 1642 1312 1726 septennalium
1333 1662 1407 1726 pro-

68 1736 304 1796 fundissimomm
337 1733 531 1806 documenta,
555 1733 760 1807 continentur,
790 1733 856 1814 ipse
878 1735 1020 1815 proponit
1046 1741 1151 1796 auctor
1174 1752 1240 1796 cum
1263 1733 1294 1794 in
1316 1752 1407 1813 prae-

68 1825 166 1884 latione
191 1844 266 1897 sna,
292 1830 355 1884 tum
379 1821 410 1882 in
432 1821 529 1883 indice
558 1841 645 1903 quem
668 1822 825 1901 praemisit
855 1823 1099 1903 locupletissimo.
1146 1823 1354 1888 Fundamenta
1376 1823 1408 1888 in

67 1933 93 1972 eo
117 1914 193 1992 jecit
224 1910 428 1972 astronomiae
461 1929 530 1972 vere
565 1913 715 1985 „novae‚“
753 1911 960 1992 legislatorem
989 1932 1022 1974 se
1051 1911 1192 1992 praebuit
1221 1929 1275 1992 per
1304 1930 1408 1976 omnes

65 2011 217 2082 sequentes
239 2008 360 2062 aetates
383 2000 503 2080 ingenio
527 2020 581 2062 sno
601 2001 783 2063 astronomis
806 2001 1035 2081 praelucentem.
1074 2002 1170 2064 Nemo
1194 2019 1332 2080 unquam,
1357 2001 1407 2082 qui

64 2090 224 2170 penetralia
246 2089 336 2168 hujus
361 2089 504 2150 scientiae
533 2090 724 2169 ingressurus
749 2099 813 2163 est,
843 2110 903 2153 non
934 2088 1129 2171 perlustrabit
1155 2090 1213 2152 hoc
1237 2090 1407 2153 immortale

66 2201 138 2260 opus,
171 2177 382 2240 testimonium
411 2178 589 2257 sagacitatis
619 2186 652 2239 et
672 2179 837 2242 industriae
867 2182 998 2242 humana
1024 2178 1157 2258 majoris.
1204 2177 1408 2261 Quodcunque

64 2271 168 2330 adimus
203 2287 281 2348 opus
315 2268 514 2346 posteriomm
549 2275 801 2343 astronomorum,
836 2269 950 2331 nullum
985 2267 1247 2350 deprehendimus,
1287 2267 1319 2330 in
1347 2287 1405 2350 quo

63 2357 273 2438 praetermissa
301 2355 342 2417 sit
368 2356 480 2418 mentio
511 2355 731 2432 inventionum,
765 2377 841 2440 quas
868 2358 969 2437 prodit
991 2357 1142 2438 Keplems
1167 2356 1197 2418 in
1222 2354 1405 2430 „Commen-

64 2449 136 2508 tariis
167 2446 305 2507 Martis“
339 2446 492 2526 ipsiusque
524 2446 704 2526 procedendi
736 2447 871 2510 rationis.
920 2447 1033 2510 Omnes
1061 2446 1092 2507 in
1121 2445 1184 2507 illis
1216 2446 1408 2510 consentiunt

64 2537 225 2609 laudandis,
249 2552 347 2616 neque
371 2553 441 2596 vero
461 2554 564 2596 omnes
588 2552 681 2615 aequa
703 2535 872 2618 ponderant
892 2535 970 2597 hanc
986 2535 1085 2616 ipsam
1108 2533 1255 2596 rationem
1277 2542 1308 2595 et
1331 2554 1405 2597 con-

64 2627 196 2687 ditionem
221 2632 392 2704 tempomm
414 2643 579 2706 remmqne,
604 2641 679 2704 qnae
701 2624 835 2706 Keplero
856 2625 889 2687 in
911 2624 1090 2705 perficiendo
1112 2622 1170 2684 hoc
1194 2641 1283 2703 opere
1306 2623 1404 2704 impe-

64 2717 182 2775 dimento
216 2714 349 2774 fuerunt.
396 2713 543 2787 Quidam,
574 2733 679 2794 pamm
708 2720 926 2794 cognoscentes
949 2713 1006 2774 viri
1028 2711 1190 2792 ingenium,
1213 2712 1291 2775 forte
1314 2713 1406 2776 etiam

63 2807 144 2865 ninus
170 2800 282 2863 imbuti
314 2802 409 2882 ipsius
434 2802 565 2883 scriptis,
597 2802 787 2866 inventiones
817 2803 942 2884 Kepleri
971 2801 1058 2883 quasi
1090 2801 1228 2863 fortunae
1257 2800 1403 2864 tribuunt
1510 2876 1514 2883 1

63 2895 119 2965 ilii,
144 2911 333 2973 quamquam
357 2899 541 2971 cognoscunt
562 2892 759 2959 excellentem
773 2892 883 2970 ingenii
900 2890 1064 2954 bonitatem
1084 2909 1207 2972 eamque
1223 2889 1304 2953 hand
1318 2890 1406 2972 parvi

63 2983 169 3056 habent,
196 2993 302 3042 tamen
325 2980 423 3042 minus
447 3001 535 3062 qnam
552 3001 609 3062 par
627 2988 676 3044 est
693 2982 858 3062 respiciunt
880 2982 1035 3043 literarum
1059 2980 1168 3055 studia,
1193 2978 1300 3061 quibus
1317 2979 1404 3044 initio

64 3073 138 3132 eruli
171 3070 282 3134 XVII.
315 3078 504 3133 astronomus
534 3071 622 3133 inniti
651 3071 759 3152 potnit.
806 3073 841 3133 ln
869 3068 1102 3144 mathematicis,
1125 3077 1159 3131 nt
1191 3068 1311 3149 saepius
1339 3070 1406 3150 jam
1522 3094 1524 3098 ⁴

63 3161 159 3222 dictum
194 3167 265 3232 est,
298 3159 429 3239 cognitio
460 3166 492 3221 et
522 3160 650 3223 scientia
687 3180 792 3241 parum
826 3160 1013 3222 excedebant
1052 3177 1107 3233 ea,
1143 3177 1217 3239 qnae
1248 3158 1403 3235 Euclides,

62 3250 274 3322 Archimedes,
307 3248 504 3329 Apollonius·
519 3250 770 3331 suppeditabant,
803 3247 999 3329 compendia;
1032 3267 1107 3328 qnae
1139 3248 1195 3309 sub
1221 3247 1309 3310 finem
1338 3249 1404 3329 ejus

64 3341 138 3401 sculi
164 3338 335 3418 cuicunque
359 3338 530 3400 matheseos
553 3340 657 3419 generi
680 3339 814 3401 subsidio
837 3340 975 3412 fuemnt,
1000 3336 1100 3399 omnia
1122 3344 1185 3398 tum
1209 3336 1342 3413 deerant,
1365 3356 1403 3400 ne

64 3428 251 3507 legarithmos
283 3426 404 3508 quidem
425 3447 462 3488 eo
484 3447 542 3509 quo
566 3449 640 3510 opus
664 3448 750 3489 snum
772 3428 902 3490 confecit
932 3435 1066 3507 tempore
1089 3424 1240 3506 Keplems
1264 3446 1349 3488 snum
1371 3426 1406 3490 in

64 3536 130 3579 usum
154 3524 281 3578 vertere
305 3517 411 3595 potnit.
459 3516 560 3588 Quare
585 3518 694 3592 omnia,
718 3537 793 3598 qnae
817 3518 847 3579 in
870 3516 923 3578 illo
946 3515 1027 3577 haud
1049 3533 1146 3596 panca
1168 3533 1222 3595 per
1245 3514 1404 3579 scientiam

63 3596 300 3668 mathematicam
322 3605 508 3668 absolvenda
530 3615 626 3682 erant,
649 3607 819 3668 revocanda
841 3613 928 3668 erant
945 3605 985 3666 ad
1002 3604 1198 3685 geometriam
1218 3610 1250 3665 et
1263 3603 1403 3684 trigono·

62 3698 188 3757 netriam
212 3694 443 3771 elementarem,
468 3697 510 3757 ita
533 3704 567 3758 nt
588 3697 641 3758 vix
662 3696 710 3759 bis
733 3705 817 3758 terve
839 3695 989 3775 Keplems
1018 3714 1110 3756 ausus
1140 3693 1231 3755 fuerit
1260 3690 1402 3755 adhibere

61 3786 198 3846 caleulum
222 3784 426 3863 algehraicum
450 3786 711 3866 aequationesqne.
751 3785 989 3848 Observationes
1012 3783 1242 3856 astronomicae,
1266 3781 1402 3862 quamvis

61 3875 236 3955 aTychone
261 3881 403 3954 quantum
426 3882 490 3936 tum
511 3875 576 3938 fieri
597 3875 696 3955 potuit
718 3873 864 3949 excultae,
888 3874 977 3953 longe
999 3881 1101 3935 tamen
1124 3872 1282 3934 abfuerunt
1304 3871 1342 3933 ab
1364 3889 1401 3934 eo

58 3965 142 4041 gradu
167 3961 385 4043 perfectionis,
411 3982 499 4045 quem
520 3964 570 4027 hic
593 3963 657 4046 ipse
681 3983 790 4044 scopus
818 3963 974 4043 exigebat,
1006 3981 1093 4044 quem
1115 3962 1147 4023 in
1170 3959 1403 4024 Commentariis

58 4053 87 4112 de
107 4068 195 4113 motu
219 4049 331 4114 Martis
355 4054 512 4133 spectabat
532 4053 693 4134 Keplems.
740 4053 841 4114 Tnbns
866 4051 983 4133 opticus
1005 4051 1135 4114 nondum
1162 4050 1302 4113 inventus
1325 4057 1403 4127 erat,

10 4134 12 4143 '
56 4142 228 4203 mechanica
251 4141 515 4206 instrumentorum
532 4141 800 4205 astronomicorum
821 4142 967 4222 perfectio
982 4141 1071 4221 longe
1090 4138 1188 4201 abfuit
1202 4137 1240 4200 ab
1255 4157 1302 4214 ea,
1324 4158 1402 4222 quae

57 4232 80 4292 in
101 4231 251 4304 minimis,
273 4229 305 4290 in
327 4231 434 4314 quibus
456 4233 634 4295 versabatur
655 4232 805 4312 Keplems
832 4231 985 4313 inquirens
1012 4236 1125 4291 motum
1148 4228 1255 4290 stellae
1277 4227 1400 4304 Martis,

57 4322 174 4382 omnino
206 4321 382 4383 necessaria
403 4320 469 4383 fnit
516 4320 618 4394 Quare
642 4322 863 4402 comparatione
882 4327 999 4383 tantum
1022 4317 1196 4380 difficillima
1223 4325 1255 4380 et
1280 4317 1401 4380 taedio-
1447 4317 1449 4321 ’

56 4410 184 4483 sissima,
210 4416 244 4469 et
264 4408 315 4470 via
336 4411 508 4492 plemmqne
530 4410 620 4491 plane
643 4430 723 4473 nova
746 4419 777 4472 et
798 4410 913 4473 intacta
937 4408 1116 4490 explendum
1139 4415 1219 4483 erat,
1242 4407 1323 4488 quod
1344 4406 1402 4469 de-

53 4500 173 4561 ficiebat
195 4499 324 4578 singulis
348 4499 618 4563 observationibus.
656 4500 792 4581 Denique
815 4499 935 4561 minime
959 4498 1139 4579 negligenda
1161 4504 1232 4559 sunt
1253 4515 1299 4572 ea,
1322 4514 1400 4579 qnae

54 4590 88 4649 de
111 4586 328 4651 astronomicis
357 4588 574 4672 hypothesibus
603 4589 666 4652 illis
697 4590 881 4669 temporibus
913 4594 1063 4650 constant.
1111 4585 1271 4668 Copemici
1301 4586 1400 4669 hypo·

53 4678 147 4740 thesis
171 4678 255 4738 viam
282 4678 402 4760 quidem
424 4678 542 4760 aperuit
564 4678 604 4741 ad
625 4698 728 4741 vemm
751 4679 998 4759 cognoscendum,
1024 4685 1055 4740 et
1080 4677 1145 4759 ipse
1168 4676 1319 4756 Keplems
1340 4694 1401 4758 qua

52 4769 150 4847 potnit
181 4768 376 4830 veneratione
408 4767 644 4850 prosequebatur
676 4768 785 4831 merita
808 4766 966 4848 Copemici
988 4767 1020 4831 in
1043 4765 1237 4831 emendandis
1267 4764 1401 4846 priorum

1147 4867 1188 4918 1*
