3278 5550
573 312 634 369 em
652 312 745 369 raa..
783 318 864 383 capa
881 306 934 370 ιι.
1367 262 1432 385 stt

119 487 261 556 choidea
275 492 488 581 AQRBSLA
513 502 543 555 et
567 426 621 558 ΟΒ
652 495 742 575 plane
771 503 853 557 esset
886 494 1022 577 aequalis
1049 494 1161 573 figurae
1186 493 1305 560 GBBD.
1352 497 1433 559 Nam

119 581 216 646 circis
236 576 372 661 locaret
393 582 488 646 BB'
480 604 509 644 m
541 583 621 647 linea
644 584 770 657 EA3e
755 583 885 685 etquia
907 585 964 647 BA
996 602 1135 662 suprema
1167 593 1198 646 et
1185 586 1331 646 tinfima
1364 594 1435 648 sunt

119 671 238 747 cales,
247 668 359 742 'atBQ
381 673 547 754 aequalis
538 690 596 754 rpsr
589 672 675 747 1,ss
700 684 732 735 et
744 673 833 735 BR
826 693 882 753 rpsr
875 673 947 735 ἨΒ
963 674 1036 735 dcc:
1062 691 1133 752 ergo
1157 674 1269 754 figurae
1288 674 1433 747 BBRQA

119 760 267 824 BBALS
290 770 394 823 essent
416 779 583 840 congruae,
617 781 741 842 quarum
775 763 871 824 altera
902 762 1057 834 defectus,
1091 763 1188 824 altera
1215 781 1360 829 ¹excessus
1385 772 1434 827 est
1479 757 1482 767 '

119 869 233 911 rarum
259 847 368 913 CBBE
392 858 423 911 et
445 850 554 912 EBBD
578 851 766 930 aequalium:
798 859 864 912 tota
888 850 980 930 igitur
1003 852 1098 928 figura
1128 852 1207 913 inter
1225 849 1432 921 'AQRBSLA

124 935 191 1002 OD
227 939 285 1000 toti
318 938 396 1000 inter
418 939 471 1000 BB
502 947 533 999 et
557 938 611 1003 CD
640 940 775 1019 aequalis
810 948 874 1000 ests
915 941 1021 1019 ltaque
1056 940 1218 1019 spatiolum
1248 941 1328 1002 iuter
1356 942 1431 1002 duas

119 1027 256 1089 clsoides
279 1022 479 1098 AQRBSLA
495 1039 526 1088 et
541 1029 757 1091 AAAAAAA
772 1029 894 1090 metitur
918 1046 1074 1089 excessum
1099 1029 1313 1091 distantiarum
1337 1048 1375 1091 ex
1397 1030 1428 1091 A

119 1136 157 1178 er
189 1116 355 1178 distantias
378 1135 417 1177 ex
438 1117 480 1191 Β,
511 1116 539 1177 in
565 1117 743 1199 ecquidem
777 1137 934 1191 mensura,
967 1118 997 1178 in
1026 1135 1085 1196 qua
1114 1119 1430 1197 parallelogrammum

119 1205 193 1268 dtur
218 1206 346 1285 aequale
369 1205 507 1266 omnibus
530 1205 686 1267 distantiis
709 1224 746 1267 ex
768 1207 805 1268 B.

155 1292 204 1357 Et
227 1302 313 1367 nota,
337 1296 414 1374 qnod
439 1294 569 1372 spatium
595 1295 653 1355 hoc
670 1315 727 1356 non
752 1303 799 1356 est
823 1294 956 1375 ejusdem
981 1293 1148 1356 latitudinis
1169 1293 1199 1353 in
1216 1294 1290 1354 locis
1314 1295 1430 1356 alinea

119 1382 324 1465 .aequalitar
346 1382 489 1455 remotis,
522 1384 577 1445 sed
599 1383 679 1445 iufra
703 1384 805 1446 latius.
853 1384 932 1445 Nam
956 1382 984 1444 in
1009 1383 1164 1444 schemate
1194 1381 1332 1447 circulari
1355 1402 1430 1447 con·

119 1480 205 1535 uetur
238 1471 326 1534 ΗΒΒ
354 1471 449 1545 inv,
484 1480 518 1533 nt
540 1471 613 1547 ΑΗ,
638 1472 698 1533 AV
732 1473 937 1553 respondeant
969 1471 1088 1551 angulis
1113 1471 1196 1532 ΗΒΕ
1229 1471 1375 1551 superiori
1399 1482 1430 1535 et

119 1560 152 1623 V
177 1560 315 1623 interiori
338 1560 516 1641 aequalibus
540 1569 571 1622 et
593 1562 762 1642 aequaliter
784 1582 803 1622 a
827 1561 933 1622 mediis
957 1561 1077 1639 punctis
1100 1559 1136 1635 Ε,
1159 1561 1187 1623 F
1209 1562 1342 1623 remotis.
1388 1562 1431 1624 Et

119 1658 175 1712 oro
199 1652 231 1712 A
256 1649 434 1711 diastemate
466 1649 528 1711 AV
561 1670 614 1729 per
640 1650 700 1710 ΑΗ
730 1658 760 1711 et
787 1651 845 1711 BH
877 1669 964 1710 arcus
996 1648 1097 1712 circuli
1127 1648 1254 1711 duamur
1277 1649 1348 1711 XY.
1395 1651 1429 1713 Si

119 1758 143 1817 :o
167 1736 230 1800 AY
254 1739 459 1812 connexueris,
484 1738 544 1800 erit
556 1738 760 1819 AYRplane
784 1758 946 1818 congruum
970 1739 1122 1818 triangulo
1144 1736 1256 1800 AVR:
1282 1757 1351 1799 nam
1367 1739 1429 1801 AV

123 1828 187 1890 AY
210 1835 243 1888 et
264 1828 327 1889 AX
351 1834 421 1889 snut
450 1829 594 1909 aequales
624 1848 662 1889 ex
695 1828 938 1902 constructione,
966 1837 998 1888 et
1025 1827 1195 1907 longiores3
1227 1827 1280 1887 sed
1304 1833 1336 1888 et
1358 1827 1427 1902 VR,

119 1917 227 1979 lsunt
257 1917 399 1997 aequales
428 1923 460 1976 et
485 1916 629 1979 minores.
674 1918 722 1979 Ex
744 1925 855 1998 puncto
886 1934 957 1978 vero
980 1917 1010 1977 H
1042 1926 1130 1977 extra
1160 1916 1429 1977 circumferentiam

119 2005 267 2069 lductae
299 2013 369 2067 sunt
400 2005 477 2066 duae
500 2005 563 2067 ΗΧ
589 2025 644 2086 per
675 2013 809 2067 centrum
831 2007 862 2066 A
886 2013 917 2066 et
939 2004 1000 2084 ΗΥ
1020 2012 1142 2084 praeter
1174 2014 1324 2074 centrum,
1357 2023 1429 2085 ergo

119 2092 204 2157 lest
227 2094 345 2174 longior
367 2113 456 2174 quam
480 2095 559 2170 HX3
583 2094 680 2175 major
703 2114 775 2174 ergo
799 2095 860 2156 AV
884 2094 933 2156 vel
955 2090 1019 2156 AX
1048 2100 1176 2173 augetur
1203 2092 1334 2155 breviori
1355 2094 1427 2169 ΧΗ,

123 2183 223 2247 minor
248 2183 308 2244 VR
331 2183 380 2245 vel
404 2182 463 2244 ΒΥ
485 2177 615 2263 augetur
636 2183 762 2261 longiori
781 2183 860 2244 Yll:
886 2189 1038 2243 ettamen
1062 2190 1129 2243 tota
1152 2181 1210 2243 ΒΗ
1233 2191 1335 2243 manet
1359 2183 1428 2245 bre-

119 2269 261 2353 r'quam
291 2274 360 2333 tota
381 2270 452 2334 ΑΗ.
498 2270 581 2351 Ergo
615 2273 786 2334 differentia
808 2272 868 2333 ΒΗ
892 2280 923 2332 et
954 2272 1016 2333 ΛΗ
1045 2270 1142 2332 minor
1174 2279 1223 2332 est
1259 2271 1429 2334 differentia

119 2358 185 2425 tet
206 2362 281 2434 AX,
304 2361 361 2422 hoc
385 2370 434 2422 est
457 2359 627 2422 differentia
651 2361 711 2422 VR
729 2369 761 2421 et
777 2362 846 2423 VA.
884 2363 990 2439 Itaque
1015 2359 1043 2420 in
1068 2359 1233 2421 conchoide
1252 2358 1307 2421 SA
1330 2362 1428 2442 major

119 2448 213 2525 alta
239 2451 343 2524 minor,
369 2450 426 2511 etsi
449 2450 502 2524 IE,
526 2450 583 2511 ΕΗ
606 2451 757 2530 aequales.
794 2450 863 2510 Non
888 2467 959 2528 ergo
984 2448 1135 2509 bisecatur
1159 2448 1196 2509 ab
1217 2449 1273 2509 EA
1297 2451 1430 2527 spatium

119 2539 241 2603 hduas
257 2538 457 2601 conchoides:
481 2534 601 2600 viddtur
623 2547 725 2600 autem
747 2538 875 2599 hisecari
892 2538 988 2608 aBB,
1014 2537 1092 2615 quod
1113 2538 1250 2617 exploret
1272 2550 1430 2617 geometra

183 2637 250 2701 ,et
264 2626 352 2689 simul
367 2628 477 2688 doceat
497 2629 646 2708 quadrare
667 2627 797 2708 spatium
813 2627 891 2689 inter
915 2626 1105 2700 conchoides,
1126 2634 1159 2687 ut
1173 2627 1428 2690 numerationibus

197 2719 262 2779 liat.
300 2714 385 2778 Infra
408 2735 474 2795 cap.
494 2716 645 2778 XLIIIU
637 2715 774 2777 iuvenies
799 2715 1040 2777 aestimationem
1059 2733 1192 2777 crassam
1213 2713 1300 2793 hujus
1325 2717 1427 2798 spatii

134 2804 269 2869 Haec
261 2815 363 2886 itaque
380 2805 417 2867 de
440 2803 618 2887 physicas
642 2805 882 2885 aequationis
902 2803 1125 2906 computatione
1140 2803 1323 2883 generaliter
1336 2824 1427 2884 prae-

119 2884 197 2975 hd
215 2895 313 2969 volui,
338 2900 384 2968 ut,
410 2893 546 2974 quamvis
571 2914 607 2956 ea
633 2896 762 2955 nondum
786 2915 805 2954 a
828 2893 1007 2954 necessariis
1030 2891 1213 2972 geometriae
1238 2893 1427 2957 adminiculis

119 2982 150 3047 Ἰ
169 2991 220 3045 est
246 2984 407 3052 instructa,
441 2983 494 3044 sed
519 3003 612 3065 neque
636 2985 705 3045 dum
729 3002 831 3044 omnes
860 2982 1093 3063 inaequalitates
1115 2983 1305 3062 planetarum
1335 2993 1425 3064 pate·

119 3075 279 3147 tae(cum
301 3073 479 3152 praesertim
502 3072 830 3152 praesupposuerimus‚
856 3072 936 3132 viam
952 3070 1033 3132 Solis
1058 3071 1106 3133 vel
1129 3071 1240 3133 Terrae
1264 3090 1332 3134 esse
1356 3093 1427 3155 per-

119 3172 182 3225 tum
196 3159 407 3230 eccentricum,
423 3161 502 3242 quod
515 3170 616 3222 tamen
632 3161 710 3222 intra
726 3162 762 3221 de
777 3161 875 3221 Marte
892 3159 1048 3240 negabitur
1062 3179 1129 3240 cap.
1144 3159 1261 3221 XLIV.
1273 3169 1306 3222 et
1315 3162 1425 3237 LIII.)‚

119 3271 135 3313 ιΙ
149 3260 256 3313 tamen
278 3250 400 3311 nimium
423 3250 498 3311 haec
522 3250 657 3331 operatio
682 3270 701 3312 a
724 3269 779 3311 sna
807 3249 1012 3329 speculatione
1040 3249 1209 3328 praemissa
1231 3248 1425 3314 divideretur.

119 3358 148 3405 n
166 3339 248 3420 quod
270 3338 418 3402 theoriam
432 3339 514 3401 Solis
537 3338 656 3414 attinet,
681 3339 784 3419 inqua
807 3337 914 3400 fuimus
939 3338 1084 3399 hactenus
1099 3337 1222 3411 versati,
1247 3338 1320 3401 nihil
1339 3341 1426 3402 nobis

119 3427 277 3493 ammodat
309 3447 404 3508 neque
428 3427 600 3490 conchoidis
629 3428 722 3508 spatii
754 3427 920 3506 neglectio,
954 3446 1012 3507 qua
1041 3426 1137 3488 minus
1165 3427 1250 3506 justo
1274 3429 1425 3504 sumimus,

119 3534 165 3601 qua
188 3516 316 3598 perfecti
340 3516 499 3578 eccentrici
521 3518 677 3592 assumtio,
703 3536 761 3597 qua
784 3516 900 3577 ratione
924 3514 1075 3577 abundare
1100 3514 1250 3576 videmur:
1275 3516 1305 3577 in
1330 3537 1426 3598 quan-

119 3626 142 3671 u·
150 3607 219 3689 jam
239 3605 368 3687 judicari
392 3614 495 3686 potest
518 3606 648 3667 nondum
672 3605 808 3666 omnihus
833 3603 1000 3684 explicatis.
1047 3605 1112 3666 Imo
1141 3605 1216 3665 haec
1246 3604 1302 3667 hoc
1326 3606 1425 3686 capite

119 3716 125 3755 ι
145 3695 347 3779 paralogismi
371 3695 582 3776 notarejecta,
607 3696 694 3769 infra,
721 3694 842 3755 eumad
865 3693 1053 3756 verissimum
1077 3694 1194 3755 modum
1213 3695 1426 3774 aequationum

119 3785 251 3859 terimus,
276 3792 485 3869 resumantur,
510 3783 664 3846 eliminato
688 3784 740 3847 illo
764 3801 802 3844 ex
824 3782 983 3865 hypothesi
1013 3782 1090 3852 ista,
1115 3781 1193 3862 quod
1223 3784 1426 3864 paralogismo

119 3872 155 3937 lit
178 3872 380 3935 occasionem.

160 3960 335 4042 Cumergo
359 3980 481 4024 causam
511 3968 543 4022 et
574 3974 744 4022 mensuram
776 3958 1080 4039 inaequalitatis
1114 3957 1318 4036 secundae,
1351 3980 1426 4042 quae

119 4060 213 4115 netas
235 4051 316 4113 visui
338 4049 543 4124 stationarios,
569 4049 700 4111 directos
724 4055 755 4109 et
778 4048 971 4128 retrogrados
995 4046 1130 4122 exhibet,
1164 4065 1218 4126 per
1240 4050 1427 4112 certissimas

119 4139 302 4204 terrationes
327 4147 358 4201 et
380 4137 651 4201 demonstrationes
676 4138 714 4199 ad
738 4156 867 4216 unguem
890 4135 1112 4217 descripserim,
1136 4144 1270 4214 ostenso,
1295 4140 1373 4222 qnod
1397 4146 1428 4201 et

119 4250 137 4293 ι
160 4229 239 4292 haec
262 4229 396 4292 secunda
417 4228 618 4309 inaequalitas
642 4225 839 4288 communicet
863 4227 899 4286 de
922 4224 1139 4305 inaequalitate
1164 4225 1269 4304 prima,
1294 4237 1326 4291 et
1348 4228 1427 4309 qnod

119 4317 189 4382 oria
214 4315 296 4383 Solia
328 4316 378 4378 vel
408 4317 519 4380 Terrae
543 4315 739 4395 (Copemico)
767 4315 816 4376 vel
848 4314 973 4397 epicyeli
1005 4314 1212 4388 (Ptolemaeo)
1246 4316 1353 4381 similis
1386 4318 1428 4379 sit

119 4406 208 4471 oriae
225 4414 391 4469 ceterorum
412 4406 611 4486 planetarum,
636 4413 668 4465 et
681 4403 783 4464 causis
806 4402 938 4485 physicis
962 4402 1049 4482 hujus
1073 4401 1299 4482 inaequalitatis
1313 4406 1427 4488 primae

119 4496 205 4560 sutis
229 4495 326 4576 adque
355 4495 502 4558 calculum
529 4513 583 4595 pro
617 4491 735 4554 theoria
757 4490 839 4554 Solis
870 4489 1121 4554 accommodatis:
1151 4490 1220 4570 jure
1248 4496 1355 4559 merito
1377 4494 1427 4557 hic

119 4586 229 4649 tiam
261 4591 424 4664 partem,
459 4583 545 4663 quasi
580 4580 728 4682 quoddam
765 4580 1032 4643 antemeridianum
1071 4597 1215 4658 pensum,
1248 4584 1426 4666 interposito

119 4676 210 4749 ndio,
233 4672 324 4735 linio.
349 4671 520 4735 succinente
544 4670 615 4732 mihi
639 4667 846 4733 remissionum
869 4669 959 4730 animi
981 4667 1146 4747 magistro·

207 4761 299 4824 Pars
332 4769 488 4843 superat
520 4756 668 4838 coepti,
700 4776 789 4837 pars
822 4766 881 4820 est
912 4758 1094 4829 exhausta
1126 4748 1289 4824 laboris:

300 4849 369 4914 Hic
400 4854 532 4913 teneat
563 4852 716 4912 nostras
749 4846 912 4910 anchora
939 4846 1053 4928 jacta
1083 4850 1196 4909 rates.

654 4973 845 4993 ---·-·r—

720 5054 790 5091 ..ar

724 5088 788 5167 Ῑῌ

716 5220 720 5225 ·
757 5178 788 5265 t
