3278 5550
143 250 210 325 t150
568 251 600 306 lu
619 252 805 306 &consumis
821 253 852 304 de
869 253 976 305 nothus
992 249 1083 307 uuus

141 438 321 501 descenderit,
343 453 424 506 spero
446 442 554 511 mutam
575 434 647 489 inter
669 435 725 488 Vos
746 435 868 489 futuram
887 434 1023 497 notitiam,
1044 440 1077 488 ut
1097 434 1148 489 abs
1169 433 1209 489 hd.
1222 434 1257 488 T.
1278 433 1402 503 profecta
1418 450 1474 489 con·

141 518 279 574 mendatio
300 516 375 570 utilis
398 532 459 568 esso
480 514 577 584 possit.

232 600 309 661 Quod
330 594 499 666 hypotheses
515 594 657 664 Copernicl
679 594 787 657 attinet,
810 595 851 648 ita
871 601 915 649 est
928 600 961 648 ut
972 593 1076 657 scribis,
1098 593 1198 665 ingens
1218 593 1304 648 bolus
1325 596 1474 649 decorandus

143 688 203 735 est:
225 677 391 733 immensitas
412 675 491 728 unius
513 674 650 743 sphaerae
671 674 796 729 duarum.
830 675 924 729 Solum
944 674 996 728 hoc
1009 673 1105 744 'l'yoho
1126 673 1192 728 mihi
1214 674 1329 729 solebat
1349 690 1474 747 opponas.

142 762 275 831 Negabat
294 757 424 825 exempla
453 754 552 809 similia
572 755 600 808 in
620 762 735 817 natura,
766 756 813 809 ubi
834 763 891 810 tam
912 755 1011 826 ingens
1032 767 1061 808 ec
1081 754 1270 810 frustraneum
1301 770 1432 819 vacuum,
1448 755 1475 809 uti

141 840 245 911 digitus
266 838 355 891 instar
374 835 473 889 montis
495 837 528 889 ad
550 835 683 905 reliquum
713 852 811 904 corpus
842 835 966 890 hominis.
1009 835 1073 907 Ego
1103 840 1200 891 contra
1227 834 1434 905 proportionem
1448 833 1476 891 its

143 920 326 991 requirerem:
358 916 431 969 sicut
460 914 594 971 diameter
613 915 724 968 motoris
746 909 845 983 (Solis)
875 918 909 970 ad
937 914 1101 970 diametrum
1129 914 1281 979 mobilium,
1306 913 1351 969 ita
1370 916 1475 973 used

142 1002 304 1056 diametrum
325 996 377 1050 loci
400 997 427 1050 in
448 1011 500 1067 quo
521 1002 619 1058 motus,
641 1012 678 1050 so.
700 996 836 1065 sphaerae
856 997 983 1051 fixarum.
1020 996 1085 1051 Cum
1105 995 1177 1050 euim
1197 994 1476 1067 parabuntur:

143 1080 256 1137 diversis
278 1078 342 1132 anni
363 1075 532 1146 temporibus
554 1075 661 1130 existat
685 1093 740 1130 nou
759 1076 847 1144 major
869 1072 936 1139 20“,
958 1093 1017 1130 cum
1044 1076 1190 1130 stellarum
1217 1076 1340 1130 fixarum
1370 1075 1476 1130 disuetn'

144 1163 199 1216 sint
219 1166 251 1213 ut
272 1158 418 1228 plurimum
440 1152 454 1210 1
471 1163 500 1209 et
516 1151 552 1218 2‘,
574 1156 667 1226 itaque
689 1163 838 1212 evanescet
857 1159 927 1212 haec
946 1156 1111 1226 parallaxis.
1139 1156 1304 1218 Praeterea,
1326 1155 1352 1209 si
1372 1168 1475 1210 moretm

143 1242 240 1296 inutile
261 1254 387 1299 vacuum,
408 1244 552 1290 moveatur
573 1236 722 1290 etiamrmm
743 1238 841 1307 iugens
863 1238 934 1294 inter
955 1238 1093 1306 planetas,
1115 1236 1234 1291 maxime
1255 1235 1475 1292 interiorunt

143 1324 269 1382 Martem,
291 1317 501 1372 sincerissimum
520 1333 585 1369 vero
606 1332 724 1370 vacuum
743 1334 762 1371 a
781 1318 868 1371 Terra
893 1334 979 1388 usque
1001 1318 1036 1371 ad
1056 1316 1136 1387 polos
1159 1316 1245 1370 etism
1266 1316 1389 1371 Saturni.
1425 1316 1475 1371 ns
1511 1350 1518 1355 -

144 1404 177 1456 da
198 1399 334 1469 exemplis
355 1405 473 1452 naturae
493 1396 682 1467 disquisitum:
710 1398 897 1468 proponebam
923 1398 1053 1451 immanes
1075 1404 1231 1467 serpentes,
1255 1395 1317 1467 ipse
1338 1394 1472 1457 afflrnsrit
1499 1400 1506 1457 ἓ

143 1483 228 1536 visam
260 1481 296 1533 ab
327 1478 374 1542 iis,
411 1478 456 1548 qui
487 1475 706 1548 Nordwagirium
732 1494 863 1531 oceanum
893 1477 1042 1549 navigant,
1071 1476 1188 1531 bestiam
1214 1482 1359 1531 trecenta
1388 1476 1475 1533 circiter
1498 1468 1504 1511 ²

145 1564 226 1617 ulnas
248 1561 379 1629 longum:
402 1558 557 1627 comparavi
579 1574 632 1627 ego
654 1558 689 1611 ad
710 1557 912 1621 animalculum,
935 1560 1005 1628 quod
1026 1576 1062 1611 ex
1077 1558 1220 1628 putredine
1243 1562 1334 1612 ortum
1355 1556 1474 1613 cuniculus

145 1660 196 1713 per
216 1648 306 1694 cutem
327 1638 396 1710 agit.
437 1637 584 1708 Apparuit,
606 1638 811 1707 proportionem
830 1639 1000 1693 intercedere
1020 1638 1159 1708 madorem.
1200 1637 1275 1692 Dein
1300 1637 1401 1711 negari
1419 1653 1473 1691 oon·

147 1720 299 1793 pacationis
330 1718 541 1773 concinnitatem
570 1720 754 1787 quaerendam
782 1719 854 1774 iuter
883 1718 996 1773 mobilia
1017 1726 1046 1772 et
1075 1716 1254 1789 quiescentia
1292 1716 1359 1774 Non
1385 1722 1486 1788 peccat.

146 1802 192 1873 qui
212 1800 348 1854 hominem
368 1805 510 1869 comparat
530 1815 589 1851 cum
611 1798 769 1867 elephante,
792 1802 840 1853 sed
858 1797 881 1853 si
896 1799 955 1869 quis
976 1798 1110 1853 hominem
1131 1805 1274 1867 comparet
1292 1814 1355 1852 oum
1374 1797 1486 1871 mtto·

147 1883 299 1942 stellarum,
322 1895 428 1951 genera
448 1878 618 1932 transcendit
638 1889 668 1932 at
688 1878 795 1948 ineptit.
824 1879 874 1934 His
895 1881 928 1932 de
949 1880 1039 1932 causis
1059 1877 1233 1932 verisimilior
1253 1885 1299 1932 est
1311 1877 1377 1931 mihi
1396 1878 1487 1941 molae·

147 1978 229 2034 quam
253 1960 303 2013 illa
323 1958 492 2030 sympathia.
534 1959 645 2012 Interim
672 1976 737 2012 vero
758 1959 841 2013 dicis:
867 1962 1056 2014 demonstrata
1075 1959 1245 2031 geometrica
1264 1958 1345 2013 nulla
1364 1956 1475 2027 iupus

149 2040 289 2114 quominus
317 2039 433 2110 quilibet
461 2039 577 2107 planeta
606 2047 720 2108 propter
748 2057 826 2094 suum
855 2039 1035 2094 ecoentricum
1061 2040 1146 2094 talem
1175 2039 1316 2095 describat
1342 2037 1483 2109 epicpclun·

149 2120 222 2191 (cum
243 2121 366 2175 omnibus
379 2118 527 2189 requisitis,
550 2119 763 2182 eocentricitate,
785 2127 886 2190 puncto
901 2120 1055 2191 aequantia,
1074 2125 1149 2174 motu
1163 2119 1292 2191 apogaei,
1316 2118 1491 2187 inclinationi:

149 2205 183 2258 ad
204 2218 282 2257 suum
303 2195 420 2266 orbem),
442 2199 550 2269 qualem
571 2199 629 2268 ipse
650 2200 705 2261 Sol,
728 2206 758 2253 et
778 2202 871 2254 eodem
892 2208 1014 2271 tempore
1035 2199 1064 2255 in
1084 2201 1194 2253 easdem
1213 2205 1329 2269 partes:
1351 2198 1425 2270 idque
1439 2194 1486 2251 rd'
1511 2240 1518 2271 ,

148 2284 244 2337 eadem
265 2280 422 2351 quantitate
451 2284 578 2332 manente
599 2278 626 2332 in
647 2279 771 2349 quolibet
800 2280 938 2351 epicyclo,
966 2296 1036 2351 quae
1064 2279 1155 2334 estin
1177 2278 1331 2334 eooentrioo
1351 2279 1475 2341 Solis,ut
1515 2350 1518 2355 Ι

149 2363 321 2417 retineantur
340 2359 503 2429 parallaxes
517 2358 615 2413 Martis
630 2360 811 2429 Tyehonicae,
832 2361 879 2429 vel
898 2360 1029 2431 neglecta
1047 2359 1198 2431 parallaxi.
1220 2366 1253 2414 ut
1271 2365 1381 2415 tautum
1399 2356 1478 2428 copia

149 2441 264 2514 quilibet
284 2440 436 2512 cpicpclum
458 2440 544 2502 huno,
568 2457 601 2492 ue
621 2441 672 2493 fiat
692 2440 864 2505 intersectio,
886 2447 916 2493 et
935 2441 1103 2495 ecceutricus
1131 2439 1193 2508 ejus
1213 2439 1242 2494 iu
1262 2440 1360 2494 endem
1378 2452 1475 2509 properi

151 2524 224 2578 tione
246 2528 392 2594 augeatur.
420 2520 472 2574 llio
487 2522 564 2573 modo
586 2520 669 2589 plane
684 2520 710 2573 id
724 2520 986 2590 repraesentabitur,
1009 2523 1079 2592 quod
1092 2538 1143 2592 per
1157 2519 1294 2590 Tychouis
1315 2517 1497 2592 hypothesin..
1512 2534 1518 2565 '-

150 2603 201 2657 nisi
221 2602 291 2674 quod
313 2601 406 2672 ‘lycho
427 2600 641 2670 compendiosius
663 2601 724 2654 illos
747 2618 797 2653 sex
822 2600 959 2672 epicpclos
980 2601 1008 2654 in
1028 2618 1111 2656 unum
1132 2600 1203 2654 Solia
1229 2600 1410 2655 eccentricum
1426 2568 1518 2683 cos-*ff

148 2683 234 2747 davit,
255 2681 338 2736 etsie
352 2681 418 2749 ipsis
439 2681 539 2733 centris
561 2681 726 2734 eccentricos
744 2680 830 2748 juxta
850 2681 922 2735 huuc
943 2698 1107 2735 communem
1127 2687 1230 2737 motum
1251 2680 1405 2751 adscripsit.
1430 2678 1477 2734 llos
1509 2678 1518 2753 j

149 2766 239 2819 alteru
258 2763 337 2815 modo
358 2761 407 2815 fiet
426 2760 597 2815 Ptolemaios
625 2760 805 2831 hypothesis,
828 2768 856 2813 et
876 2761 974 2814 Martis
995 2761 1135 2832 epicpclus
1156 2760 1273 2833 ingens,
1299 2760 1387 2816 minor
1405 2757 1518 2835 Jorirggl

148 2844 270 2899 minimus
292 2842 421 2895 Saturni:
444 2841 494 2894 nisi
516 2843 585 2910 quod
605 2841 649 2894 his
670 2841 736 2910 ipsis
757 2841 888 2911 epicpclis
911 2837 1037 2911 (insuper
1063 2842 1148 2897 etiam
1166 2839 1270 2895 Solaria
1296 2830 1518 2919 eocentdmlclss

149 2922 272 2995 aequalis
293 2927 382 2976 motus
403 2921 556 2983 tribuatur,
585 2929 617 2974 ut
637 2920 752 2991 aliquali
771 2928 846 2974 motu
869 2922 986 2975 fixarum
1006 2921 1128 2990 sphaera
1148 2937 1208 2975 cum
1228 2921 1316 2977 Terra
1336 2920 1479 2981 cucusum,

149 3005 221 3075 quod
240 3002 328 3056 Ursus
347 3001 494 3070 Apollonio
514 3000 632 3056 mirabili
654 3001 770 3055 audacia
791 3000 945 3070 adscripsit.
974 3002 1049 3055 lunc
1068 3003 1152 3073 plane
1173 3000 1244 3055 idem
1265 3002 1305 3064 dt,
1328 3002 1400 3073 quod
1419 2996 1518 3071 spui-L:

150 3082 313 3154 Tychonem,
335 3081 387 3135 nisi
408 3082 487 3152 quod,
510 3098 580 3151 quae
600 3081 646 3135 hie
666 3089 750 3144 stant,
773 3083 845 3152 apud
860 3081 1016 3152 lpehouem
1037 3089 1180 3137 morentur
1194 3074 1260 3148 (hoo
1279 3081 1389 3153 quidem
1405 3064 1518 3169 mutuli}

150 3173 179 3216 ot
200 3170 305 3215 contra.

236 3242 437 3301 Instrumenta,
469 3242 540 3309 quod
567 3240 678 3304 scribis,
708 3241 843 3295 dormiunt
871 3241 1012 3312 equidem:
1046 3258 1083 3296 sc.
1112 3243 1261 3298 haeredum
1287 3247 1337 3299 ast
1362 3242 1485 3297 ntiouem
1499 3172 1518 3293 ,ἰ

150 3324 273 3378 reddere.
314 3321 357 3373 De
378 3319 507 3389 expensis
528 3320 593 3374 mihi
623 3321 706 3390 plane
727 3321 795 3375 nihil
824 3328 942 3376 constat.
985 3321 1115 3387 Quiesce,
1144 3321 1222 3378 etin
1242 3339 1302 3376 meo
1324 3322 1429 3377 salario
1446 3324 1511 3376 ne*

152 3403 260 3474 quiesco
282 3399 330 3454 dte.
353 3403 412 3466 (rid.
431 3404 487 3453 Vol.
507 3407 540 3464 ll,
566 3423 590 3471 p.
611 3405 666 3467 78).
706 3402 830 3471 Procopii
858 3404 946 3455 locum
967 3404 1000 3455 de
1021 3418 1091 3455 anno
1114 3397 1179 3458 535.
1209 3401 1340 3477 intelligo
1360 3405 1395 3457 de
1422 3388 1518 3483 noa?

152 3480 332 3537 exhalatione
353 3497 406 3532 uon
426 3495 545 3551 magnae
566 3480 728 3545 altitudinis,
749 3482 776 3536 in
791 3499 871 3552 quam
884 3481 932 3536 Sol
953 3499 1031 3536 mane
1052 3489 1083 3538 et
1095 3483 1204 3555 vesperi
1225 3482 1363 3552 paulatim
1382 3486 1518 3545 mersus,

151 3560 391 3617 rubicundissimus
412 3566 442 3612 et
462 3560 539 3614 initio
561 3561 680 3615 bisectus
702 3569 837 3632 apparet:
868 3561 1000 3618 siccitatis
1021 3579 1125 3625 comes,
1153 3570 1185 3618 ut
1204 3579 1276 3619 anno
1299 3558 1387 3623 1599.
1408 3554 1513 3634 apoll*

153 3652 182 3697 et
202 3641 285 3710 hujus
306 3639 370 3694 anni
389 3639 498 3717 Martio
513 3636 594 3707 (sane
615 3649 674 3696 toto
692 3642 801 3705 Martio,
822 3644 892 3713 quod
913 3643 1002 3697 obiter
1022 3645 1100 3706 addo,
1122 3660 1192 3698 unus
1213 3645 1367 3714 quadratus
1385 3638 1507 3707 Saturis

152 3731 182 3777 et
201 3720 317 3775 Veneris
347 3715 467 3789 tendo:
500 3728 557 3776 toto
586 3722 670 3777 etiam
690 3722 791 3776 Martio
821 3723 929 3777 siccitas
950 3723 1004 3779 tuit
1022 3754 1063 3765 -
1083 3725 1154 3777 bene
1173 3755 1215 3767 --
1234 3726 1282 3778 sed
1302 3725 1373 3780 illud
1393 3720 1489 3779 errarit

153 3801 375 3873 Prognosticum,
399 3803 469 3871 quod
490 3808 597 3871 tempus
618 3803 739 3872 pluvium
760 3802 828 3866 dixi,
851 3820 911 3857 oum
931 3803 1020 3858 siccae
1046 3804 1200 3859 existerent
1220 3804 1428 3859 exhalationes.
1463 3802 1488 3856 ld

153 3881 309 3952 displicebit
328 3880 377 3943 cis,
399 3881 444 3949 qui
465 3883 578 3936 delinita
597 3881 626 3935 in
646 3883 722 3935 coelo
743 3889 887 3953 quaenunt
927 3883 996 3937 Mihi
1017 3884 1069 3937 hoc
1089 3884 1157 3938 satis
1177 3890 1234 3948 est,
1261 3885 1307 3955 qui
1328 3886 1370 3940 nil
1389 3881 1488 3939 invenis

155 3965 182 4017 in
196 3962 273 4016 coelo
287 3961 339 4015 nisi
354 3960 499 4024 stimulum,
514 3962 541 4016 in
556 3963 642 4017 Terra
654 3979 719 4016 vero
734 3964 876 4017 materiam
890 3971 920 4017 et
933 3964 994 4031 ejus
1010 3964 1151 4020 circuitum
1164 3981 1282 4019 cutum.
1301 3969 1357 4033 (tiu
1369 3965 1488 4038 sequitu.)

246 4034 275 4101 5)
293 4054 318 4103 p.
338 4035 380 4086 ³8.
418 4037 473 4087 Vol.
491 4039 524 4089 ll.
543 4055 567 4104 p.
587 4037 646 4089 toa.
675 4040 824 4091 exhibuimus
851 4041 935 4093 literas
953 4042 1075 4093 Edmundi
1091 4041 1208 4098 Brutti.
1226 4042 1251 4093 d
1272 4039 1314 4090 1⁶.
1335 4045 1403 4108 Aug.
1422 4038 1488 4091 issi.

156 4111 282 4161 Florentia
301 4110 333 4159 ad
351 4109 486 4173 Keplerum
505 4111 588 4169 datas,
606 4113 631 4161 iu
650 4112 736 4176 quibus
753 4119 851 4176 praeter
869 4127 914 4170 ea,
934 4127 997 4177 quae
1015 4113 1064 4165 illic
1082 4115 1266 4178 proposuimus,
1283 4112 1350 4164 haec
1367 4114 1491 4179 legum

160 4182 259 4231 Certum
277 4187 303 4230 ts
315 4181 389 4236 iacis,
408 4182 472 4244 quod
483 4196 540 4232 mou
551 4196 603 4231 sors
615 4183 669 4234 tuit.
688 4198 743 4232 cum
755 4183 859 4250 Magino
877 4199 1020 4235 concurrere
1037 4187 1063 4234 in
1081 4184 1168 4236 eodem
1186 4198 1258 4235 canu
1270 4198 1287 4235 a
1298 4183 1406 4236 ruva
1423 4196 1491 4250 aq!

158 4253 192 4302 ad
205 4252 365 4306 Bononiam.
392 4251 418 4300 iu
437 4256 505 4316 cujus
524 4254 594 4303 domo
621 4255 700 4303 amice
728 4263 844 4319 acceptus
862 4271 905 4318 per
927 4256 992 4306 dem
1016 4262 1161 4321 noctemque
1185 4257 1282 4318 mansi,
1307 4270 1358 4320 quo
1383 4254 1507 4322 sup*

159 4324 278 4373 cuniculo
295 4322 428 4372 honorifico
446 4324 476 4375 do
495 4332 519 4374 te
538 4324 614 4374 locuti
632 4339 721 4373 sumus.
752 4325 910 4375 Prodromum
928 4334 997 4376 tuum
1016 4328 1038 4377 oi
1057 4327 1152 4378 ostendi
1169 4327 1283 4392 dixique.
1301 4333 1330 4379 ts
1346 4338 1495 4392 unp·

159 4394 282 4450 admirari,
303 4408 357 4443 eum
376 4409 501 4458 uunquam
519 4397 568 4445 tuis
585 4395 662 4445 literis
688 4397 855 4461 respondisse:
883 4403 922 4447 ast
939 4399 991 4461 ipss
1008 4398 1068 4448 mihi
1091 4399 1199 4462 jurarit,
1224 4413 1253 4449 ss
1269 4412 1400 4465 nunquam
1423 4402 1493 4451 snt!

158 4472 228 4515 tuum
244 4464 402 4517 Ptodromum
420 4466 516 4520 vidisse,
536 4466 579 4516 sad
593 4470 645 4530 ejus
663 4467 795 4517 adventum
813 4469 920 4534 quotidie
939 4469 1067 4535 diligenter
1085 4476 1251 4534 exspectasse,
1268 4469 1380 4535 mihique
1395 4469 1517 4545 ffli-

158 4535 282 4600 promisit,
308 4545 334 4586 aa
353 4550 410 4585 suas
429 4537 461 4586 ad
480 4544 505 4587 te
523 4537 606 4587 literas
628 4538 695 4589 brevi
722 4541 817 4590 mittere
836 4541 905 4596 velle,
933 4547 1006 4606 teque
1024 4556 1073 4590 nou
1091 4541 1168 4591 solum
1195 4555 1280 4592 muana
1297 4542 1346 4595 sed
1364 4543 1442 4595 adam
1455 4552 1511 4611 με

158 4609 206 4657 tuls
224 4607 330 4656 inventis
349 4607 470 4660 admirari.
491 4610 616 4658 confessus
635 4615 679 4659 est
1235 4652 1238 4663 .

248 4677 371 4739 Causam,
392 4692 434 4728 cur
451 4678 568 4744 Maginus
585 4695 635 4729 uon
652 4681 803 4744 responderit
828 4680 954 4746 Keplaro,
981 4683 1055 4747 ipsius
1082 4682 1177 4749 Magiui
1200 4682 1279 4734 vorbis
1303 4682 1493 4739 exhihuinh

160 4755 238 4808 textu,
256 4763 313 4815 pag.
335 4746 359 4797 ⁵.
378 4765 460 4800 rerum
479 4750 553 4800 alsam
571 4751 673 4801 diximus
691 4764 793 4802 causam
810 4753 971 4803 vedsimilem.

249 4818 277 4894 fl)
296 4836 320 4893 p.
340 4816 382 4878 39.
401 4820 499 4895 'pocus
517 4836 588 4898 quem
605 4822 647 4880 blo
663 4829 762 4897 spectat
774 4818 908 4896 ,Kepler'hq
926 4824 1015 4900 legitur
1032 4827 1058 4881 in
1075 4824 1139 4876 Ptol.
1158 4824 1304 4907 hlmngcsto
1319 4826 1367 4891 IX.
1384 4840 1439 4907 unp,
1457 4822 1490 4885 ld.
