3278 5550
152 276 218 355 sot
633 288 801 342 1111111111
819 287 914 343 sonu
930 286 1020 341 urat

149 468 303 551 longiores
331 476 418 530 erant
448 468 478 530 in
501 468 608 533 mediis
630 469 883 551 longitudinibus,
915 488 1002 551 quam
1027 468 1225 533 observatae:
1254 466 1304 532 hic
1323 467 1432 532 distat

150 579 226 640 quas
247 558 424 641 hypothesis
447 557 502 619 illa
524 559 627 635 efficit,
652 579 728 640 quae
751 556 873 621 ovaleni
891 560 1032 640 planetae
1056 556 1186 620 orbitam
1210 556 1318 633 efficit,
1343 557 1432 620 hren

149 648 233 710 liunt.
286 648 369 727 Ergo
400 655 500 729 patet,
531 648 610 711 viam
636 649 777 730 planetae
805 667 901 730 neque
930 648 1074 710 circulum
1104 665 1190 721 esse,
1221 666 1317 729 neque
1340 654 1432 710 111111

150 738 261 800 circulo
283 735 399 817 ingredi
423 737 593 813 adlatera.
615 746 759 819 quantum
782 737 879 800 ovalis
902 736 972 812 illa,
997 754 1035 797 ex
1058 755 1122 817 cap.
1145 735 1250 801 XLV.
1274 735 1404 818 opinione

150 835 183 888 et
204 845 269 907 cap.
292 824 410 889 XLVI.
435 824 597 908 desaipta,
620 826 795 908 ingreditur,
821 827 874 888 sed
897 826 996 887 media
1018 826 1157 888 incedere
1182 825 1243 888 via.
1294 825 1335 889 Et
1355 824 1432 887 vicii

149 916 304 996 usurpatis
328 914 483 978 distantiis
506 934 573 997 cap.
597 917 698 989 XLV,
722 917 748 978 si
772 915 992 995 computaveris
1016 915 1084 991 loca
1099 914 1166 975 visa
1181 914 1304 989 Martis,
1326 932 1432 994 praes·

147 1004 211 1077 illa,
234 1022 310 1086 quae
334 1023 401 1084 cap.
426 1004 509 1067 LIII.
535 1004 649 1068 eminus
673 1005 892 1085 oppositionem
916 1004 1129 1077 circumstant,
1160 1003 1252 1064 cadet
1272 1001 1329 1066 tibi
1351 1010 1432 1066 aute

147 1092 327 1177 positionem
348 1094 473 1174 plancta
495 1093 584 1156 nimis
607 1094 637 1155 iu
661 1094 883 1177 consequentia,
907 1102 978 1174 post
1005 1090 1225 1174 oppositionem
1247 1092 1339 1154 nimis
1359 1090 1390 1153 in
1408 1113 1432 1157 a

148 1183 295 1245 cedentia.
350 1183 452 1261 Atque
484 1182 514 1244 id
545 1202 623 1244 anno
660 1180 741 1247 1589
775 1190 806 1245 11
841 1179 920 1246 1591
947 1182 979 1243 iu
1002 1182 1205 1244 descendente
1229 1181 1431 1256 semicirculo,

149 1292 227 1334 anno
254 1267 348 1346 1582,
375 1268 457 1335 1595
482 1271 512 1334 in
536 1274 732 1346 ascendente,
764 1281 812 1334 est
834 1271 1100 1333 evidentissimum.
1147 1270 1229 1337 Nan
1251 1269 1294 1332 ibi
1316 1270 1375 1333 loci
1394 1288 1432 1351 pet

148 1360 247 1423 ovalis
269 1361 330 1423 ista
352 1380 419 1441 cap.
443 1360 544 1423 XLV.
569 1357 806 1441 cooperientia
821 1361 851 1423 iu
865 1361 994 1434 defectu,
1019 1368 1052 1422 ut
1066 1359 1197 1421 circulus
1209 1360 1365 1439 perfectus
1377 1357 1432 1421 11111

146 1456 254 1532 peccat
276 1450 307 1511 in
331 1468 474 1511 excessu:
499 1469 575 1531 quae
598 1459 725 1529 possunt
747 1451 776 1511 in
800 1451 978 1531 apparentia
1001 1450 1121 1511 efficere
1137 1444 1192 1510 20⁴
1215 1449 1396 1529 etamplius.
1425 1447 1432 1508 l

147 1558 205 1620 que
232 1548 264 1601 11
281 1539 383 1601 David
405 1539 560 1601 Fabricius
590 1558 628 1600 ex
656 1540 719 1601 suis
748 1538 917 1601 observatis
948 1538 1128 1620 hypothesin
1150 1555 1249 1599 meam
1273 1536 1382 1617 capitis
1402 1536 1432 1598 Χ]

150 1646 239 1709 quam
261 1627 320 1707 ipsi
343 1646 397 1707 pro
422 1646 494 1690 vera
516 1629 814 1703 communicaveram,
840 1627 950 1689 erroris
973 1628 1072 1706 hujus,
1096 1627 1185 1688 nimis
1209 1634 1363 1688 curtatum
1385 1624 1432 1686 dist

150 1716 261 1778 tiarum
283 1719 313 1778 in
337 1716 445 1778 mediis
469 1716 720 1796 longitudinibus,
750 1736 911 1798 coarguere
935 1718 1051 1796 potuit,
1076 1735 1110 1777 eo
1134 1715 1201 1794 ipso
1224 1723 1362 1795 tempore
1384 1713 1432 1776 scri

149 1805 264 1881 literis,
299 1825 356 1886 quo
389 1824 459 1885 ego
493 1806 522 1867 in
554 1806 730 1885 inquirenda
762 1826 834 1869 vera
870 1805 1046 1888 hypothesi,
1079 1803 1211 1883 repetita
1239 1822 1329 1879 cura,
1362 1802 1432 1865 labor

147 1894 235 1957 Adeo
268 1913 372 1975 parum
404 1894 517 1968 abfuit,
552 1895 620 1976 quin
656 1895 706 1956 ille
736 1916 784 1957 me
807 1896 841 1956 in
861 1894 1112 1974 deprehendenda
1135 1893 1266 1954 veritate
1287 1899 1432 1974 praeverti

147 1987 245 2056 (conp.
276 1987 378 2052 11951.
426 1982 559 2064 Cumque
592 1984 742 2062 perfectus
766 1984 896 2047 circulus
920 1985 1097 2047 tantundem
1120 1991 1225 2063 peccet
1255 1982 1286 2043 in
1315 1988 1432 2045 11111111

147 2071 217 2135 hinc
241 2078 484 2151 argumentamur
507 2081 608 2147 recte,
633 2074 791 2135 veritatem
815 2093 883 2135 esse
906 2074 937 2136 in
960 2073 1113 2154 utriusque
1136 2071 1245 2133 medio.

237 2161 339 2242 Atque
381 2160 461 2223 idem
493 2161 585 2223 etiam
616 2162 764 2242 capitibus
795 2163 911 2226 XLIX.
944 2163 980 2225 L.
1014 2161 1206 2229 testabantur
1237 2159 1432 2241 aequationes

147 2249 248 2312 causis
278 2248 412 2332 physicis
445 2258 652 2332 computatae3
695 2252 828 2314 lunulam
860 2271 982 2333 nempe,
1012 2271 1088 2332 quae
1116 2271 1135 2310 a
1156 2251 1292 2329 perfeeto
1317 2248 1432 2313 semicir

147 2347 319 2413 resecatur,
351 2338 459 2402 debere
498 2340 608 2402 saltem
638 2340 792 2403 dimidiam
819 2341 931 2404 habere
954 2341 1145 2403 latitudinem
1169 2339 1253 2419 ejus,
1291 2356 1432 2420 quamoq

147 2447 213 2508 cap.
236 2427 336 2513 XLV.
359 2436 488 2492 resecat
535 2430 641 2510 Itaque
664 2430 738 2492 nihil
762 2450 817 2491 uos
840 2430 979 2512 impedit,
1004 2430 1074 2511 quin
1097 2448 1160 2491 rem
1183 2427 1355 2491 certissime
1379 2429 1432 2491 deu

147 2523 278 2580 stratam
300 2536 369 2581 csse
393 2518 545 2581 dicamus:
571 2518 740 2600 opinionem
760 2520 878 2582 scilicet
906 2538 972 2600 cap.
995 2518 1097 2593 XLV,
1122 2519 1193 2581 dum
1214 2517 1358 2580 excessui
1379 2536 1432 2598 per

147 2606 249 2668 circuli
273 2606 425 2683 medetur,
455 2607 487 2670 in
510 2608 692 2671 contrarium
716 2609 865 2672 desectum
888 2609 1028 2671 incidere.
1079 2608 1186 2689 Itaque
1223 2625 1336 2670 causae
1364 2607 1432 2690 phys

146 2715 213 2777 cap.
239 2692 338 2760 XLV.
362 2695 393 2758 in
416 2698 514 2761 fumos
536 2698 657 2761 abeunt

730 2927 911 2937 .---.-.

698 3106 818 3204 Caput
853 3104 947 3179 LVI.

149 3248 393 3329 Danaarratio
421 3286 462 3330 erc
484 3267 751 3330 chamotioaidus
783 3275 855 3330 onte
884 3267 1012 3348 positis,
1046 3263 1216 3333 dicamas
1237 3260 1362 3329 Hortis
1383 3284 1432 3327 o

415 3355 626 3418 assumendos
649 3376 715 3417 ease
737 3357 832 3438 quusi
855 3376 894 3419 ero
916 3355 1069 3419 diametro
1093 3342 1235 3437 epic'ycle'.

233 3497 361 3559 Inventa
393 3503 442 3556 est
474 3516 565 3577 supra
597 3517 662 3578 cap.
685 3498 802 3561 XLVI.
827 3497 954 3560 latitudo
977 3495 1116 3569 lunulae,
1153 3514 1245 3577 quam
1272 3494 1432 3577 peperitp

148 3584 248 3667 opinio
286 3605 352 3664 cap.
386 3584 493 3660 XLV,
530 3587 689 3669 docuitque
723 3584 921 3650 resecandam
960 3576 1422 3669 asemicircn103heee,ih

147 3677 269 3738 inventa
306 3682 354 3735 est
388 3673 520 3752 partium
557 3673 639 3751 858,
701 3679 832 3762 qualium
869 3675 972 3739 circuli
1009 3674 1236 3737 semidiameter·
1269 3660 1323 3737 eit
1364 3672 1380 3737 1

147 3765 222 3830 Cum
244 3763 337 3844 igitur
360 3764 477 3826 duobus
500 3766 694 3844 argumentis,
720 3786 794 3848 quae
818 3785 884 3844 cap.
908 3764 1025 3828 XLIX.
1050 3764 1086 3827 L.
1111 3772 1143 3825 et
1164 3762 1233 3827 LV.
1258 3762 1421 3843 praemisi,

147 3854 273 3916 obscure
296 3852 484 3934 colligerem,
509 3852 627 3915 lunulae
651 3854 734 3918 illius
758 3855 947 3917 latitudinem
970 3850 1125 3915 dimidiam
1144 3858 1262 3915 tantm
1277 3852 1432 3917 1111111111

147 3936 973 4047 1191111429,1111111111132,111111111111111,
997 3942 1128 4024 qualium
1152 3940 1432 4005 semidiameterllt

146 4039 194 4094 est
219 4027 367 4107 152350,
402 4032 465 4093 sere
489 4025 568 4094 660·
603 4033 688 4110 coepi
721 4035 759 4095 dc
791 4034 891 4095 causis
914 4039 946 4093 et
966 4032 1056 4093 modo
1080 4031 1231 4110 cogitare,
1266 4031 1376 4112 quibus
1397 4038 1432 4094 tn

146 4119 317 4184 latitudinis
340 4120 444 4183 lunula
466 4121 696 4185 rescinderetur.

234 4207 341 4281 Qua
332 4230 363 4272 m
393 4209 577 4290 cogitatione
606 4212 677 4273 dum
708 4209 939 4284 versaremus,
973 4210 1259 4289 dumreputocap.
1282 4207 1386 4273 XLV.
1408 4206 1432 4289 pl

146 4298 221 4361 nihil
250 4298 364 4361 dictum
392 4318 476 4375 esse,
509 4301 609 4381 itaque
632 4301 750 4363 futilem
770 4298 864 4365 1111111
887 4318 984 4361 meum
1008 4299 1044 4360 de
1067 4299 1167 4360 Marte
1189 4297 1391 4385 triumphum,
1416 4294 1432 4359 1

147 4387 271 4450 fortuito
302 4388 443 4450 incido
435 4408 465 4451 ru
492 4397 646 4452 secantem
676 4389 779 4470 anguli
807 4386 846 4453 5⁰
878 4385 945 4463 18,
974 4406 1050 4468 quae
1073 4398 1122 4449 est
1144 4406 1287 4449 mensura
1309 4384 1432 4468 aequatis

148 4477 266 4559 opticae
289 4478 446 4539 maximae.
493 4478 591 4551 Quem
615 4498 679 4540 cum
703 4480 835 4541 viderem
858 4497 926 4539 esse
953 4471 1090 4551 1‚00429
1113 4476 1163 4538 hic
1178 4476 1272 4578 ’quasi
1290 4496 1307 4538 e
1322 4494 1423 4539 somno

147 4565 349 4653 pergefactus,
373 4576 404 4628 et
426 4587 535 4629 novam
558 4569 656 4630 lucem
679 4567 811 4641 intuitus,
837 4568 880 4629 sic
904 4566 989 4646 coepi
1011 4565 1195 4628 ratiocinari.
1243 4566 1278 4629 Iu
1297 4562 1432 4647 longitud

147 4642 204 4718 bue
225 4653 332 4716 mediis
367 4655 554 4738 aequatidnis
583 4677 655 4738 pars
684 4665 736 4737 opt
738 4657 783 4717 ica
812 4657 846 4717 fit
873 4657 1013 4719 maxima.
1060 4656 1094 4717 In
1123 4654 1364 4735 longitudinibus
1390 4670 1432 4719 1111

149 4745 261 4809 lunula.
272 4762 328 4807 seu
349 4744 477 4809 curtatio
499 4746 710 4810 distantiarum
732 4753 780 4807 est
802 4745 955 4820 maxima,-
973 4752 1078 4827 estque
1100 4750 1197 4819 tauta,
1222 4752 1354 4825 quantus
1376 4750 1423 4807 est

149 4834 254 4939 a*
275 4833 409 4899 meantis
431 4834 621 4918 aequationis
639 4835 762 4919 optione
784 4834 933 4903 numae
959 4831 1088 4899 100429
1110 4829 1432 4914 111111111111111101

637 4936 670 5013 *5
807 4934 849 5025 ‘a‘

980 5038 994 5071 i*

1099 5092 1114 5127 ’.ἲ
