3278 5550
148 287 212 358 316
305 309 309 316 ’
631 286 671 344 De
689 288 797 343 Motibus
815 288 908 343 Stellae
926 282 1015 343 Martis

149 470 222 532 tiam
247 471 298 531 αθ
320 467 491 531 necessario
523 475 555 530 et
577 468 642 530 siue
671 468 796 550 speciali
824 469 948 532 consilio
978 469 1112 531 elliceret
1139 467 1257 549 iustam
1284 473 1316 530 et
1344 466 1469 549 aequalem

149 560 207 640 ipsi
229 558 308 621 AD.

103 656 105 660 “
238 648 283 709 At
309 653 519 727 praeterquam
550 648 628 728 quod
661 648 778 710 iseum
810 648 961 709 axiomate
986 646 1088 727 quinto
1121 665 1256 727 pugnare
1287 645 1478 728 videtnr,qri

151 737 234 812 dicit,
258 737 412 816 planetam
435 736 464 797 vi
489 736 581 798 insita
605 738 744 816 progredi
768 739 804 798 de
829 739 894 800 loco
919 737 948 799 iu
974 737 1070 798 locum
1094 756 1131 797 ex
1153 760 1168 817 γ
1190 737 1279 811 ind,
1302 735 1482 799 multaetian

151 827 212 889 alia
228 826 360 887 absurda
382 826 583 887 involvuntur.
622 826 756 887 Ducatur
776 827 853 888 euim
872 826 929 905 ipsi
952 826 1017 887 BD
1042 826 1206 904 parallelos
1230 826 1308 900 AN,
1335 834 1367 887 et
1380 814 1484 889 stelit

151 915 284 997 aequalis
318 915 377 993 ipsi
400 915 481 989 BD,
506 922 537 976 et
560 922 663 976 centro
687 915 716 976 N
740 916 890 977 scribatur
913 914 1079 996 epicyclus,
1112 915 1160 995 qui
1189 934 1243 995 per
1266 915 1293 976 D
1318 914 1383 976 ibit
1426 911 1484 979 Cu

151 1006 257 1085 igitur,
292 1004 443 1065 existente
468 1002 532 1067 CD
555 1005 689 1083 perfecto
714 1004 841 1077 circulo,
875 1004 965 1066 iidem
989 1003 1182 1085 perficiantur
1215 1003 1317 1083 auguli
1341 1024 1361 1064 a
1382 1002 1484 1083 planeta

150 1095 179 1157 D
204 1093 284 1173 apud
306 1093 332 1155 B
357 1101 491 1154 centrum
509 1093 667 1155 ecceutrici
687 1102 718 1155 et
741 1094 779 1155 ab
802 1094 831 1156 N
856 1102 959 1155 centro
984 1093 1108 1175 epicycli
1133 1094 1211 1173 apud
1231 1101 1368 1156 centrum
1381 1086 1484 1177 Solisl

151 1186 219 1264 (per
243 1183 508 1262 aequipollentiam
532 1183 771 1245 demonstratam
795 1183 894 1262 capite
918 1183 990 1255 ΙΙ.),
1022 1183 1166 1244 diametro
1192 1181 1319 1266 epicycli
1342 1181 1423 1256 ND,
1452 1180 1484 1263 qt

153 1274 309 1352 planetam
331 1271 361 1332 iu
377 1272 404 1333 D
419 1270 527 1345 habet,
561 1279 700 1332 manente
724 1272 782 1352 ipsi
806 1272 871 1335 AB
895 1273 1042 1352 parallelo
1065 1279 1205 1352 respectu
1229 1272 1306 1333 situs
1331 1271 1362 1333 in
1383 1268 1484 1333 munds:

78 1386 81 1402 ·
151 1362 219 1424 ideo
243 1361 291 1421 hic
314 1370 475 1439 poneretur
498 1360 604 1422 eadem
620 1360 760 1422 celeritas
784 1362 812 1424 N
836 1361 932 1422 centri
956 1360 1083 1441 epicycli
1098 1362 1180 1422 circa
1194 1380 1213 1422 a
1227 1359 1334 1423 Solem
1349 1366 1381 1421 et
1394 1358 1422 1421 D
1435 1376 1453 1440 p
1466 1354 1484 1445 ᾗ

152 1460 241 1512 netae
266 1450 345 1512 circa
367 1450 393 1510 B
417 1459 551 1511 centrum
575 1449 716 1530 epicycli,
751 1449 796 1511 ita
823 1457 856 1511 ut
888 1451 976 1512 simul
1010 1450 1237 1512 intenderentur
1269 1449 1324 1511 isti
1356 1448 1457 1511 motns'

153 1539 242 1602 simol
273 1538 513 1601 remitterentur:
547 1547 579 1599 et
608 1539 679 1618 quia
702 1539 832 1600 intensio
857 1548 887 1600 et
910 1539 1046 1601 remissio
1071 1547 1119 1601 est
1147 1559 1166 1600 a
1193 1537 1299 1620 majori
1329 1538 1378 1599 vel
1405 1536 1441 1599 m'

153 1628 302 1690 distantia
326 1627 458 1708 corporis
482 1627 621 1707 planetae
641 1626 757 1701 aSole,
782 1629 849 1689 ideo
874 1634 1008 1690 centrum
1033 1628 1175 1711 epicycli,
1201 1647 1328 1689 manens
1352 1627 1382 1689 in
1407 1646 1439 1687 eo
1473 1696 1479 1711 .-

158 1718 320 1792 distantia,
350 1718 512 1795 tingeretnr
536 1717 621 1778 tarde
645 1718 694 1778 vel
717 1718 855 1779 celeriter
884 1719 996 1780 moveri
1019 1726 1143 1798 propter
1166 1718 1323 1798 planetam
1348 1716 1446 1778 distao

155 1807 273 1887 lougius
298 1807 345 1867 vel
368 1806 487 1867 brevius
511 1825 530 1866 a
553 1804 635 1866 Sole.

245 1897 286 1957 Et
309 1894 444 1974 quamvis
468 1894 563 1956 virtus
586 1894 727 1973 planetas
750 1895 863 1956 vehens
879 1893 1004 1957 celerior
1029 1901 1077 1957 est
1101 1894 1236 1956 omuibus
1261 1894 1382 1956 omnino
1404 1911 1425 1974 p

157 1985 208 2061 tis,
233 1993 268 2046 ut
290 1992 444 2046 ostensum
468 2002 533 2063 cap.
557 1983 709 2059 XXXIV,
740 1983 789 2044 hic
811 1991 914 2047 tamen
938 1990 1022 2046 esset
1045 1984 1131 2046 uobis
1155 1983 1369 2064 supponendus
1401 1982 1440 2044 im

161 2074 282 2136 natione
315 2092 390 2135 unus
422 2072 542 2134 virtutis
567 2092 603 2134 ex
627 2071 699 2134 Sole
727 2073 828 2134 radios
851 2074 937 2149 AN,
967 2093 1022 2135 ceu
1053 2075 1149 2150 linea,
1184 2074 1215 2135 in
1243 2093 1303 2154 qua
1324 2072 1356 2137 N
1380 2090 1433 2135 cen

162 2163 288 2245 epicycli
319 2168 464 2243 perpetuo
497 2170 647 2225 maneret:
681 2181 757 2242 quae
781 2162 862 2224 linea
885 2182 950 2225 cunr
982 2162 1047 2243 ipso
1071 2172 1173 2226 centro
1197 2162 1227 2224 N
1250 2161 1403 2225 interdum
1461 2230 1466 2239 ,

158 2254 256 2327 tarda,
280 2252 430 2314 interdum
453 2251 558 2326 volor;
592 2252 700 2313 iterum
723 2260 828 2314 contra
851 2273 902 2326 ea,
927 2271 1004 2332 quae
1028 2252 1235 2333 supradicta,
1260 2252 1340 2333 quod
1364 2251 1456 2314 uirtus

158 2344 263 2405 eadem
286 2341 434 2403 distantia
456 2340 583 2403 eandem
604 2349 749 2420 perpetuo
772 2349 909 2420 praestet
923 2342 1126 2405 celeritatem:
1150 2342 1306 2422 planetam
1330 2339 1436 2403 varod
1477 2408 1484 2429 Ι

157 2452 256 2495 remus
279 2449 389 2511 ponere
414 2449 482 2491 sese
506 2431 695 2492 evolventem
709 2448 747 2491 ex
769 2430 826 2493 hoc
849 2431 1027 2510 imaginario
1052 2432 1136 2494 radio
1159 2432 1230 2494 AN
1255 2431 1284 2492 in
1309 2439 1415 2511 partes
1436 2434 1484 2492 td

157 2521 268 2585 trarias
291 2520 475 2601 temporibus
500 2519 674 2604 aequalibus
699 2520 913 2600 inaequaliter,
945 2530 1033 2600 prout
1063 2522 1127 2603 ipse
1158 2521 1205 2583 hic
1228 2519 1332 2581 radius
1361 2519 1411 2581 vel
1432 2514 1484 2581 effi

157 2612 207 2672 vel
231 2613 336 2675 tardus
360 2611 453 2671 fieret.
501 2615 576 2689 (Hoc
604 2618 729 2675 ultimum
756 2620 911 2675 declinatur
938 2619 1010 2674 iutra
1037 2638 1097 2690 cap.
1126 2620 1227 2676 XLIX.
1255 2620 1357 2674 ceteris
1389 2612 1484 2674 absin!

158 2702 355 2777 manentibus.)
398 2697 464 2770 Quo
497 2707 586 2779 pacto
615 2700 806 2779 geometricis
834 2700 953 2779 quidem
986 2707 1120 2762 veterum
1150 2699 1410 2780 suppositionibus
1439 2712 1484 2778 pr!

157 2792 259 2873 piores
283 2791 429 2862 fieremus,
454 2789 508 2850 sed
523 2810 541 2850 a
554 2788 686 2869 physicis
711 2786 967 2870 speculationibus
987 2788 1195 2852 aberraremus
1212 2808 1302 2871 quam
1327 2786 1484 2869 longissiu

158 2891 193 2943 ut
215 2889 369 2942 ostensum
392 2896 457 2958 cap.
483 2878 522 2940 ΙΙ,
559 2878 665 2957 Neque
690 2877 841 2939 sufficiunt
866 2877 1066 2958 cogitationes
1089 2897 1173 2940 meae
1198 2879 1238 2940 ad
1261 2854 1484 2940 eruendumnd

161 2971 240 3045 dum,
265 2986 322 3048 quo
345 2967 407 3028 ista
430 2967 603 3046 contingere
627 2977 752 3045 possent
775 2967 963 3030 naturaliter.
1465 2979 1474 2994 ·’

249 3055 422 3135 Simplicius
437 3055 527 3134 igitur
546 3055 751 3133 cogitarentur
774 3056 844 3132 ista,
869 3056 895 3117 si
919 3057 1134 3135 inspiceremus
1158 3056 1227 3119 NI)
1251 3047 1484 3134 diametrumepl

160 3146 238 3229 cycli
270 3145 328 3207 sibi
360 3143 417 3224 ipsi
449 3153 592 3224 perpetuo
615 3144 792 3223 parallelum
818 3154 998 3208 manentem.
1045 3147 1128 3208 Tunc
1161 3146 1253 3226 igitur
1282 3147 1411 3225 planeta
1438 3144 1484 3206 bnt

161 3244 274 3298 motum
307 3234 485 3308 conficeret,
518 3232 733 3313 imaginatione
765 3254 821 3295 nou
853 3235 977 3317 epicycli
1012 3237 1065 3296 sed
1100 3236 1194 3298 centri
1228 3234 1390 3297 ecceutrici
1413 3235 1484 3308 B,t

162 3325 272 3388 tuendo
296 3341 363 3385 sese
385 3322 416 3383 iu
440 3323 545 3384 eadem
568 3331 714 3403 perpetuo
731 3324 877 3386 distantia
901 3325 939 3386 ab
964 3325 1015 3386 illo
1040 3331 1154 3386 centro.
1192 3323 1236 3386 At
1259 3322 1315 3386 sub
1342 3321 1484 3403 principit

162 3415 261 3498 operis
285 3432 351 3492 cap.
377 3413 417 3473 lI.
442 3412 639 3486 dictumest,
674 3412 921 3475 absurdissimum
945 3433 1029 3488 esse,
1063 3423 1097 3476 ut
1124 3415 1248 3494 planeta
1272 3414 1427 3493 (quamvis
1446 3414 1484 3475 en

162 3513 262 3581 mente
285 3503 435 3575 instruas)
458 3502 638 3581 imaginetur
662 3502 717 3563 sibi
733 3510 866 3564 centrum
891 3512 922 3564 et
945 3505 982 3564 ab
1007 3522 1042 3565 eo
1068 3503 1253 3576 distantiam,
1279 3502 1309 3562 in
1335 3521 1393 3582 quo
1416 3518 1461 3563 oen

162 3578 276 3668 ullum
297 3591 448 3672 peculiare
462 3610 569 3672 corpus
593 3609 647 3670 pro
664 3599 736 3653 nota
759 3591 842 3653 insit.
879 3591 921 3654 Et
945 3593 1081 3673 quamvis
1097 3593 1219 3666 dixeris,
1242 3592 1401 3670 planetam
1419 3503 1484 3667 rer&

163 3702 231 3748 cere
255 3683 293 3746 ad
317 3681 419 3745 Solem
441 3681 484 3756 A,
511 3681 625 3761 etjam
649 3689 739 3742 autea
766 3680 857 3742 scire·
876 3682 1060 3756 memoriter,
1097 3682 1201 3761 quales
1225 3679 1329 3742 ordine
1355 3658 1484 3769 distant'l

165 3794 184 3837 a
208 3773 278 3837 Sole
306 3769 432 3852 perlecti
455 3769 614 3832 ecceutrici
637 3769 810 3849 contingere
834 3769 980 3832 debeant:
1012 3771 1140 3851 primum
1163 3771 1221 3832 hoc
1243 3769 1390 3831 remotius
1418 3748 1484 3919 abeat}

165 3864 281 3945 indiget
303 3859 420 3933 mediis,
443 3879 519 3941 quae
535 3860 674 3921 effectum
696 3859 823 3940 perfecti
841 3860 996 3922 circularis
1020 3860 1137 3922 itineris
1161 3879 1227 3921 cum
1252 3859 1339 3938 siguo
1355 3877 1420 3920 cres

166 3948 413 4035 et'deerescentis
438 3949 576 4013 diametri
593 3948 674 4011 Solis
697 3956 887 4023 conuectant,
912 3950 1004 4011 etiam
1027 3949 1056 4010 iu
1082 3949 1183 4029 aliqua
1197 3955 1307 4010 mente.
1358 3948 1393 4010 Id
1416 3926 1484 4008 aotd

143 4030 296 4113 'mulslim
325 4058 383 4103 non
414 4047 463 4101 est
489 4038 583 4112 aliud,
618 4036 675 4099 nisi
709 4038 819 4118 positio
850 4040 945 4100 centri
974 4038 1133 4101 ecceutrici
1163 4038 1189 4098 B
1220 4037 1252 4099 in
1282 4043 1368 4098 certa
1399 4056 1417 4098 a
1442 4028 1484 4097 Sol

169 4128 332 4215 diptantiae
357 4128 436 4209 quod
454 4129 518 4209 jam
540 4128 627 4189 modo
653 4127 773 4202 dictum,
798 4148 817 4187 a
839 4128 919 4189 nuda
942 4137 1042 4190 mente
1067 4127 1130 4189 fieri
1155 4147 1212 4189 nou
1235 4144 1337 4207 posse.

255 4222 324 4284 Non
357 4236 448 4298 nego,
482 4216 608 4296 cogitari
641 4235 731 4296 posse
765 4224 913 4291 centrum,
948 4226 979 4279 et
1002 4219 1083 4279 circa
1111 4216 1141 4278 id
1172 4217 1324 4278 circulum.
1371 4208 1484 4299 Sedbt

170 4309 250 4386 dico,
275 4310 301 4372 si
326 4315 460 4370 centrum
483 4305 668 4386 cogitatione
692 4306 759 4366 sola
781 4306 943 4382 consistat,
968 4308 1048 4369 nullo
1073 4314 1224 4385 tempore,
1250 4305 1332 4366 nullo
1356 4304 1438 4383 signo
1458 4312 1484 4360 m

169 4407 264 4475 terno,
289 4417 348 4460 nou
370 4416 460 4477 posse
477 4397 557 4459 circa
579 4395 610 4458 id
624 4394 755 4456 ordinari
779 4396 901 4457 realiter
924 4396 1056 4476 corporis
1077 4395 1203 4476 alicujus
1226 4392 1347 4456 mobilis
1369 4393 1428 4456 iter
1446 4404 1484 4472 per

171 4489 249 4551 fecte
272 4487 424 4550 circulare.

258 4578 424 4640 Praeterea
447 4574 473 4638 si
495 4575 620 4655 planeta
644 4592 715 4634 suas
735 4573 835 4653 justas
858 4573 1021 4636 distantias
1046 4594 1065 4635 a
1088 4571 1160 4635 Sole
1180 4573 1246 4653 lege
1271 4570 1375 4634 circuli
1398 4569 1484 4634 orum

172 4676 221 4731 tas
247 4666 435 4747 depromeret
458 4684 495 4727 en
518 4663 670 4738 memoria,
696 4663 884 4743 depromeret
912 4663 1043 4725 indidem
1066 4660 1159 4724 etiam
1182 4671 1327 4743 tanquam
1352 4681 1389 4723 ex
1410 4656 1484 4723 tabol

174 4756 345 4821 Protenicis
370 4761 423 4816 aut
440 4753 638 4835 Alphousinis
661 4753 803 4833 aequales
827 4770 913 4814 arcus
937 4751 1105 4827 ecceutrici,
1131 4751 1331 4814 decurrendos
1355 4746 1484 4834 inaequal

173 4847 230 4910 bus
249 4843 443 4926 temporibus,
466 4842 716 4923 etdecorreudos
739 4841 769 4903 vi
785 4848 929 4905 extranea
952 4862 991 4908 ex
1005 4842 1092 4918 Sole}
1117 4848 1148 4904 et
1162 4841 1205 4903 sic
1227 4840 1398 4922 praesciret
1410 4838 1484 4905 mem
