3278 5550
64 284 83 317 „
141 227 206 299 706
681 226 840 279 musar.
858 224 950 277 seusu

141 410 232 475 condi
254 408 385 471 faciliter
407 423 461 485 per
489 404 580 466 aliam
608 403 855 484 imaginationem
877 404 1101 486 hypotheseos3
1129 403 1356 466 tantummodo
1376 402 1430 466 hoc
1446 422 1489 484 pro

137 503 207 582 jure
231 517 285 561 suo
309 497 392 568 ursit,
418 501 451 555 ut
474 493 503 555 id
526 493 654 574 primum
678 495 880 572 perficeretur,
905 493 983 573 quod
1006 493 1064 555 sibi
1086 500 1176 555 esset
1191 493 1309 567 visum,
1333 484 1490 573 Ephemer'e

142 582 275 668 nempe),
300 593 331 647 et
354 602 409 664 ego
432 584 474 656 id,
498 583 577 662 quod
600 582 659 644 levi
682 600 751 645 mea
773 602 866 663 opera
888 582 1085 661 heriposeet,
1110 582 1315 661 Tengnaglio
1339 582 1490 655 inviderem,
1522 644 1525 649 ,

143 698 180 740 ne
204 678 229 738 is
254 676 290 736 de
314 694 347 736 re
371 692 428 733 non
452 670 555 751 magni
578 671 721 733 momenti
750 680 781 733 et
809 690 894 733 meae
922 669 1106 733 inventionis
1130 670 1209 733 olim
1240 669 1375 752 gloriari
1395 680 1490 751 posset

143 768 192 829 Ita
216 766 329 826 factum
345 760 559 833 simultatibus,
582 769 616 823 ut
632 780 690 836 res,
707 755 748 822 'se
771 761 840 840 ipsa
862 761 901 821 ab
924 759 1011 821 initio
1031 767 1192 840 exoptata,
1219 761 1419 842 postmodum
1438 779 1492 821 rer·

143 861 259 918 teretur
282 853 312 914 in
337 851 377 913 fel
402 857 434 910 et
456 856 593 923 acetnm;
624 849 804 928 praesertim
833 869 899 911 cum
927 868 983 929 ego
1011 867 1085 929 opus
1109 868 1171 919 non
1189 850 1293 930 'prius
1314 856 1492 912 monstrarem

144 941 340 1022 Tengnaglio,
366 958 453 1019 quam
473 939 538 1018 jam
561 936 684 1018 scriptis
710 940 749 1001 ad
763 939 953 1001 Herwartum
971 938 1068 1000 literis
1086 946 1119 1000 et
1135 948 1253 1019 poetae
1280 939 1492 1012 commendarit

144 1032 327 1110 exemplum,
353 1029 431 1107 quod
454 1027 578 1089 videbat
600 1028 820 1108 Tengnaglius,
855 1029 948 1090 etiam
969 1035 1078 1108 poetae
1101 1029 1381 1091 commendaturus
1402 1047 1491 1089 mmm

143 1123 221 1185 Nam
246 1120 297 1179 vix
321 1118 419 1179 obiter
441 1116 621 1197 hypothesin
645 1117 797 1180 Matthiae
821 1117 1060 1184 dertosanorum,
1090 1124 1184 1196 atque
1209 1136 1251 1179 ex
1277 1136 1317 1179 eo
1341 1136 1399 1181 non
1419 1118 1491 1179 reric

143 1229 202 1270 uno
227 1208 308 1269 dicto
339 1207 421 1267 iutra
448 1201 468 1267 6
492 1204 680 1285 septimanas
704 1207 769 1285 jam
800 1207 952 1285 perfectas
980 1225 1046 1266 esse
1077 1205 1202 1268 tabulas
1232 1207 1384 1268 indicavi.
1427 1206 1490 1268 Hae

145 1297 356 1378 importunitas
379 1313 458 1355 nove
481 1293 684 1372 exasperabat
701 1295 841 1375 antiquas
859 1303 891 1356 st
911 1295 1065 1357 diuturnas
1082 1294 1274 1358 simultates.
1309 1293 1490 1375 Tengnegliu
1530 1310 1532 1317 ·

143 1389 209 1466 ipse
234 1403 327 1465 opera
346 1382 497 1446 Johannis
519 1389 648 1453 (ushan)
667 1391 698 1444 et
711 1383 863 1446 Matthiae
887 1383 1008 1445 tabulas
1030 1384 1205 1463 hujusmodi
1228 1384 1386 1458 condidit,
1406 1383 1491 1465 quibus

145 1494 229 1538 meas
252 1472 400 1534 facilitate
424 1479 565 1550 superet;
596 1470 697 1550 itaque
721 1491 779 1533 non
805 1493 863 1535 res
886 1482 934 1534 est
956 1472 1082 1547 vitiosa,
1113 1474 1170 1535 sed
1194 1474 1336 1536 modus
1364 1472 1489 1553 agendi:

147 1572 237 1644 atque
259 1562 376 1623 utinam
400 1578 524 1640 scopum
548 1559 706 1622 facilitatis
730 1561 903 1641 attigissem
926 1562 1068 1641 propius3
1093 1570 1197 1623 certus
1222 1563 1312 1625 enim
1336 1581 1415 1637 sum,
1436 1579 1489 1641 gre

145 1654 206 1715 tias
230 1651 302 1713 mihi
326 1658 450 1712 acturos
474 1667 542 1710 esse
566 1649 692 1725 multos,
717 1659 824 1713 contra
848 1671 937 1732 quam
960 1658 1003 1711 tu.

235 1740 346 1803 Altera
368 1745 421 1799 tua
443 1737 588 1799 refutatio
612 1739 672 1799 mei
691 1739 807 1802 insituti
824 1748 871 1802 est
886 1740 972 1813 haec,
998 1739 1075 1820 quod
1099 1737 1187 1800 labor
1209 1739 1416 1818 triangularis
1436 1757 1489 1818 sup

145 1830 264 1913 peditet
287 1826 450 1889 distantias
473 1826 578 1889 Lunae
602 1849 621 1888 a
644 1828 753 1904 Terra,
786 1830 877 1891 utiles
904 1829 935 1889 in
963 1827 1131 1905 astrologia
1152 1827 1192 1890 ob
1219 1829 1431 1908 particulares
1448 1846 1489 1907 pe

146 1919 291 1981 rallaxes.
338 1915 540 1995 Respondeo:
572 1915 707 1979 calculus
730 1917 883 1999 Tychonis
906 1938 925 1978 a
949 1936 994 1978 me
1018 1936 1076 1978 non
1099 1926 1149 1978 est
1171 1917 1337 1993 sublatus,
1361 1925 1491 1998 computet

148 2007 198 2087 qui
223 2007 323 2078 volet;
354 2024 424 2067 nam
447 2022 516 2066 mea
538 2005 765 2069 transformatio
790 2007 914 2069 exhibet
935 2006 1056 2067 easdem
1085 2005 1264 2069 distantias.
1315 2009 1364 2069 At
1391 2007 1417 2069 si
1444 2006 1491 2086 quit

148 2102 207 2159 uon
232 2101 357 2175 quaerat
373 2093 547 2169 distantias,
571 2093 627 2156 sed
648 2096 759 2158 nudam
775 2096 1002 2176 longitudinem,
1025 2096 1053 2156 ei
1075 2095 1249 2157 taediosum
1274 2104 1336 2170 est,
1363 2095 1492 2176 triangul·

149 2184 305 2247 consulere
329 2192 361 2244 et
384 2182 547 2245 distantias
569 2181 654 2264 prius
677 2185 772 2258 adire,
796 2205 872 2266 quas
888 2184 1031 2265 primario
1049 2204 1110 2246 non
1129 2184 1260 2263 expetit.
1300 2184 1382 2247 Tum
1402 2192 1491 2251 autu

149 2273 221 2355 qnid
253 2282 286 2335 tu
317 2272 353 2334 de
387 2272 509 2333 circello
543 2272 695 2352 argutaris
728 2275 852 2355 ejusque
884 2276 991 2337 effectu
1023 2273 1053 2335 in
1085 2273 1252 2361 variandis⁴
1277 2272 1492 2354 parallaxibusl

150 2362 232 2435 Quid
247 2363 273 2423 si
298 2363 328 2423 in
351 2361 490 2423 omuibus
513 2362 720 2443 parallaxibus
740 2364 808 2442 plus
823 2363 990 2438 aberrares,
1015 2382 1105 2443 quam
1129 2362 1275 2424 circellus
1299 2364 1419 2426 efficit?
1443 2362 1490 2426 ltu

150 2453 240 2534 plane
270 2452 327 2513 hoc
357 2452 490 2524 affirmo,
525 2452 580 2513 sed
612 2451 667 2513 sub
697 2452 879 2515 conditione.
925 2453 1006 2514 Nam
1033 2452 1060 2512 ei
1087 2458 1120 2514 tu
1149 2452 1341 2515 diametrum
1372 2450 1491 2517 Solisct

151 2540 273 2603 umbrae
298 2539 448 2602 mordicus
472 2539 565 2601 fueris
596 2547 714 2602 tutatus
744 2559 811 2602 cnm
839 2541 990 2621 parallaxi
1012 2539 1111 2614 Solis,
1143 2541 1267 2603 omuino
1296 2542 1358 2605 tibi
1386 2562 1436 2605 ree
1453 2541 1490 2603 hu

151 2629 268 2693 recidet
300 2629 354 2690 sub
387 2628 636 2691 contradictionis
669 2630 925 2706 comminatione,
951 2638 987 2693 nt
1016 2630 1188 2710 parallaxin
1216 2624 1329 2692 Lunae
1362 2630 1492 2693 euidenter

153 2726 270 2783 mutare
294 2717 423 2797 cogaris.
519 2764 523 2771 .

241 2808 307 2869 Iam
330 2807 367 2868 ad
392 2806 455 2867 alia
477 2805 578 2880 venis,
609 2812 640 2867 et
670 2807 696 2868 si
727 2816 808 2870 tuam
839 2806 1101 2888 reprehensionem
1125 2814 1240 2869 tectam
1266 2808 1349 2871 bene
1372 2807 1491 2890 percipe

149 2898 213 2977 jam
238 2906 271 2958 tu
294 2897 371 2958 banc
394 2894 572 2975 particulam
596 2895 677 2956 tituli
692 2915 825 2958 mearum
844 2896 1140 2959 transformationum
1161 2897 1308 2972 adoriris,
1334 2899 1418 2978 qnod
1438 2895 1491 2959 dm:

132 3006 241 3067 ·„pro
272 2994 360 3066 typo
392 2983 605 3045 tabularum
636 2984 819 3065 Rudolphi
851 2987 897 3049 ad
926 2985 1206 3048 deliberandum
1237 2988 1490 3067 propositas

154 3076 200 3139 Tu
224 3093 295 3154 ergo
319 3074 454 3146 miraris,
485 3072 595 3133 audere
623 3093 671 3143 me
695 3083 813 3137 ceteros
840 3077 998 3155 planetas,
1029 3075 1065 3136 de
1090 3074 1197 3155 quibus
1219 3076 1362 3139 nondum
1386 3083 1492 3145 couebt
1530 3148 1532 3163 Ι

155 3163 352 3243 aequiparare
373 3164 487 3224 Lunae.
520 3161 589 3222 Non
606 3162 696 3235 facio,
720 3163 761 3225 mi
778 3163 971 3237 Christiane;
995 3183 1047 3225 cur
1070 3164 1149 3225 euim
1175 3165 1235 3238 ,ad
1261 3164 1492 3229 deliberantur

154 3270 361 3332 proponerem,
385 3252 410 3311 si
431 3250 496 3328 jam
519 3258 603 3310 esset
621 3251 832 3330 exploratum?
862 3253 942 3324 Scio,
967 3253 1070 3314 Lunae
1089 3272 1158 3315 esse
1181 3254 1390 3335 particularia
1411 3254 1493 3319 multe

155 3361 190 3403 ac
215 3340 356 3402 fortassis
372 3340 463 3400 etiam
482 3338 623 3418 planetae
638 3341 732 3401 ceteri
751 3343 999 3422 inaequalitatum
1023 3361 1145 3404 numero
1168 3351 1202 3403 et
1224 3343 1383 3423 qualitate
1406 3341 1494 3406 distin·

153 3440 283 3510 guuntur
304 3429 372 3509 plus
396 3446 486 3508 quam
509 3427 653 3488 hacteuus
678 3431 800 3491 credidi.
840 3432 938 3495 Unum
961 3440 1063 3492 autem
1087 3439 1136 3492 est
1156 3431 1186 3493 in
1211 3432 1390 3497 tabularum
1413 3444 1493 3496 tmu-

154 3513 348 3591 formatione,
381 3518 459 3600 quod
490 3516 566 3577 citra
594 3520 830 3582 controversiam
860 3519 972 3583 imitari
1000 3538 1158 3599 possumus
1182 3520 1212 3581 in
1236 3521 1355 3584 ceteris
1380 3520 1494 3585 ommbnt

152 3607 294 3690 planetis,
320 3608 345 3668 si
365 3607 453 3675 modo
470 3606 641 3668 consultum
660 3608 749 3669 fuerit
772 3609 866 3687 (quod
886 3607 1110 3672 deliberandum
1132 3629 1200 3671 esse
1220 3609 1313 3685 dixi),
1339 3620 1377 3673 ut
1399 3610 1495 3673 scilicet

151 3716 206 3778 per
229 3714 385 3759 excessum
408 3694 552 3774 temporis
577 3713 669 3773 supra
692 3704 890 3772 momentum,
922 3718 978 3779 quo
1008 3699 1132 3777 planeta
1159 3699 1190 3760 in
1214 3718 1359 3779 apogaco
1383 3695 1494 3763 eccentli

152 3786 252 3859 fuerit,
278 3786 382 3847 statim
407 3792 585 3864 excerpatur
604 3786 756 3847 anomalia
775 3789 906 3850 ecceutri
920 3795 1107 3868 coaequata;
1132 3797 1222 3868 atque
1246 3788 1306 3851 huc
1332 3808 1393 3868 ego
1415 3789 1495 3872 potis

152 3874 260 3936 simum
291 3875 429 3955 respexi,
464 3874 534 3955 quia
566 3892 704 3952 apogaqa
736 3883 767 3936 et
794 3877 864 3937 nodi
893 3878 1082 3957 planetarum
1110 3884 1280 3939 ceterorum
1308 3879 1407 3941 valde
1432 3875 1496 3940 tardi

151 3971 237 4037 sunt,
260 3971 292 4024 et
313 3963 397 4024 facili
421 3982 513 4043 opera
536 3966 757 4041 computantur.
784 3996 824 4008 -
857 4012 939 4028 ....
964 3963 1051 4035 Quae
1075 3965 1113 4027 ad
1137 3966 1258 4045 singula
1282 3985 1409 4044 eorum,
1436 3969 1501 4049 quae

150 4051 302 4130 praestita
324 4052 355 4113 in
378 4052 466 4112 Luna
489 4069 718 4127 commemoras,
744 4053 803 4115 dici
826 4055 957 4118 fortasse
981 4064 1107 4135 possent
1131 4055 1168 4116 ab
1192 4062 1392 4132 astronomo,
1416 4058 1496 4123 mtto.

150 4146 186 4200 ne
211 4159 305 4201 novas
329 4140 522 4222 quaestiones
545 4158 646 4202 serere
667 4142 772 4204 videar
790 4163 847 4207 uon
863 4145 954 4207 finitis
968 4144 1131 4219 veteribus,
1154 4144 1341 4223 praesertim
1357 4141 1497 4210 cumuihl

149 4226 278 4290 h'abeam
301 4229 331 4291 in
349 4248 494 4308 praeseus
514 4229 571 4291 uisi
586 4230 777 4309 conjecturas
794 4233 945 4314 physicas,
970 4253 1024 4295 nec
1047 4252 1084 4294 ex
1102 4235 1238 4314 professo
1255 4241 1394 4298 tractem
1408 4237 1496 4299 Lunae

148 4317 312 4394 negotium,
360 4317 441 4389 Quid
465 4337 541 4380 nuuc
572 4318 608 4378 do
639 4336 686 4381 me
715 4321 825 4383 meruit
854 4322 1047 4386 odiosissime
1073 4322 1127 4385 illa
1150 4332 1204 4384 tua
1225 4324 1404 4403 exagitatio
1426 4327 1496 4388 ineo·

73 4424 76 4429 ·
148 4403 260 4464 lentiae
285 4406 359 4485 ejus,
383 4425 472 4487 quam
496 4407 567 4469 mihi
590 4428 644 4488 per
657 4409 873 4489 nequissimam
889 4412 1069 4474 calumniam
1083 4411 1241 4474 tribuisti?
1272 4419 1496 4489 (bergomum

147 4493 276 4541 recensitis
297 4496 340 4554 iis,
363 4509 428 4560 quae
446 4494 530 4559 lycho
553 4497 579 4545 in
598 4498 685 4547 Lunae
704 4498 800 4550 theona
821 4500 937 4571 perfecit,
963 4500 1048 4552 addit:
1074 4500 1172 4561 taliae
1195 4506 1221 4550 te
1245 4514 1362 4569 unquam
1390 4501 1496 4569 premi

146 4576 218 4627 poete
242 4561 399 4615 vehementer
423 4574 514 4616 metuo.
551 4566 581 4616 ld
604 4575 688 4619 autam
710 4585 760 4621 non
784 4578 885 4629 metuo,
913 4573 977 4637 qnod
1004 4572 1037 4622 ed
1059 4571 1213 4636 praeclaram
1239 4586 1378 4624 censuram
1402 4578 1496 4627 omnim

145 4634 263 4684 honorum
287 4640 313 4684 et
336 4636 526 4702 intelligentium
549 4639 653 4690 viromm
676 4641 707 4690 de
731 4641 849 4692 defuncto
867 4643 985 4707 'l'yohone
1008 4642 1073 4694 haeo
1090 4643 1190 4694 sordlda
1208 4642 1414 4698 tua‘lusolentta
1429 4647 1495 4711 meg'!

146 4713 273 4766 rudarcat
291 4724 317 4766 cs
336 4716 420 4767 odora
437 4717 504 4779 fiat.)
541 4706 621 4781 Quid
645 4714 722 4775 enim
745 4714 804 4778 nisi
828 4724 863 4776 ut
880 4725 911 4777 te
929 4715 1063 4778 vicissim
1083 4724 1114 4779 et
1136 4724 1226 4779 tuam·
1244 4723 1430 4796 κακοηθιιαι
1450 4736 1493 4780 er-
