3278 5550
149 294 192 365 84
570 299 671 353 Literna
688 299 792 365 Kepieri
809 300 962 366 aliorumque
978 306 1082 353 mutuae

151 477 223 561 quia
264 478 366 555 addis,
408 483 439 540 te
472 497 594 560 sperare
635 479 862 542 satisfacturam
901 479 1178 556 observationibus,
1213 488 1246 544 et
1273 480 1503 565 cogitationibus

150 568 320 630 effinxisse:
345 588 403 630 non
428 569 552 645 faciam,
577 568 693 632 inutilis
716 569 811 633 labor.
857 567 902 632 Es
926 570 1018 632 etiam
1042 571 1217 634 irritandus.
1263 571 1332 653 Ego
1355 590 1430 634 vero
1451 590 1500 634 nor

149 664 185 719 ut
207 666 240 718 tu
263 657 472 737 praeconcipio
496 657 646 738 integram
679 658 878 740 hypothesin,
912 677 1000 740 quam
1033 668 1142 740 postea
1172 661 1298 742 probem
1330 662 1413 724 bona
1443 680 1496 743 spe

148 745 229 810 Nem
253 747 340 809 fallet
363 766 418 824 ups
442 755 596 809 aeteruum
620 767 691 829 epes
715 749 800 811 baec.
846 747 949 810 Pauca
971 768 1050 830 pono
1082 749 1296 831 principiorum
1323 750 1406 827 loco,
1440 750 1495 813 inde

147 854 257 917 sequor
279 836 518 898 observationes.

236 926 287 989 Ad
311 925 433 988 ultimas
458 925 488 988 7.
514 921 600 1000 (17.)
624 926 698 1007 Maj.
726 921 822 989 1603.
1486 974 1489 979 -

236 1014 283 1076 De
307 1016 510 1097 computanda
533 1014 680 1077 distantia
704 1013 786 1077 Solis
810 1022 841 1077 et
864 1014 976 1088 Terrae
1000 1015 1152 1096 quereris,
1183 1022 1213 1079 te
1246 1015 1390 1080 confundi
1412 1017 1493 1083 tribus

149 1105 255 1180 modis,
279 1125 367 1167 uuum
385 1114 500 1186 optare.
538 1103 584 1166 At
598 1123 654 1184 ego
671 1122 709 1165 ne
724 1104 947 1178 confunderem,
962 1105 1053 1166 tertio
1077 1106 1143 1168 loco
1166 1112 1198 1168 te
1223 1107 1262 1169 ad
1286 1107 1493 1171 similitudinem

148 1194 337 1276 quaerendae
361 1194 526 1256 distantiae
551 1192 632 1255 Solis
657 1201 688 1254 et
710 1194 822 1256 Martis
846 1193 997 1273 ablegavi.
1043 1195 1114 1274 Ipse
1143 1214 1215 1258 vero
1248 1196 1363 1276 primus
1390 1196 1493 1271 modus,

149 1284 175 1347 si
198 1285 314 1346 minuta
336 1292 503 1357 sectemur,
537 1282 630 1344 habet
662 1282 740 1345 hanc
773 1284 871 1363 ipsam
900 1280 1029 1347 similem
1052 1284 1256 1364 operationem
1279 1294 1311 1348 et
1334 1285 1494 1348 verissimus

149 1381 207 1435 eet.
246 1371 404 1435 Secundus
427 1391 498 1435 vero
523 1372 752 1452 compendiosus
769 1371 888 1451 quidem
904 1378 936 1433 et
949 1372 979 1434 in
999 1392 1118 1435 sensum
1135 1374 1208 1436 nihil
1223 1383 1342 1455 peccat,
1367 1374 1495 1438 deuehi

148 1471 250 1525 tamon
275 1461 379 1525 Solem
402 1463 432 1524 in
457 1462 632 1543 operatione
656 1482 676 1523 a
698 1461 895 1524 similitudine
921 1469 1099 1526 ceterorum.

236 1570 334 1650 Igitur
357 1569 413 1631 hoc
436 1569 515 1631 habe
538 1576 748 1650 praeceptum:
783 1568 903 1649 cognito
934 1587 1006 1631 vero
1036 1570 1102 1632 loco
1126 1569 1207 1633 Solis
1232 1570 1257 1632 si
1281 1570 1367 1652 oupis
1400 1570 1464 1652 ejus
1476 1590 1497 1633 s

145 1660 241 1721 Terra
264 1659 441 1722 distantiam
467 1678 667 1739 cognoscere,
701 1658 828 1738 primum
861 1658 946 1732 vide,
981 1667 1125 1739 quantum
1157 1660 1196 1721 ab
1229 1676 1366 1740 apogaeo
1397 1660 1498 1737 distem

148 1748 256 1810 deinde
280 1748 357 1823 adde
390 1749 459 1812 huic
493 1749 657 1811 distantiae
691 1747 730 1810 ab
763 1765 900 1828 apogaeo
924 1747 1079 1811 dimidiam
1103 1748 1314 1832 aequationem
1338 1749 1406 1830 ejus
1436 1748 1500 1826 locl;

145 1836 238 1900 tertio
267 1837 333 1900 dic:
363 1848 397 1902 ut
420 1839 503 1900 sinus
533 1837 623 1917 hujus
647 1845 755 1899 auctae
778 1837 945 1899 distantiae
961 1837 999 1899 ab
1014 1856 1149 1919 apogaeo
1165 1838 1205 1900 ad
1224 1845 1331 1914 toturn,
1357 1838 1404 1901 sic
1427 1839 1502 1902 sium

145 1927 227 1990 illius
250 1945 340 1990 verae
365 1927 530 1990 distantiae
554 1927 593 1989 ab
618 1946 755 2007 apogaeo
779 1927 819 1987 ad
843 1926 1020 1989 distantiam
1040 1926 1123 1991 Solis
1147 1936 1178 1989 st
1197 1929 1319 1990 Terrae.
1358 1928 1504 1991 Inhierts

146 2024 220 2097 puto
243 2017 458 2098 propemodum
482 2016 561 2079 idem
592 2017 690 2079 locum
719 2016 908 2091 habiturum,
940 2023 974 2077 tu
1007 2014 1072 2097 ipse
1104 2017 1269 2098 pericnlum
1302 2017 1411 2080 iacias.
1456 2015 1506 2083 sia

147 2114 248 2169 antem
274 2106 367 2168 nimia
390 2105 602 2168 eccentricitas
626 2125 684 2167 non
709 2106 769 2168 iert
792 2104 849 2167 hoo
873 2107 1095 2186 compendium,
1126 2126 1215 2169 mane
1239 2124 1311 2186 ergo
1335 2106 1366 2169 in
1389 2106 1506 2190 propria

147 2197 236 2258 modo
261 2196 355 2258 Marti
380 2195 545 2276 adscripto.

72 2357 76 2367 ,
239 2302 421 2360 Fabricius,
448 2299 932 2368 nouexspectanslieplerlrespousa,
952 2297 1185 2366 die18l28.Junii
1212 2301 1276 2353 baec
1303 2300 1372 2352 dedit
1389 2300 1510 2368 Κυρίαις

146 2372 224 2426 Juxta
243 2381 313 2423 tuam
332 2374 479 2438 hypothesin
507 2374 620 2439 exempla
647 2373 741 2438 aliquot
760 2371 785 2433 d
806 2372 944 2429 calculari,
971 2372 1017 2441 aad
1035 2373 1146 2424 veritatis
1171 2388 1273 2439 scopum
1290 2389 1341 2424 non
1361 2375 1510 2441 attigsm

145 2447 212 2512 qnod
229 2459 387 2510 speraveram
404 2447 466 2497 iore.
503 2447 584 2499 Video
607 2445 717 2495 nondum
742 2445 856 2496 sufficere
881 2450 952 2496 taam
976 2444 1124 2508 hypothesin
1149 2446 1367 2497 observationibus.
1408 2444 1464 2511 Ego
1479 2461 1509 2497 er

145 2520 220 2569 rutis
247 2518 366 2582 exemplis
392 2520 504 2584 cognovi,
532 2524 627 2568 momm
645 2516 770 2581 quendam
797 2531 908 2568 manum
936 2517 1181 2567 commensurabilem
1208 2517 1288 2568 Solari
1314 2519 1406 2569 inesse
1424 2516 1506 2569 Marti.

144 2588 302 2654 Acrouyobia
320 2588 626 2654 respoudeut'hypothesi,
646 2595 674 2639 at
687 2588 714 2638 in
733 2589 792 2638 locis
812 2593 883 2639 extra
901 2588 1053 2651 aoronychia
1069 2603 1119 2637 nou
1137 2589 1206 2639 item.
1235 2588 1292 2639 Nou
1310 2587 1416 2647 sufficit,
1434 2586 1507 2641 fiam

144 2676 236 2729 ponere
254 2663 468 2712 ecceutricltatem
486 2678 529 2727 pro
549 2660 674 2713 distantiis
692 2661 717 2710 iu
736 2659 827 2711 circulo
845 2658 950 2717 Martis,
976 2660 1022 2710 sed
1047 2665 1144 2725 oportet
1162 2662 1238 2710 etiam
1257 2665 1352 2710 motum
1369 2668 1505 2713 emta·

143 2734 219 2785 tionis
237 2731 327 2783 Martis
347 2748 457 2783 annuum
476 2733 647 2790 considerare,
666 2732 693 2781 in
711 2747 758 2798 quo
778 2732 857 2781 omnis
875 2731 1004 2783 diversitas
1022 2731 1101 2788 istst,
1121 2747 1171 2782 non
1189 2733 1215 2782 in
1233 2733 1285 2796 ipso
1303 2731 1361 2781 orbe
1381 2738 1432 2783 ant
1445 2732 1504 2785 seb

144 2806 234 2858 Martis
252 2805 415 2863 dimensione,
441 2806 487 2855 sed
512 2805 571 2855 orbe
593 2818 685 2855 annuo.
723 2802 798 2853 Miror
816 2803 906 2867 igitur,
929 2810 955 2852 te
974 2805 1000 2853 iu
1018 2802 1135 2866 exemplis
1153 2803 1201 2854 hoc
1219 2819 1268 2854 uon
1294 2803 1500 2855 animm

143 2877 210 2929 Vide
229 2877 381 2940 exemplum:
403 2890 469 2927 auno
483 2872 560 2925 1587.
581 2873 676 2926 esan.
694 2874 718 2924 h.
732 2891 765 2924 m.
785 2880 867 2924 exstat
879 2873 990 2937 Tychoni
1009 2873 1034 2936 d
1054 2875 1079 2923 in
1099 2869 1130 2923 2⁰
1142 2872 1185 2923 ⁴7⁴
1198 2876 1263 2934 Q
1285 2870 1362 2924 1602.
1385 2872 1431 2927 18.
1441 2874 1503 2927 tuti

143 2949 169 3000 h.
192 2945 233 2997 10.
252 2962 278 3011 p.
297 2963 331 2997 m.
351 2945 376 3007 ἀ
394 2951 466 3010 Juxta
491 2961 574 2997 meam
598 2952 713 2996 exactam
739 2944 935 2995 observationem
959 2946 984 2995 in
1004 2942 1052 2995 27ο
1070 2942 1113 2996 dh‘
1133 2944 1175 3023 hp
1213 2946 1269 3001 Tae
1292 2944 1441 3011 hypothesis
1464 2944 1505 3011 ht

145 3016 195 3069 28⁰
216 3015 257 3066 12'
276 3016 319 3092 llp,
339 3020 360 3067 si
378 3024 446 3068 recte
464 3020 573 3069 memini.
611 3016 653 3070 Sic
672 3017 749 3067 etiam
767 3018 793 3067 in
812 3017 867 3066 aliis
886 3030 950 3082 quae
969 3017 1069 3069 adhibui
1088 3016 1213 3083 exemplis
1496 3014 1499 3021 “

238 3088 321 3151 Quare
334 3096 363 3139 ut
376 3089 518 3155 diligentius
531 3095 601 3140 tuam
613 3086 761 3152 hypothesin
774 3088 915 3141 consideres
927 3103 1024 3153 moneo,
1037 3095 1063 3140 et
1074 3095 1168 3139 nomm
1181 3089 1383 3140 commutationis
1396 3090 1506 3142 essedum

146 3170 172 3212 et
189 3161 297 3225 penitius
317 3162 450 3210 ammineo.
489 3161 561 3212 Haec
580 3174 641 3210 saue
660 3174 717 3211 oum
735 3175 780 3226 per
804 3159 929 3211 calculum
947 3174 1006 3212 vera
1030 3161 1214 3220 adinvenerim,
1239 3161 1504 3215 thesaurariam

144 3248 195 3289 nou
214 3247 269 3281 sum
286 3233 385 3282 veritus.
477 3246 480 3250 ·
1238 3288 1247 3295 ,

234 3302 319 3364 Miror,
341 3303 510 3367 Copemicum,
529 3302 764 3369 Regiomontanum,
783 3302 954 3357 Ptolemaeum
973 3310 1000 3354 et
1012 3303 1073 3355 alios
1092 3318 1122 3355 ex
1141 3303 1310 3355 observatione
1326 3302 1417 3369 aliqua
1432 3304 1503 3357 serd-

147 3376 263 3426 diametri
282 3376 346 3424 orbis
366 3377 442 3425 annui
469 3377 649 3440 proportionem
669 3375 701 3424 ad
720 3374 804 3424 orbem
822 3374 910 3426 Martis
934 3376 1055 3440 inquirere
1080 3374 1200 3436 voluisse,
1224 3366 1281 3427 uou'
1299 3375 1373 3425 aliter
1392 3390 1425 3427 ac
1438 3378 1464 3427 xi
1478 3378 1504 3427 ld

148 3447 236 3498 ceteris
254 3447 292 3496 ita
309 3460 404 3512 quoque
424 3454 505 3505 esset,
534 3460 590 3496 oum
615 3455 700 3497 tamen
719 3460 750 3495 ex
767 3448 885 3496 universis
913 3449 1032 3512 exemplis
1055 3447 1129 3511 longe
1148 3446 1200 3496 ulia
1226 3447 1297 3499 deun
1320 3447 1504 3501 semidam

148 3520 228 3574 orbis,
246 3518 319 3582 idque
343 3522 416 3581 juxta
434 3533 509 3583 quam
527 3520 617 3569 virtute
641 3519 819 3570 distantiarum
835 3517 879 3581 (da
904 3519 1059 3582 acronychiie
1076 3534 1143 3569 nuuc
1160 3518 1260 3583 loquor,
1278 3533 1311 3568 ne
1329 3519 1504 3571 &ambiam

148 3592 254 3641 mutatio
272 3591 298 3640 in
324 3591 379 3641 aliis
405 3591 466 3640 locis
493 3591 563 3641 nobis
580 3589 622 3642 hio
645 3592 776 3656 qnisquam
803 3586 930 3654 objiciat),
957 3592 980 3640 ei
1002 3591 1148 3641 distantiam
1175 3590 1350 3654 aorunyuhiana
1376 3592 1502 3651 eumaem

148 3662 266 3728 angulum
284 3660 440 3726 parallaxeos
459 3669 485 3712 et
503 3662 622 3728 angulum
646 3662 845 3712 commutationis
869 3677 943 3714 verae
961 3662 1000 3712 rel
1025 3662 1170 3715 dbtautiam
1189 3661 1215 3724 0¹
1235 3662 1337 3712 alinea
1361 3668 1503 3729 coaequata

143 3734 219 3785 medii
238 3740 319 3783 motus
338 3731 424 3795 (biduo
444 3741 505 3785 aute
522 3734 560 3784 rel
574 3741 630 3799 post
654 3729 761 3797 0⁰det
775 3730 831 3794 Θ),
851 3740 877 3784 et
889 3735 925 3784 sic
938 3747 954 3784 a
965 3734 1094 3798 posteriori
1111 3734 1263 3803 inquisiverit
1281 3733 1502 3791 semidiamshn

144 3821 174 3855 ex
191 3806 229 3856 hie
248 3821 294 3868 per
310 3806 491 3869 proportionem
510 3807 595 3871 anguli
614 3806 647 3856 ad
666 3804 810 3855 distantiam
830 3804 855 3866 d
877 3800 935 3872 a&
961 3805 1035 3855 datur
1057 3805 1243 3856 semidiameter
1269 3804 1427 3857 mlnims·in
1439 3807 1505 3872 pui-

144 3891 209 3943 gaeo
229 3877 296 3937 det
314 3877 423 3926 maxima
440 3879 466 3926 in
479 3872 600 3942 apogaeo,
619 3883 750 3943 propterea
767 3877 832 3941 quod
843 3877 884 3927 hic
902 3878 999 3944 longior
1009 3877 1060 3929 illio
1079 3877 1173 3927 brevior
1188 3876 1313 3928 'distantia
1324 3878 1364 3929 sit
1395 3876 1504 3940 Quane,

145 3948 266 4013 quomodo
280 3947 429 4012 Copernicus
448 3949 575 3999 adhibitae
593 3949 728 3999 dammae
742 3946 767 4009 d
781 3948 931 3999 adminiculo
949 3963 1033 3999 veram
1050 3949 1231 4013 proportionem
1250 3949 1345 3999 orbium
1362 3949 1507 4003 seranna

145 4018 274 4084 potuerit?
304 4019 354 4070 Cur
371 4021 581 4071 semidiametrum
604 4021 667 4070 orbis
685 4019 762 4070 semel
785 4020 913 4072 inventam
931 4021 1021 4086 ubique
1045 4021 1188 4078 retinuerit,
1208 4035 1264 4072 cum
1281 4020 1329 4071 hoc
1348 4035 1507 4089 nequaqnam

147 4090 193 4140 fiat
211 4107 237 4141 re
256 4090 334 4141 vera?
363 4091 486 4142 Examina
504 4100 532 4141 tu
551 4094 635 4143 omnia
653 4091 804 4155 acrouychia
821 4092 890 4150 loca,
918 4093 957 4142 rel
970 4093 1062 4157 ‚potius
1086 4104 1150 4158 quae
1172 4091 1247 4142 biduo
1266 4097 1326 4143 aute
1344 4092 1384 4142 rei
1400 4080 1506 4159 poss8

144 4176 216 4212 veras
246 4164 406 4228 contingunt.
432 4179 490 4229 ergo
514 4178 572 4214 vera
599 4164 784 4214 semidiameter
801 4164 987 4214 semidiameter
1004 4179 1062 4215 vera
1079 4179 1129 4214 non
1149 4164 1208 4220 erit,
1226 4164 1273 4213 nisi
1291 4168 1356 4229 qtrae
1373 4176 1407 4216 ex
1423 4156 1508 4217 usli

145 4232 304 4294 dbtantiad
321 4232 409 4284 10000
427 4236 544 4286 daturin
557 4236 643 4286 mediis
661 4236 730 4292 locis,
751 4242 778 4285 et
795 4236 895 4286 retineri
913 4244 998 4286 tamen
1015 4238 1042 4286 in
1053 4235 1184 4300 hypothesi
1201 4249 1250 4286 neo
1261 4242 1406 4299 poserem
1417 4235 1507 4297 debut

142 4304 201 4354 hinc
219 4319 319 4369 qnoque
337 4313 397 4369 puto
424 4307 528 4358 multum
557 4306 705 4358 diversitatis
734 4307 855 4357 accidere.
893 4307 932 4356 Tu
956 4306 1056 4372 quidem
1083 4308 1294 4358 semidiametrum
1318 4308 1384 4359 orbis
1405 4310 1508 4363 ‚varim

145 4377 273 4426 constituis
296 4379 369 4440 juxta
395 4378 524 4429 dimidiam
551 4379 763 4429 eoceutricitatem
788 4377 852 4428 Solia
876 4374 962 4437 180ος
987 4379 1032 4430 sed
1056 4394 1143 4443 pamm
1161 4378 1317 4441 boc.est,ad
1335 4378 1508 4431 excusandam

146 4446 215 4497 illam
234 4447 410 4510 diversitatem,
430 4449 461 4500 de
480 4465 530 4515 qua
549 4464 595 4517 ego
614 4464 680 4499 nuuc
699 4450 787 4508 scribo,
809 4464 864 4500 cum
883 4464 916 4501 ea
932 4455 1006 4501 tauta
1024 4452 1064 4511 eit,
1087 4456 1183 4515 quauta
1201 4456 1239 4500 est
1257 4455 1313 4501 tota
1330 4452 1508 4503 eccenffinltn

147 4518 245 4569 Martis.
283 4518 384 4580 Quaeso
402 4521 461 4571 mihi
479 4522 545 4573 hunc
563 4522 655 4572 nodum
673 4522 748 4571 latius
774 4521 896 4585 explices,
920 4536 979 4572 uam
996 4538 1037 4571 me
1054 4524 1116 4573 mire
1135 4521 1296 4586 perturbavit.
1333 4522 1389 4588 Ego
1406 4522 1506 4589 inod-

148 4589 255 4641 onlaudo
273 4605 340 4641 nuuc
359 4592 430 4655 plura
442 4594 549 4651 invenio,
567 4608 641 4659 quam
658 4606 766 4658 uuquam
784 4600 919 4657 putassem.
946 4593 1046 4655 Quaeso
1063 4595 1124 4644 mihi
1136 4594 1169 4644 ad
1187 4594 1271 4643 omnis
1288 4594 1365 4644 semel
1382 4595 1508 4647 rescribas

149 4662 225 4712 etde
243 4664 292 4712 tuis
311 4662 487 4726 hypothesibus
514 4666 616 4717 ulterius
642 4664 766 4726 advehae,
794 4667 939 4728 praesertim
964 4666 1028 4731 quod
1056 4666 1089 4716 ad
1115 4665 1409 4729 semidiameh'amorbis
1427 4667 1509 4733 anani

146 4735 245 4792 ιιιίιιιει,
264 4735 338 4800 idque
356 4749 400 4798 per
418 4736 563 4799 exemplum.
1271 4790 1275 4799 ,
1497 4748 1500 4753 ·

234 4806 282 4858 His
301 4821 332 4857 ex
343 4814 416 4873 parte
434 4809 495 4857 satis
507 4809 628 4873 perplexis
646 4808 724 4859 verbis
743 4806 813 4859 addit
824 4806 951 4858 Fabricius
970 4808 996 4857 in
1008 4806 1127 4860 schedula
1143 4810 1295 4875 perexigua:
1316 4806 1360 4869 ,R
1374 4806 1402 4860 S.
1417 4808 1505 4872 Quae·

140 4875 201 4937 dtur
222 4891 255 4931 au
272 4878 400 4951 {equidm
420 4880 613 4936 scommatice·
631 4894 681 4933 uon
692 4880 772 4949 possit
788 4878 875 4946 periei
889 4892 937 4949 par
947 4879 1061 4955 dimidios
1078 4892 1152 4932 areas
1171 4886 1203 4932 st
1214 4882 1283 4937 sinus
1300 4878 1506 4943 mammenus.
