3278 5550
148 260 214 335 344
623 263 666 345 Da
681 221 791 318 Motibus
810 260 905 319 Stellae
922 264 1011 319 Marus

146 447 207 522 los,
239 452 271 507 et
298 443 464 506 sectionum
493 443 612 524 punctis
640 444 807 524 intelligere
837 444 1037 507 determinata
1066 444 1135 505 loca
1162 451 1195 506 et
1225 443 1304 507 situs
1336 444 1480 509 distantia-

146 556 220 597 rum.
255 534 478 616 Respondetur,
502 533 579 613 quod
603 553 671 596 non.
711 534 905 597 Peccabimus
929 534 1006 595 euim
1026 534 1081 595 hoc
1095 542 1185 613 pacto
1208 535 1358 607 nonnihil,
1381 535 1480 599 uim

147 625 207 686 tias
231 623 318 685 nimis
342 624 403 686 alte
433 641 549 684 sursum
574 624 802 699 transferentes,
827 632 861 685 nt
885 624 972 684 facile
1003 632 1130 702 apparet
1152 642 1191 685 ex
1213 623 1372 686 schemate
1392 634 1480 706 ports-

145 715 234 776 riore.
281 711 409 792 Semper
440 712 517 773 euim
547 710 577 774 in
600 731 636 772 eo
661 712 740 773 linea
763 713 836 786 ΑΗ,
867 732 955 773 veras
989 713 1151 774 distantias
1176 712 1233 774 AF
1256 714 1425 795 excipiens,
1444 720 1480 779 ur

145 801 267 864 inferior
290 802 369 862 linea
391 800 464 876 DII,
488 808 660 880 expuncto
683 802 858 882 aequaturio
878 802 906 862 D
929 802 1077 880 parallela
1099 802 1155 880 ipsi
1178 802 1243 864 BF.

234 888 417 970 Quocunque
447 891 593 953 dictorum
620 891 772 953 modorum
806 891 971 951 delineetur
995 890 1073 951 linea
1096 910 1203 970 corpus
1227 892 1373 970 planetae
1395 890 1480 972 possi·

144 981 228 1056 dens,
253 980 386 1060 sequitur
408 980 485 1058 jam,
509 978 589 1041 viam
603 980 689 1053 hauc,
714 980 833 1058 punctis
855 985 883 1051 d,
902 1004 932 1055 μ,
948 1002 972 1054 r,
990 1001 1018 1053 o,
1031 1001 1060 1054 rr,
1077 1003 1104 1058 ρ,
1125 979 1321 1060 lsignatarm
1345 998 1415 1042 vere
1427 997 1480 1041 esst

143 1070 259 1131 evalem
287 1088 346 1130 nou
374 1070 555 1149 eIIIpticam,
587 1069 633 1130 cui
663 1069 826 1130 mechanici
856 1088 960 1129 nomen
990 1067 1027 1129 ab
1058 1088 1114 1130 ovo
1147 1088 1185 1131 ex
1217 1069 1316 1132 abusu
1348 1069 1480 1132 collocant

143 1163 307 1238 (Dureras).
355 1156 453 1219 Ovum
477 1158 556 1219 enim
580 1159 694 1218 duobus
717 1159 901 1220 turbiuaturu
917 1157 1090 1233 verticibus
1111 1158 1207 1220 altero
1224 1168 1328 1220 tamen
1343 1156 1480 1232 obtusiorl

143 1249 240 1310 altero
273 1247 412 1321 acutiori,
445 1255 476 1308 et
503 1247 646 1309 lateribus
678 1247 830 1309 inclinatis
862 1248 1001 1308 cernitur.
1053 1247 1157 1308 Talem
1188 1248 1317 1328 figuram
1344 1248 1412 1310 dico
1443 1266 1480 1309 mr

143 1358 274 1400 creasse.
328 1338 408 1398 Nam
436 1337 504 1416 qnia
536 1337 658 1416 planeta
688 1337 717 1397 iu
746 1340 763 1396 l
792 1337 871 1397 celer
898 1345 965 1411 est,
994 1336 1024 1396 iu
1047 1336 1210 1411 otardus,
1241 1346 1272 1398 et
1296 1338 1397 1399 minus
1419 1336 1480 1399 cete

142 1427 204 1489 illic
234 1446 322 1505 quam
345 1426 394 1487 hic
423 1427 543 1500 tardus,
572 1444 607 1486 eo
641 1427 717 1504 quod
748 1427 902 1504 longarum
926 1425 1136 1487 distantiarum
1161 1426 1421 1488 semidiametrum
1441 1442 1480 1487 ex-

142 1516 313 1578 cedentium
341 1516 441 1593 plures
470 1515 532 1576 siut
555 1534 641 1594 quam
667 1515 799 1575 brevium
824 1517 907 1588 (nam
930 1533 1023 1594 usque
1047 1516 1086 1576 ad
1109 1507 1216 1595 82Ἶ,0
1239 1515 1395 1595 longiores
1414 1522 1480 1597 sulp

142 1605 211 1666 iude
234 1623 288 1682 per
311 1601 352 1666 87
361 1597 390 1685 Ἰ,
404 1601 417 1635 ⁰
435 1603 594 1676 breviores,
621 1604 699 1683 qnod
714 1605 875 1665 secuudum
891 1604 1057 1665 doctrinam
1073 1622 1140 1682 cap.
1156 1604 1278 1666 XXIX.
1295 1604 1478 1671 demonstrn'

142 1695 275 1773 potest);
304 1701 394 1772 atque
419 1693 538 1772 insuper
565 1693 635 1753 illae
660 1694 760 1771 plures
785 1694 890 1771 longae
922 1694 950 1754 iu
975 1693 1177 1772 augustiorem
1208 1695 1372 1757 eccentrici
1397 1710 1472 1755 arcu

142 1781 341 1844 translatione
371 1783 452 1843 facta
476 1801 591 1843 sursum
616 1783 761 1859 stipatae,
795 1783 852 1843 hae
875 1782 1032 1862 pauciores
1064 1783 1093 1842 iu
1118 1782 1292 1860 ampliorem
1318 1784 1480 1859 distractas

141 1872 188 1935 ita
211 1877 245 1931 ut
267 1871 436 1931 anomaliae
464 1872 581 1932 mediae
611 1865 691 1951 927,
705 1867 772 1945 ⁰⁴¹),
808 1891 866 1951 qua
889 1871 1052 1932 distantiae
1076 1864 1182 1952 92²l,⁰
1205 1872 1444 1946 conficiuntur„

142 1960 292 2039 spondeat
307 1960 457 2021 anomalia
476 1960 606 2020 ecceutri
621 1957 662 2022 87
673 1955 701 2036 Ἰ,
715 1960 727 1990 ⁰
745 1960 876 2022 circiter:
901 1960 1052 2022 residuum
1071 1960 1239 2021 anomaliae
1254 1961 1375 2022 mediae
1390 1958 1429 2024 87

143 2068 222 2111 oum.
249 2048 376 2109 totidem
413 2049 566 2110 distantiis
606 2048 792 2110 brevioribus
828 2050 912 2111 radio
950 2048 1163 2110 disseminetur
1198 2069 1252 2128 per
1285 2050 1424 2130 angulum

143 2144 277 2200 centrum
306 2138 465 2198 ecceutrici
499 2138 647 2199 residuum
679 2130 759 2219 927,
773 2136 792 2200 ⁰.
848 2139 982 2217 Longius
1015 2139 1116 2219 itaque
1147 2139 1262 2201 distant
1296 2138 1335 2200 ab
1367 2137 1424 2199 iuri

140 2227 250 2290 breves
273 2226 438 2289 distantiae
462 2226 543 2288 circa
565 2227 750 2306 perihclium,
775 2247 864 2308 quam
888 2228 996 2307 longae
1020 2227 1100 2288 circa
1123 2226 1284 2307 aphelium.
1327 2230 1436 2308 Itaque,
1468 2288 1471 2293 ,

143 2317 249 2378 eadem
272 2316 362 2377 etium
387 2323 470 2376 essct
490 2323 616 2396 proport
603 2316 645 2377 tio
670 2316 746 2377 iuter
769 2316 856 2378 binas
879 2317 994 2378 vicinas
1017 2315 1193 2417 perihelias,
1226 2325 1329 2378 tamen
1353 2324 1473 2379 attenua·

142 2414 224 2469 retur
251 2413 421 2507 resegmept
423 2425 472 2467 um
500 2405 602 2466 circuli
631 2405 757 2479 circae,
782 2430 812 2482 μ,
837 2412 978 2486 dpartes
1008 2405 1126 2484 magis,
1159 2424 1248 2485 quam
1278 2406 1362 2467 circa
1390 2410 1480 2486 puts

142 2519 169 2576 ρ,
191 2520 215 2570 κ,
236 2496 271 2570 λ;
297 2495 366 2574 quia
389 2494 418 2555 in
442 2500 459 2555 d
482 2493 611 2555 breviori
636 2495 735 2596 spatio
761 2495 899 2555 breves
893 2516 921 2555 ru
946 2494 1112 2573 longiorum
1135 2493 1233 2556 locum
1258 2498 1480 2575 transponunt}¹

141 2603 230 2666 quam
263 2583 291 2644 lu
320 2585 345 2644 λ.
396 2583 481 2644 At
468 2603 533 2662 Jam
566 2583 657 2644 etiam
692 2584 773 2685 ipsae
806 2583 968 2645 distantiae
1000 2581 1168 2685 aequalium
1201 2583 1336 2662 partium
1368 2564 1480 2663 epitpffi

141 2672 313 2774 perihelio
305 2674 540 2774 propinquamur
555 2672 586 2733 iu
600 2672 706 2751 majori
722 2680 792 2733 suut
805 2673 998 2752 proportione
1015 2672 1205 2747 adinvicem,
1225 2692 1316 2752 qnam
1330 2664 1480 2785 diam

141 2762 270 2843 partium
304 2762 422 2841 aphelio
451 2761 694 2841 propinquarum.
745 2763 992 2824 Demonstratum
1025 2761 1102 2822 enlm
1133 2769 1181 2823 est
1211 2781 1304 2841 snpra
1334 2781 1400 2843 cap.

142 2851 321 2913 conchoides
345 2851 475 2930 spatium
498 2850 632 2912 inferiori
661 2859 745 2930 parte
775 2851 866 2913 latius
891 2871 973 2926 esse,
1004 2870 1093 2931 quarn
1125 2850 1281 2929 superiori·
1327 2851 1411 2932 Majp

142 2941 197 3021 igit
200 2959 233 3001 ur
263 2940 432 3002 intervallis
465 2959 518 3019 per
550 2939 682 3018 spatium
711 2939 873 3001 brevius
865 2939 895 3001 ui
928 2959 1098 3002 mucronem
1133 2940 1284 3001 attenuari
1314 2920 1480 3002 conchdui

142 3047 266 3090 necesse
282 3037 330 3088 est
344 3029 467 3101 rutra
458 3047 544 3109 quam
560 3048 667 3107 supra:
692 3038 723 3089 ct
742 3029 796 3089 illa
815 3029 975 3091 intervalla
998 3030 1112 3108 majora
1135 3036 1351 3130 comparantur
1374 3029 1474 3107 insul!

142 3119 180 3179 ad
203 3117 356 3178 breviores
381 3117 491 3177 lineas:
516 3118 669 3196 proportio
693 3118 785 3197 igitur
808 3119 980 3198 ampliatur
992 3125 1119 3199 utroque
1141 3119 1269 3180 nomiue.
1309 3119 1372 3180 Tot
1392 3128 1480 3179 tan!

143 3206 387 3267 concurrentibus
419 3213 558 3284 apparet,
591 3216 811 3285 resegmcutum
845 3208 939 3269 nostri
970 3207 1073 3268 clrculi
1105 3226 1195 3268 ecceu
1198 3206 1266 3268 triei
1295 3206 1379 3268 infra
1399 3203 1480 3291 mnlhp

143 3314 209 3356 esse
234 3295 341 3368 latius,
373 3314 460 3374 quarn
485 3313 591 3373 supra,
624 3295 654 3355 iu
677 3296 795 3376 aequali
823 3296 861 3357 ab
885 3298 1039 3377 apsidibus
1072 3315 1201 3357 recessu.
1248 3293 1340 3365 Quod
1372 3280 1480 3365 οιιὶΙΜ

143 3385 191 3445 vel
206 3383 336 3444 numeris
351 3385 508 3462 exploratu
531 3383 619 3444 facile
639 3392 696 3459 est,
713 3385 761 3444 vel
779 3386 954 3447 mechanica
973 3385 1184 3459 delineatione,
1208 3392 1348 3447 assumta
1362 3372 1480 3489 eriddl

142 3473 245 3554 aliqua
267 3473 500 3536 eoceutricitate.
510 3470 565 3548 **)
1131 3496 1134 3501 ’

662 3882 781 3981 Caput
815 3879 967 3955 XLVII.

85 3996 88 4001 ῃ
145 4042 354 4124 Qrtudrotara
376 4044 496 4105 terrm
511 4036 608 4122 plano·
634 4042 811 4121 orriforme's,
844 4041 927 4121 quand
951 4042 1078 4124 peperit
1100 4047 1195 4124 caput
1216 4040 1333 4117 XLV,
1358 4049 1388 4107 et
1354 4030 1480 4196 pu*

178 4132 354 4195 decmbere
366 4111 585 4211 compotorum
599 4150 667 4214 cop.
683 4130 753 4193 XL
760 4129 825 4195 VI:
845 4137 875 4192 er
882 4150 944 4212 per
958 4150 1028 4193 eam
1045 4129 1208 4194 methodos
1222 4131 1449 4213 seperatim

230 4274 313 4335 Nihil
345 4270 574 4355 profecimus,
587 4271 614 4333 si
644 4291 703 4333 nou
731 4290 769 4332 ex
800 4279 943 4351 suscepta
972 4272 1129 4356 hypothesi
1163 4280 1194 4334 et
1224 4271 1325 4335 causis
1357 4264 1471 4355 playn&

144 4382 209 4443 cap.
232 4363 337 4431 XLV.
368 4380 441 4440 quas
465 4357 513 4420 hic
539 4376 593 4441 pro
615 4361 694 4422 veris
717 4360 879 4441 sequimur,
907 4362 1011 4441 justas
1034 4361 1272 4424 exstruxerimus
1294 4361 1414 4442 aequati

143 4471 202 4515 nou
226 4451 322 4513 miuus
347 4469 434 4531 quam
457 4447 628 4515 distantias.
677 4447 752 4512 Cum
777 4457 877 4512 autem
901 4450 1041 4534 aequatio
1064 4458 1262 4531 componatur
1283 4449 1422 4531 exparal

146 4589 417 4599 —u-m-
422 4589 460 4596 ..-

231 4651 259 4723 )
280 4654 366 4709 Valet
385 4654 520 4709 tautum
512 4673 541 4709 ιιι
561 4655 688 4726 opinione
707 4654 761 4708 han
780 4670 898 4710 errones
917 4656 1018 4725 capitis
1038 4657 1124 4722 XLV,
1146 4656 1190 4727 oui
1210 4655 1256 4711 hic
1276 4655 1411 4713 feriamur.

215 4730 409 4809 **)Γ1’ςιιιαιιι
439 4736 593 4827 hqjusmodi
621 4737 728 4791 habent
751 4734 841 4799 libelli
869 4735 1008 4806 sphaerici
1027 4745 1060 4795 11
1076 4737 1275 4813 qnantum
1294 4720 1467 4815 wi·

143 4812 265 4935 theo&
286 4813 444 4880 Purbaohh,
467 4814 495 4869 in
514 4815 624 4873 11111ιί1
643 4812 779 4871 Ilercnrli
1321 4866 1327 4877 ,

506 4960 509 4965 ¹
1146 4904 1167 4949 θ

490 4968 520 5009 f.
