3278 5550
387 220 402 267 ⁸
633 293 673 347 n.
692 295 773 347 aaa.
1313 280 1377 351 aar

19 468 120 535 GAD
144 470 320 534 diminutum
344 472 390 546 iri,
415 492 449 535 ao
473 471 595 552 proinde
625 473 861 535 accelerationes
885 471 916 536 in
940 476 1005 530 toto
1034 469 1086 531 illo
1114 468 1242 530 semisse
1265 465 1379 529 mensis

20 557 215 645 (inchoando
240 581 259 621 a
281 562 431 641 quadris),
454 562 482 623 in
507 582 564 642 qno
587 562 734 641 reperitur
763 578 928 641 apogaeum
952 558 1072 631 Lunae,
1098 558 1160 618 fore
1184 557 1324 629 minores,
1349 554 1379 616 id

19 651 107 731 qnod
131 669 223 729 supra
246 651 275 713 in
299 651 452 712 schemate
478 648 525 715 tt.
550 651 706 730 praestitit
729 651 814 713 uobis
838 657 978 730 punctum
1003 648 1028 712 C
1052 647 1211 727 aequantia
1234 642 1380 707 menstrui

19 737 154 821 ejusque
177 740 387 801 eccentricitas
412 739 476 802 AO.

118 827 161 889 Et
183 828 257 890 haec
281 837 367 903 sunt,
399 849 474 908 quae
499 829 616 890 adhoc
649 847 742 908 usque
766 838 885 905 tempus
910 824 938 885 in
963 825 1058 888 lucem
1083 841 1184 885 emere
1213 820 1317 900 potui:
1347 827 1382 883 at

20 915 56 979 ia
81 917 255 998 quantitate
278 916 433 997 utriusque
456 918 498 981 rei
524 916 713 978 concilianda
740 917 903 978 etiamnum
933 914 1054 976 haereo.
1100 913 1179 976 Nam
1204 910 1228 972 si
1254 918 1380 991 utraque

21 1005 171 1086 aequatio
195 1015 242 1068 est
266 1006 304 1067 ab
329 1008 433 1068 eodem
458 1008 553 1079 fonte,
586 1007 760 1084 premensis
784 1005 902 1085 quidem
925 1003 1094 1065 Ptolemaei
1125 1002 1263 1063 effectum
1287 999 1382 1061 babet
1489 1010 1496 1023 ·

22 1094 190 1159 maximnm
214 1095 348 1174 (qnando
381 1115 546 1176 apogaeum
571 1095 674 1156 itunae
698 1106 745 1156 est
773 1095 802 1155 in
827 1093 955 1172 copulis,
986 1093 1072 1154 Luna
1096 1090 1164 1171 ipsa
1187 1089 1216 1150 in
1241 1087 1379 1169 quadris)

23 1180 68 1247 2⁰
82 1180 149 1258 30‘,
173 1203 210 1245 ex
234 1185 290 1245 hac
313 1204 383 1246 uero
408 1186 577 1265 quantitate
602 1183 734 1247 nascitur
756 1184 816 1264 jam
839 1183 940 1263 aliqua
963 1182 1053 1244 etiam
1077 1177 1257 1241 variationis
1281 1195 1378 1256 quau-

24 1271 106 1334 titaa
130 1272 322 1347 necessaria,
355 1274 408 1334 sed
432 1292 509 1355 quae
542 1273 691 1335 nonnullis
722 1272 869 1354 scrupulis
900 1274 972 1344 (non
1006 1279 1105 1332 tamen
1139 1268 1227 1329 valde
1260 1265 1380 1338 multis)

23 1356 128 1425 distat
150 1369 212 1423 tarn
236 1383 255 1424 a
277 1362 408 1424 maxima
436 1363 603 1425 rariarione
626 1361 814 1443 Tychonica,
846 1381 933 1442 qnam
959 1361 996 1422 ab
1020 1379 1057 1420 ea
1080 1356 1264 1439 quantitate,
1290 1374 1380 1435 quam

24 1442 115 1513 meus
138 1449 232 1512 efficit
254 1452 388 1513 calculus
412 1460 443 1514 et
466 1451 612 1513 assumtio
637 1451 812 1533 appendicis
835 1450 916 1512 illins
947 1446 1026 1512 132⁰
1052 1444 1105 1511 ‘15‘
1130 1446 1168 1507 ad
1195 1443 1234 1508 12
1258 1444 1379 1506 revolu-
1437 1506 1442 1519 ,

25 1537 130 1603 tiones
155 1539 184 1601 in
201 1558 259 1603 uno
276 1560 365 1603 anuo.
404 1539 505 1612 Quare
525 1540 668 1601 vitandae
692 1540 902 1620 perplexitatis
922 1558 1014 1600 causa
1030 1536 1131 1600 finiam
1150 1535 1197 1596 hic
1213 1534 1379 1594 discursum

25 1646 123 1709 super
144 1647 240 1690 causa
263 1628 416 1710 utriusque
446 1630 589 1712 physica,
622 1640 653 1690 et
676 1649 722 1690 me
746 1637 917 1691 convertam
943 1628 980 1688 ad
1005 1622 1289 1689 demonstrationem
1313 1621 1380 1684 cal-

9 1717 97 1793 mli,
123 1736 200 1798 quae
224 1718 317 1779 habet
340 1719 456 1799 aliquot
474 1719 609 1799 jucunda
632 1718 821 1780 theoremata
841 1725 870 1779 et
886 1719 1024 1780 effectum
1048 1714 1242 1794 inopinatum.
1280 1710 1381 1775 Dimi-

9 1806 153 1877 5uutione
187 1805 265 1868 enim
298 1808 377 1869 tacta
410 1809 446 1869 de
477 1808 621 1888 gradibus
654 1807 781 1887 singulis
813 1808 977 1869 distantiae
1000 1806 1105 1867 Lunae
1133 1822 1152 1864 a
1176 1798 1247 1862 Sole
1279 1800 1380 1872 vel8

9 1888 122 1967 etatis,
146 1896 279 1958 vicissim
304 1897 340 1957 iis
356 1916 529 1959 accrescere
546 1897 612 1965 dico
634 1897 864 1958 accelerationis
888 1893 1097 1976 proportiones
1121 1911 1173 1953 sen
1198 1889 1384 1951 incrementa

9 1980 238 2055 :decrescentia
260 1986 290 2046 in
315 2005 352 2046 ea
379 1987 589 2066 proportione,
621 2004 709 2066 quam
738 1993 861 2048 servant
889 1985 1040 2065 quadrata
1066 1981 1184 2044 sinuum
1218 1977 1383 2040 distantiae

9 2068 133 2145 ,lanae
158 2094 177 2134 a
200 2074 342 2154 quadris:
377 2075 456 2137 sicut
487 2076 563 2137 enim
599 2075 828 2138 accelerationis
852 2074 937 2154 vigor
961 2080 1010 2134 est
1030 2070 1060 2133 in
1085 2068 1201 2149 copulis
1223 2067 1383 2140 maxiem,

10 2154 73 2235 ,ita
98 2162 192 2224 etiam
216 2163 300 2224 sinus
324 2162 488 2225 distantiae
512 2165 637 2243 copulae
653 2185 672 2224 a
686 2164 810 2244 quadra,
834 2163 928 2225 idest
951 2159 1139 2243 quadrantis,
1163 2164 1212 2219 est
1234 2156 1383 2218 maximus
1457 2172 1464 2183 '

10 2244 59 2349 ¹q'tt
80 2257 179 2313 totns.
226 2251 319 2312 Porro
344 2253 423 2332 quod
454 2253 502 2314 hic
536 2253 601 2314 dico
630 2253 708 2314 idem
733 2261 781 2314 est
809 2272 875 2315 cnm
900 2251 1037 2333 eoquod
1066 2245 1257 2329 supradixi,
1285 2246 1382 2307 sinum

14 2338 157 2419 =primum
180 2339 344 2403 distantiae
360 2342 497 2403 Lunaea
517 2342 632 2421 copulis
647 2350 679 2402 et
697 2342 880 2404 incrementa
903 2339 1090 2423 sequentium
1111 2335 1211 2399 omnia
1234 2334 1397 2416 quadrata'

10 2444 97 2491 ma
127 2428 238 2491 debere
270 2450 427 2493 mensuras
460 2431 708 2493 incrementorum
742 2431 972 2494 accelerationis
1004 2424 1252 2490 decrescentium.
1302 2422 1383 2495 Nam

19 2508 128 2580 diviso
152 2517 318 2598 quadrante
342 2521 371 2581 in
395 2529 499 2601 partes
521 2521 665 2601 aequales
688 2520 836 2597 minimas,
862 2529 895 2583 ut
918 2520 965 2583 hic
988 2519 1155 2600 quadrante
1173 2511 1241 2591 GN,
1265 2530 1383 2576 sourma

18 2604 147 2691 dmum
170 2607 209 2667 ad
233 2608 397 2670 divisiones
422 2611 563 2689 aequales
590 2608 725 2688 proxime
749 2618 798 2671 est

15 2688 54 2781 lq
63 2695 265 2793 proportione
285 2698 417 2776 sagittae
440 2699 583 2779 cujusque
603 2719 691 2760 arcus
714 2699 796 2760 sinus

10 2776 98 2849 illas
123 2784 322 2847 continentis:
347 2778 525 2849 sicut’enim
544 2807 660 2849 summa
678 2788 793 2850 sinuum

125 2916 136 2948 ,
159 2872 189 2949 1,
212 2874 242 2935 K
270 2875 309 2937 ad
339 2876 484 2955 sagittam
509 2875 582 2951 GD,
612 2877 655 2939 sic
680 2896 796 2945 summa

47 3034 53 3045 ·
173 2980 211 3024 ex
234 2963 273 3037 ll,
290 2966 312 3039 l,
328 2964 366 3039 K,
384 2967 469 3040 L,M
494 2966 531 3026 ad
556 2968 701 3046 sagittam
726 2965 793 3031 (ΞΒ.

13 3044 130 3132 Hujus
151 3054 328 3130 properari
351 3055 549 3116 theorematis
574 3055 797 3117 fundamentum

13 3148 76 3204 est
99 3139 173 3202 iliud
192 3141 288 3221 Pappi
313 3143 467 3204 theorema
491 3143 667 3224 simpliciter
685 3163 797 3219 vemm,

15 3229 111 3311 quod
140 3240 298 3309 segmenta
330 3233 495 3313 superficiei
529 3234 704 3314 sphaericae
736 3235 798 3296 sint

13 3316 276 3398 improportione
302 3340 421 3382 suarum
451 3323 517 3383 axis
547 3322 717 3403 portionum
745 3344 798 3386 seu

13 3407 213 3488 sagittarum
239 3405 307 3483 GD,
334 3409 389 3472 GB
414 3411 466 3472 oc.
510 3412 616 3473 Posito
648 3412 740 3490 igitur
768 3414 798 3475 N

15 3495 99 3561 loco
123 3496 228 3557 Lunae
259 3498 287 3557 in
312 3500 442 3578 copulis,
468 3498 497 3561 G
523 3502 587 3562 loco
612 3501 744 3581 ejusdem
768 3502 799 3563 in

16 3584 166 3669 quadris,
182 3586 358 3665 sicolligam
373 3590 525 3667 portiones
540 3591 799 3665 incrementomm,
828 3594 941 3632 ··‘-³
998 3620 1007 3625 ·
1092 3622 1096 3627 -

18 3674 268 3739 accelerationes
288 3677 535 3753 decrescentium,
555 3687 712 3740 servantes
728 3698 800 3758 pro·

19 3762 200 3845 portionem
225 3765 437 3843 quadratorum
462 3768 497 3827 de
522 3768 592 3841 NA,
615 3768 676 3828 ΜΒ
701 3768 764 3844 duc,
788 3787 904 3831 summa
927 3774 1057 3838 omnium
1081 3777 1174 3840 totins
1204 3779 1381 3857 quadrantis

22 3852 139 3927 ορᾶοω
153 3853 221 3927 erit,
246 3873 321 3933 quae
341 3855 503 3934 colligitur,
529 3856 553 3918 si
568 3856 736 3935 incipiendo
752 3859 790 3918 ab
806 3858 910 3919 eadem
933 3865 1072 3943 portione
1095 3866 1191 3946 plima
1214 3886 1382 3948 comparem

22 3940 115 4005 illam
140 3943 287 4021 quadrato
311 3942 405 4022 ipsius
429 3947 500 4019 AB,
532 3946 614 4007 sinus
638 3965 726 4007 arcus
749 3948 827 4016 NM,
842 3946 959 4029 ¹deinde
987 3954 1119 4035 reliquas
1146 3956 1302 4036 portione,
1324 3959 1381 4021 ad.

25 4029 142 4095 metiar
164 4031 193 4091 in
217 4032 410 4112 proportione
433 4033 498 4109 BC,
523 4032 577 4097 CD
602 4035 655 4097 duc.
687 4037 910 4116 quadratomm.
958 4041 1033 4106 Cum
1065 4051 1166 4106 antem
1199 4045 1287 4108 datur
1308 4047 1382 4111 mihi

25 4138 150 4183 mmma
171 4120 296 4182 effectus
321 4123 415 4183 totius
438 4124 667 4187 accelerationis
690 4144 746 4205 per
768 4135 864 4188 totum
888 4117 1104 4207 quadrantem,
1127 4143 1161 4196 ut
1184 4154 1220 4195 ea
1244 4134 1381 4200 distribui

26 4209 92 4273 rire
114 4209 226 4288 possit,
259 4228 335 4289 opos
364 4212 437 4274 mihi
461 4224 510 4275 est
531 4234 647 4276 summa
679 4214 892 4294 quadratorum
915 4220 963 4280 rel
986 4221 1056 4296 NA,
1080 4223 1140 4285 ΜΒ
1164 4224 1217 4286 διο.
1242 4225 1291 4286 vel
1313 4225 1381 4302 AB,

24 4295 85 4363 Bc
109 4297 164 4359 iso.
189 4306 221 4359 et
244 4297 273 4359 in
296 4300 387 4380 priori
421 4303 539 4380 quidem
563 4323 630 4365 mea
662 4304 772 4366 uitiosa
802 4305 898 4367 forma
929 4309 1054 4385 calculi,
1086 4314 1203 4393 qnando
1227 4314 1299 4376 mihi
1321 4319 1381 4379 adn

26 4386 90 4450 tuit
112 4403 188 4465 opus
211 4388 367 4466 quadratis
399 4390 529 4469 ipsorum
553 4392 620 4466 AB,
635 4390 713 4464 BC,
738 4393 791 4453 sed
815 4394 890 4471 ipsis
913 4398 980 4472 AB,
1004 4398 1068 4469 BC,
1099 4421 1156 4463 non
1180 4402 1269 4464 valde
1291 4404 1379 4466 labo-

25 4474 160 4539 randum
184 4475 241 4537 fuit
264 4477 301 4539 de
325 4497 441 4540 samma
464 4479 593 4542 omnium
617 4481 684 4554 AB,
708 4479 773 4544 BC.
819 4483 897 4546 Nam
923 4487 1005 4549 sinus
1028 4489 1092 4568 ipse
1116 4498 1198 4553 totus
1220 4490 1282 4555 AG
1306 4513 1380 4557 eon·
1461 4486 1464 4493 ’

26 4564 151 4627 tinebat
182 4573 285 4643 partes
315 4587 386 4628 suas
419 4587 531 4630 omnes.
579 4572 683 4650 ltaque
715 4590 860 4633 summam
891 4576 1138 4653 accelerationis,
1172 4580 1304 4642 debitam
1331 4583 1382 4645 uni
1423 4588 1426 4594 '

24 4650 93 4719 NG
118 4654 286 4732 quadranti,
310 4659 517 4720 tantummodo
533 4659 704 4740 comparavi
726 4659 805 4722 sinui
825 4663 881 4723 toti
895 4662 965 4738 AG,
991 4685 1135 4729 summam
1155 4686 1225 4730 vero
1249 4671 1381 4733 debitam

26 4740 116 4806 arcui
131 4741 175 4804 Nl
199 4745 392 4826 aequiparavi
415 4746 482 4825 ejus
506 4747 584 4810 sinui
598 4746 665 4810 ΑΕ.
703 4750 748 4811 At
771 4749 840 4829 quia
859 4752 924 4831 jam
946 4754 1032 4817 nobis
1055 4774 1130 4835 opus
1153 4765 1202 4819 eet
1224 4759 1380 4840 quadratis

27 4832 166 4921 ipsorum
187 4832 255 4909 AB,
280 4832 333 4940 Bi)
357 4837 423 4913 duc..
447 4834 521 4905 nihil
544 4836 631 4921 gobis
654 4838 779 4920 prodest
801 4838 896 4906 totius
918 4841 980 4909 AG
998 4845 1286 4930 quadratum-quia
1305 4847 1381 4911 illud
