3278 5550
146 292 210 364 212
628 295 669 350 De
686 294 795 352 noma
815 297 909 354 Mae
925 296 1014 352 ldartls

144 479 213 543 diue
235 477 335 540 media
356 477 436 540 illins
458 476 518 539 loci
541 475 610 551 (11¹
638 474 676 542 9⁰
698 477 766 555 55‘)
795 480 832 543 ab
854 479 944 560 hujus
972 479 1157 559 longitudine
1181 474 1231 554 (5Ι
1260 475 1323 545 w
1340 476 1417 554 59¹).
1434 480 1461 543 de

143 568 337 651 prehenditur
364 568 511 629 interesse
541 563 573 630 6·
599 565 638 631 5⁰
660 565 705 644 δ’,
738 572 812 652 plus'
836 589 940 649 nempe
970 569 1109 646 dimidio;
1149 588 1203 651 per
1236 567 1275 634 5ο
1308 566 1341 633 5‘
1371 571 1461 652 plano

144 660 236 740 igitur
263 679 282 718 a
307 667 341 743 tp
363 676 416 737 per
441 673 489 716 *aa
516 656 546 718 iu
575 663 711 730 >ftauto
734 660 854 722 brevius
887 665 1096 721 commoratur.
1125 659 1268 741 ⁴Quodsi
1298 660 1369 723 loca
1397 660 1461 722 vitiu

145 745 318 828 siugulatim
350 747 501 827 expendas
529 755 561 808 et
587 766 675 809 arans
706 747 881 829 interjectos
905 768 971 810 cum
993 748 1177 829 temporibus
1201 768 1254 810 seu
1279 750 1408 812 arcubus
1428 767 1461 811 ιιι

146 837 213 899 diae
236 835 431 915 longitudinis
453 855 624 917 compares,
648 837 852 918 deprehendes
875 839 1029 919 planetam
1051 837 1082 898 iu
1105 845 1187 900 certo
1212 845 1244 900 et
1265 858 1327 901 uuo
1349 839 1417 900 loco
1437 858 1461 900 ιι

144 926 268 990 zodiaco
309 924 531 999 tardissimum,
581 925 612 986 iu
658 928 796 1007 opposito
833 927 1072 1001 velocissimum,
1126 927 1157 989 iu
1208 927 1378 1008 interjectis
1424 928 1461 1007 (pr

144 1014 261 1079 ratione
288 1013 521 1096 propinquitatis
553 1013 591 1075 ad
621 1015 812 1090 alterutrum)
849 1017 995 1097 paulatim
1026 1036 1144 1079 cursum
1176 1017 1333 1080 intendere
1364 1016 1412 1078 vel
1438 1035 1461 1078 re

142 1105 272 1169 mittere.

231 1192 316 1255 Haec
349 1200 478 1272 arguunt
508 1192 604 1275 primo
638 1202 750 1257 motum
776 1194 919 1275 planetae
957 1194 1108 1275 (quamvis
1135 1192 1306 1274 inaequalis
1334 1202 1461 1275 appareat

143 1281 387 1346 circulationibus
415 1289 515 1345 tamen
545 1283 761 1359 administrari,
795 1302 918 1365 quarum
948 1284 1024 1344 haec
1047 1290 1095 1345 est
1117 1284 1307 1345 successoria
1328 1283 1461 1347 moderati

142 1381 233 1454 atque
256 1372 287 1433 iu
309 1370 388 1432 idem
410 1371 528 1434 reditio.
573 1374 653 1436 Nam
677 1374 703 1435 si
725 1373 848 1454 planeta
869 1372 961 1434 rectis
984 1372 1073 1434 lineis
1092 1371 1220 1452 angulos
1239 1371 1461 1434 conformautrhu

143 1463 299 1526 incederet
330 1460 379 1532 (nt
408 1461 434 1522 si
461 1460 559 1524 latera
582 1462 796 1544 quinquanguli
818 1460 1051 1544 perambularet,
1075 1461 1105 1522 iu
1129 1461 1236 1543 quibus
1259 1460 1461 1542 cogitationis

143 1552 215 1614 olim
247 1550 314 1624 fui),
353 1568 406 1629 pro
438 1551 554 1613 ratione
586 1551 732 1614 linearum
763 1553 923 1633 aliquando
947 1550 1048 1613 subita
1070 1552 1156 1613 heret
1178 1550 1374 1613 commutatio
1396 1556 1461 1613 metu

142 1636 297 1702 celerioris
319 1638 350 1699 in
372 1639 534 1702 tardiorem
558 1642 690 1704 evidenti
714 1641 899 1716 discrimine,
929 1641 1017 1722 idque
1040 1660 1100 1702 non
1122 1659 1181 1701 uuo
1205 1639 1258 1702 sed
1281 1640 1417 1721 pluribus
1435 1658 1461 1702 ao

142 1728 222 1792 diaci
245 1728 320 1790 locis
344 1728 532 1809 contingeret
553 1750 606 1811 pro
629 1731 758 1793 latemm
780 1730 979 1793 multitudine.
1020 1729 1095 1793 Cum
1110 1736 1210 1791 autem
1224 1736 1311 1791 tauta
1327 1728 1461 1810 inaequali

141 1825 202 1894 tas,
226 1824 297 1898 post
317 1827 462 1881 remotam
486 1818 731 1900 inaequalitatem
755 1839 830 1901 quae
861 1840 898 1881 ex
921 1819 993 1882 Sole
1015 1819 1136 1899 pendet,
1160 1818 1323 1880 etiamnum
1347 1816 1461 1881 resteti

141 1915 225 1970 motu
247 1907 402 1988 planetae:
433 1926 504 1988 ergo
530 1908 679 1990 simplicis
710 1909 813 1971 circuli
836 1910 984 1990 positione
1009 1908 1108 1987 (cujus
1132 1908 1163 1969 in
1186 1915 1289 1970 centro
1313 1908 1400 1971 visus
1419 1926 1461 1971 cot

143 1997 301 2070 stitnatur)
330 1996 380 2057 vel
409 1997 614 2060 administrari
644 2000 692 2061 vel
715 1996 995 2061 demonstrari'non
1019 1997 1140 2078 poterit.
1186 1998 1295 2059 Potest
1319 2005 1461 2081 autempt

144 2084 391 2166 compositionem
414 2086 542 2166 plurium
561 2089 739 2151 circulomm
762 2087 810 2149 vel
834 2089 919 2168 quasi
943 2089 991 2159 (ut
1009 2087 1200 2148 Ptolemaeus
1224 2084 1300 2148 libro
1323 2087 1382 2149 Ill.
1406 2102 1461 2168 pru

148 2175 255 2249 misit),
289 2174 376 2255 idque
409 2174 526 2238 duobus
557 2178 654 2240 modis
677 2197 765 2259 quam
798 2175 1034 2258 simplicissime:
1065 2176 1114 2238 vel
1138 2175 1296 2237 eccentrici
1321 2175 1461 2257 circulis

142 2263 408 2346 concentrepicycli
431 2267 634 2347 usurpatione.

229 2362 334 2441 Elegit
355 2362 455 2444 itaque
471 2365 663 2427 Ptolemaeus
679 2363 877 2425 eccentricum
892 2381 945 2443 pro
958 2361 1056 2442 prima
1069 2361 1295 2443 inaequalitate,
1320 2356 1461 2425 distincffl¹

142 2452 190 2516 nis
213 2460 245 2512 et
267 2459 374 2532 captus
393 2452 520 2531 juvandi
543 2473 644 2529 cansa,
669 2473 704 2516 eo
729 2454 808 2535 quod
831 2451 983 2534 epicyclus
1006 2451 1154 2513 secundae
1178 2451 1393 2533 inaequalitati
1416 2470 1461 2535 aeq

141 2541 341 2604 necessarius.
386 2541 503 2604 Deinde
527 2543 584 2604 hoc
606 2544 747 2623 generale
772 2542 883 2603 dictum
906 2541 1059 2603 mminaus
1086 2548 1180 2620 negat
1208 2542 1320 2603 nudum
1349 2538 1461 2605 ecceulr¹

142 2651 209 2694 cum
235 2630 367 2711 planetis
392 2630 538 2693 sufficere.
592 2633 672 2694 Nam
701 2639 860 2714 postquam
888 2630 992 2693 crebro
1016 2630 1206 2712 expenderit,
1238 2629 1311 2711 qnid
1334 2631 1401 2693 fieri
1422 2642 1461 2695 ott

142 2727 318 2784 sentaueum
348 2720 403 2796 sit,
441 2721 690 2784 circumeuntibus
721 2720 782 2783 unia
809 2720 942 2801 epicyclo
964 2740 1018 2801 pro
1043 2720 1174 2782 secunda
1196 2726 1228 2781 et
1250 2718 1461 2803 eccentricop

141 2810 238 2892 prima
260 2809 474 2889 inaequalitate
498 2810 658 2885 salvanda,
685 2809 805 2871 collatis
829 2807 1090 2871 observationibus
1111 2807 1300 2889 apparuisse,
1327 2809 1461 2891 quodq

143 2899 219 2981 cycli
248 2905 381 2959 centrum
404 2899 496 2962 multo
518 2901 642 2981 propius
666 2901 792 2961 accedat
815 2900 854 2960 ad
876 2901 1001 2961 Terram
1024 2899 1055 2960 in
1079 2916 1240 2978 apogaeo,
1254 2897 1378 2978 longius
1399 2896 1461 2981 ing}

142 2989 175 3050 in
196 2986 349 3067 perigaeo,
372 3006 461 3067 quam
485 2988 612 3067 simplex
635 2987 820 3050 eccentricus
842 2988 905 3062 ille,
929 2988 978 3069 qui
1001 2987 1127 3068 primam
1142 2986 1390 3068 inaequalitatem
1404 2990 1461 3070 psal

144 3083 217 3150 stat,
240 3075 388 3155 patiatur:
420 3076 489 3137 hinc
519 3076 659 3139 continuo
684 3096 819 3139 sermone
844 3075 992 3138 delabitur
1015 3077 1053 3138 ad
1076 3094 1245 3138 mensuram
1267 3076 1360 3156 hujus
1381 3090 1461 3158 appr<

143 3163 347 3247 pinquationis
369 3164 533 3247 refertque,
559 3186 591 3227 se
616 3165 869 3247 depthendisse,
901 3167 979 3247 quod
1003 3173 1136 3227 centrum
1160 3166 1225 3244 ejus
1248 3166 1461 3249 eccentriciq

144 3252 270 3335 epicycli
306 3260 440 3316 centrum
470 3256 547 3329 fert,
581 3255 622 3317 sit
649 3255 785 3336 praecise
815 3256 914 3318 medio
947 3256 1013 3316 loco
1045 3255 1125 3318 inter
1156 3261 1290 3317 ceutmm
1323 3254 1410 3317 visus
1438 3272 1461 3318 st

145 3346 257 3406 Terrae
288 3349 320 3402 et
349 3353 481 3405 centrum
512 3344 705 3425 aequalitatis
732 3364 784 3407 seu
812 3344 972 3406 eccentrici
1002 3344 1247 3425 inaequalitatem
1273 3344 1404 3424 primam
1428 3341 1461 3407 sd

144 3431 254 3494 vantis.
301 3431 365 3493 Nec
388 3433 451 3494 ulla
473 3433 727 3497 demonstratione
751 3435 846 3496 allata
867 3436 925 3496 hoc
948 3441 1049 3496 tamen
1071 3433 1217 3514 principio
1231 3434 1338 3496 nititur
1354 3434 1385 3495 in
1398 3432 1461 3497 utu

145 3519 356 3602 superioribus.

235 3609 460 3690 Copernicns
485 3611 533 3683 (ut
556 3631 645 3692 saepe
669 3612 762 3686 alias)
784 3612 833 3673 hic
856 3630 972 3691 quoque
996 3611 1172 3691 magistmm
1194 3609 1338 3690 religiose
1363 3610 1461 3724 sequit

146 3699 385 3845 ιοιοιιιιιιοάΧἚ
388 3720 449 3861 >sua
472 3701 568 3762 forma
590 3702 630 3762 ad
652 3703 729 3764 hauc
753 3720 869 3782 quoquc
892 3720 1070 3763 mensuram.
1118 3706 1201 3781 (Vide
1222 3712 1256 3764 de
1272 3711 1326 3765 hoc
1343 3710 1461 3787 margin

147 3795 183 3846 ad
204 3797 289 3862 caput

234 3870 270 3932 Id
297 3889 368 3931 vero
400 3890 458 3932 nou
487 3869 633 3932 immerito
661 3871 760 3933 mirati
789 3877 860 3933 sunt
883 3870 1046 3932 astronomi
1070 3876 1101 3931 et
1123 3870 1176 3942 (ex
1199 3888 1250 3932 ore
1273 3869 1461 3933 Maestlin

145 3980 211 4041 ego
230 3978 355 4040 quoque,
372 3967 406 4021 ut
421 3959 529 4020 vides
521 3979 551 4020 m
566 3960 713 4042 Mysterio
730 3959 984 4039 cosmographico
1000 3979 1064 4040 cap.
1076 3959 1171 4022 XXII
1185 3959 1236 4021 fol.
1253 3954 1294 4022 79
1310 3964 1411 4028 (Votl.
1422 3962 1461 4019 rol

82 4090 85 4094 ·
147 4050 286 4114 Cetcmm
317 4049 396 4130 qnod
427 4048 481 4110 illo
508 4049 574 4111 loco
607 4049 693 4111 citati
716 4048 812 4111 libelli
833 4048 952 4129 putavi,
979 4049 1185 4111 Ptolemaeum
1208 4066 1299 4110 caeca
1324 4036 1461 4132 conjecti

146 4158 232 4201 nsum
263 4139 301 4199 ad
330 4139 388 4199 hoc
416 4139 620 4211 statuendum,
657 4138 689 4199 id
721 4158 807 4200 secus
836 4138 936 4200 habet
994 4136 1099 4200 Potuit
1133 4137 1212 4200 euim
1238 4139 1461 4211 demonstran

148 4227 261 4330 optima
290 4247 328 4289 ex
358 4228 567 4289 observatione
597 4227 706 4290 idonea
732 4228 763 4289 id
791 4227 944 4303 evincere,
967 4234 1002 4289 ut
1023 4227 1102 4289 iufra
1125 4226 1356 4304 demonstrabo;
1380 4235 1461 4293 tanta

146 4315 239 4378 hoc
230 4337 261 4378 m
289 4316 402 4379 artifice
430 4316 598 4391 desideres,
638 4318 717 4398 quod
744 4317 970 4380 observationes
992 4317 1064 4379 illas
1087 4335 1154 4379 cum
1175 4317 1461 4385 demonstrationes

147 4414 286 4486 posteros
309 4426 368 4468 uon
390 4405 566 4469 transmisit.

237 4492 313 4557 Cum
335 4495 435 4576 itaque
458 4502 529 4557 tunc
552 4494 669 4578 quidem
692 4494 905 4569 existimarem,
928 4495 985 4557 hoc
1007 4518 1079 4575 μιγα
1093 4496 1157 4556 teor
1174 4492 1284 4572 αἰτημα
1307 4514 1388 4571 esse,
1411 4460 1461 4560 rid

148 4602 213 4648 rem
244 4584 337 4646 etiam
367 4583 575 4666 aGopemico
607 4606 665 4648 uon
698 4583 823 4651 obscure
856 4583 1046 4659 addubitari,
1080 4585 1148 4647 dnm
1179 4584 1215 4647 de
1245 4592 1368 4648 mutam
1389 4586 1461 4649 hlarl

150 4673 373 4736 eccentricitate
405 4674 554 4755 disputat,
586 4674 718 4738 numeris
746 4673 809 4753 ejus
839 4674 876 4737 ab
908 4673 964 4735 hac
996 4632 1201 4736 dimidiatione
1232 4674 1461 4756 discrepantibu

151 4762 282 4845 cogitari
312 4763 349 4826 de
378 4764 537 4841 methodo,
570 4784 646 4846 quae
678 4783 726 4826 me
756 4762 794 4825 ad
824 4764 1047 4846 proportionem
1077 4761 1231 4847 utriusque
1261 4763 1461 4830 eccentricitd
