3278 5550
230 113 273 184 30
646 115 747 168 Literse
764 115 868 182 Keplerl
885 115 1035 184 summu·
1046 125 1155 172 meones

227 294 290 346 heht
308 294 410 361 gehabt.
447 293 504 343 Will
524 294 647 347 demnecb
665 295 712 345 den
732 296 812 347 Herm
830 297 900 346 lhme
925 297 1033 346 selbsten
1052 313 1083 346 zu
1101 297 1245 349 verhodlem
1263 299 1357 350 Besten
1376 299 1455 352 dehic
1472 301 1588 355 multet

228 367 359 418 rermshut
376 365 467 421 beben.
485 366 542 416 dass
561 367 595 416 Er
612 367 678 417 diess
695 366 787 417 Werkh
806 370 985 433 unausgeietzt
1003 383 1037 418 an
1054 367 1122 434 Tage
1141 368 1231 419 Liecbt
1248 370 1351 437 bringeri
1369 372 1449 423 velie.

317 448 475 511 Keplerus
495 445 592 508 (meuse
604 447 666 512 Mal.
689 445 769 508 1603)
789 450 819 498 de
838 448 925 498 studiis
943 449 993 497 suis
1011 448 1075 498 haec
1094 451 1169 499 reiert
1181 450 1327 501 Herwaito:
1349 442 1452 506 Causa
1468 444 1585 506 silentii

229 533 290 593 mei
321 533 440 592 fuerunt
469 530 635 591 Tabulae
665 532 840 591 Lunares.
858 527 880 603 ¹)
936 530 1018 592 Ante
1051 526 1070 591 6
1102 531 1286 611 septimanas
1317 533 1357 593 ad
1387 533 1589 613 colophonem

229 621 306 687 illac
331 621 513 681 deduxeram
543 628 574 679 et
603 639 686 699 spem
724 638 935 703 conceperam,
974 618 1138 680 transmitti
1169 640 1260 700 posse
1293 623 1405 683 statim.
1460 623 1507 686 At
1540 642 1589 684 me

230 706 361 791 suspicio
394 708 504 770 erroris
529 709 565 769 de
589 728 667 770 novo
690 709 720 769 in
744 709 877 768 laborem
907 707 1037 786 conjecit
1065 715 1096 768 et
1127 710 1296 791 descriptor
1326 700 1453 787 deerat,¹
1483 711 1589 792 itaque

229 800 412 861 differendae
436 799 557 859 fuemut
571 807 603 858 et
620 798 847 878 postponendae
867 797 1041 858 domesticis
1057 798 1197 877 negotiis.
1235 798 1385 862 Suaseras
1402 810 1434 861 tu
1454 801 1588 882 quidem,

229 896 263 949 nt
285 889 360 949 totis
384 887 497 948 viribus
522 887 551 947 in
576 887 724 949 theoriam
747 887 857 947 Martis
881 886 1091 960 incumberem,
1116 895 1148 947 at
1166 888 1232 968 jam
1255 897 1361 963 autea,
1384 889 1445 950 tuis
1471 891 1587 952 exhor-

229 977 396 1038 tationibus
420 983 561 1056 suscepto
586 965 726 1050 stimulo',
751 996 870 1036 manum
895 976 923 1037 in
948 974 1060 1036 tabulis
1084 975 1292 1052 admoveram,
1316 978 1495 1057 praesertim
1521 999 1589 1040 curn

230 1067 269 1126 ad
284 1066 452 1127 doctrinam
476 1064 633 1143 eclipsium
648 1066 747 1126 lacere
767 1064 929 1139 videretur,
954 1065 1058 1145 inqua
1080 1085 1194 1126 versor.
1234 1070 1339 1148 ltaque
1360 1068 1458 1128 satius
1482 1068 1587 1148 putari

228 1164 262 1217 ut
284 1174 450 1235 pergerem,
477 1153 613 1233 quamuis
636 1162 757 1235 praeter
781 1153 951 1234 opinionem
974 1153 1031 1214 hoc
1047 1161 1164 1216 tantum
1180 1156 1252 1217 fecit
1275 1176 1442 1233 morarum;
1468 1177 1587 1237 semper

231 1243 310 1305 enim
333 1247 375 1318 fit,
400 1251 433 1305 ut
455 1242 575 1304 labores
599 1243 748 1324 inprime
772 1244 856 1304 aditu
879 1250 1113 1306 contemnamus.

316 1331 372 1382 lem
390 1347 434 1397 per
452 1331 544 1396 aliquot
564 1344 641 1381 annos
659 1334 684 1381 in
710 1333 786 1381 literis
811 1330 844 1383 ed
861 1330 1017 1382 umanum
1041 1333 1106 1381 datis
1132 1332 1254 1396 Keplems
1279 1332 1386 1383 Martem
1411 1334 1586 1397 praetermittit

227 1405 267 1455 vel
284 1405 357 1453 verbo
375 1409 472 1453 tentum
491 1403 560 1453 illum
577 1406 667 1469 tangit.
705 1406 778 1453 Auno
798 1400 865 1452 1605
883 1416 940 1454 vero
959 1417 1019 1465 opus
1037 1418 1108 1452 suum
1126 1405 1196 1468 quasi
1214 1405 1323 1453 maxima
1341 1420 1371 1455 ex
1389 1412 1460 1468 parte
1484 1402 1583 1453 absolu·

230 1485 282 1526 tum
302 1476 405 1525 nunciat
422 1475 565 1534 Hernarto,
584 1489 696 1540 quaeque
714 1483 767 1524 tum
785 1474 883 1530 retulit,
903 1488 935 1524 ee
953 1474 1068 1538 leguntur
1087 1491 1141 1525 oum
1160 1476 1282 1525 Herwarti
1300 1478 1457 1540 responsione
1476 1476 1534 1525 Vol.
1554 1476 1584 1531 11.

230 1563 253 1612 p.
273 1542 307 1594 83
327 1561 347 1594 s.
385 1544 483 1596 Deinde
502 1548 525 1596 d.
548 1544 587 1594 te.
607 1547 664 1596 Jen.
688 1543 768 1602 1606,
788 1547 928 1610 praemissis
951 1547 1146 1609 inquisitionibus
1164 1547 1349 1611 chronologicis.
1368 1549 1406 1599 his
1425 1547 1456 1596 sd
1476 1545 1584 1596 Martem

229 1627 306 1678 redit:
337 1618 469 1680 Theoria
482 1618 593 1680 Martis
610 1627 769 1698 exspectat
783 1617 922 1697 aliquem,
940 1617 989 1697 qui
1006 1628 1122 1680 sumtus
1143 1618 1170 1679 iu
1192 1639 1266 1698 opus
1283 1620 1428 1682 conferat.
1458 1619 1497 1681 D.
1515 1618 1586 1681 Pis-

230 1704 326 1770 tor'ius
350 1707 379 1767 in
404 1725 487 1787 spem
511 1727 558 1769 me
582 1708 689 1782 erexit,
713 1716 884 1786 nuncupata
901 1706 1026 1768 Caesari
1044 1728 1159 1769 summa
1174 1705 1250 1783 800,
1274 1728 1332 1789 qua
1356 1728 1430 1788 opus
1448 1707 1586 1775 habeam,

233 1796 320 1868 Quae
341 1815 411 1876 spes
435 1796 547 1857 utinam
571 1796 644 1858 mihi
667 1816 725 1857 non
740 1796 885 1856 damnosa
909 1804 940 1855 et
958 1796 1104 1877 temporis
1116 1797 1237 1876 jactura
1255 1799 1316 1859 tint.
1358 1796 1475 1869 Quodsi
1496 1795 1587 1858 etiam

230 1886 357 1968 pecunia
380 1886 409 1947 in
432 1893 551 1966 promtu
576 1885 626 1960 sit,
649 1886 732 1965 prius
755 1884 828 1945 mihi
848 1885 1025 1964 Tengnaglii
1043 1905 1207 1949 consensus
1224 1886 1282 1948 erit
1302 1886 1517 1966 impetrandus,
1544 1885 1589 1946 cui

233 1974 396 2037 obstrictus
413 1993 488 2035 sum.
527 1974 577 2037 Ad
592 1974 852 2054 Hipparchum
875 1973 967 2052 igitur
983 1976 1080 2036 meum
1098 1996 1163 2037 sum
1177 1977 1362 2055 propensior.
1401 1976 1437 2038 Iu
1455 1974 1588 2038 Saturno

231 2071 304 2147 puto
333 2063 398 2143 jam
429 2082 523 2144 prope
555 2071 709 2143 peractam
742 2082 812 2141 rerp.
859 2064 893 2123 In
926 2063 1004 2125 Jove
1035 2082 1129 2143 parva
1160 2064 1329 2126 difficultas.
1375 2062 1588 2144 EpicyclusQ

232 2152 320 2228 (mihi
344 2152 545 2225 eccentricus)
569 2152 755 2213 moderatam
777 2151 869 2212 habet
893 2153 1157 2214 eccentricitatem.
1205 2155 1239 2215 In
1271 2156 1291 2223 ti
1325 2153 1438 2234 aliquid
1471 2160 1589 2214 tentare

231 2242 347 2322 cogito:
374 2261 409 2302 eo
434 2242 612 2307 succedente
632 2241 698 2320 jam
720 2240 921 2320 Ephemerida
945 2240 972 2302 in
999 2251 1172 2322 sequentem
1197 2263 1306 2304 annum
1329 2242 1427 2303 animo
1453 2241 1589 2322 concepi,

230 2332 298 2393 Deo
321 2331 402 2392 vires
426 2339 457 2394 et
480 2331 573 2393 otium
598 2330 753 2409 largiente.
800 2328 952 2395 Laboravi
975 2331 1005 2392 in
1028 2333 1166 2412 Hespero
1191 2330 1324 2393 nonnihil
1358 2351 1396 2393 ex
1425 2351 1484 2411 quo
1512 2329 1589 2392 redii

231 2426 258 2491 (e
277 2427 377 2492 Scyrice.
389 2444 466 2494 comp.
487 2429 543 2477 vol.
557 2427 578 2489 1,
598 2444 621 2492 p.
642 2424 724 2492 tet),
758 2419 856 2481 sicet
887 2419 916 2479 in
939 2422 1043 2496 Luna,
1077 2421 1127 2483 ubi
1159 2441 1254 2482 novas
1287 2420 1355 2481 cudi
1386 2419 1526 2494 tabulas,
1556 2427 1590 2480 ut

229 2510 318 2571 Luna
342 2509 451 2571 ceteris
475 2511 528 2571 fiat
552 2508 670 2570 similis.
717 2510 765 2570 Ex
788 2509 826 2570 iis
845 2508 910 2587 jam
939 2519 987 2570 est
1014 2511 1096 2573 facta
1118 2505 1297 2591 Ephemeris
1329 2528 1420 2590 opera
1448 2507 1587 2570 studiosi.

230 2598 354 2662 Saturni
378 2608 409 2661 et
423 2599 554 2661 Veneris
578 2598 699 2659 tabulas
722 2598 1035 2677 prosthaphaereseon
1059 2600 1140 2661 orbis
1165 2598 1254 2660 annui
1274 2598 1432 2678 generales
1449 2595 1587 2658 inchoavi

231 2696 300 2749 ante
334 2688 516 2763 discessum,
549 2687 722 2767 intereaque
755 2687 824 2747 dum
856 2686 960 2748 absum
991 2708 1045 2768 per
1077 2688 1246 2751 studiosum
1278 2708 1354 2767 pene
1384 2686 1506 2766 perfeci.
1555 2687 1587 2748 Iu

231 2778 336 2839 Lunae
361 2777 491 2837 motibus
516 2777 554 2837 ad
578 2795 686 2836 causas
709 2774 852 2855 physicas
876 2776 1041 2838 referendis
1071 2779 1197 2838 multum
1228 2778 1311 2837 sudo.
1358 2775 1480 2838 Etenim
1503 2775 1590 2837 Luna

233 2865 391 2927 dissimilis
414 2865 508 2927 Marti
532 2865 560 2925 in
586 2883 637 2937 eu,
670 2863 749 2943 quod
782 2863 857 2923 diras
880 2863 972 2925 habet
995 2866 1229 2946 inaequalitates
1253 2866 1367 2940 reales,
1390 2866 1476 2925 Mars
1500 2882 1591 2924 unam

233 2954 330 3016 solum
353 2955 480 3037 realem,
514 2953 660 3033 reliquam
684 2952 814 3031 opticam
838 2971 876 3013 ex
900 2956 971 3016 orbe
995 2974 1103 3016 annuo.
1151 2954 1212 3016 Sed
1241 2962 1342 3015 tamen
1366 2962 1396 3015 et
1419 2952 1467 3014 hic
1491 2952 1590 3030 magis

233 3062 326 3122 nuper
350 3043 379 3103 in
402 3064 462 3104 una
484 3044 560 3104 hora
583 3040 705 3121 profeci,
731 3060 819 3121 quam
834 3039 853 3102 5
869 3043 1120 3121 praecedentibus
1136 3043 1231 3105 aunis.
1269 3045 1423 3122 Exspecto
1439 3050 1540 3103 tamen
1559 3048 1593 3102 ut

233 3131 453 3197 consentientia
476 3131 534 3193 sibi
558 3139 659 3192 mutuo
683 3130 914 3210 deprehendam.

321 3221 424 3284 Habes
449 3220 565 3282 abunde
590 3220 666 3280 satis
688 3220 856 3282 verborum.
904 3222 984 3283 Vale
1008 3221 1066 3282 Vir
1088 3221 1167 3283 Nob.
1192 3228 1224 3282 et
1246 3222 1349 3300 Magn.
1370 3238 1476 3299 meque
1499 3224 1589 3298 p'orro

232 3328 349 3393 quoque
373 3312 438 3373 Tua
459 3308 669 3373 benevolentia
692 3308 902 3388 complectere.

321 3402 351 3451 Iu
369 3400 527 3464 responsione
546 3398 582 3457 (d.
607 3393 647 3445 16.
667 3396 729 3461 Msj.
750 3394 830 3458 1606)
849 3398 1036 3449 Herwartus
1059 3398 1153 3463 gratias
1172 3412 1250 3462 agens
1268 3413 1310 3462 pro
1330 3395 1498 3460 disquisitione
1518 3393 1589 3442 chro-

234 3470 352 3537 nologica
370 3474 454 3522 addit:
475 3470 530 3519 Von
549 3469 630 3518 Herm
641 3467 745 3519 Pistorio
764 3469 813 3519 heb
831 3469 871 3520 ich
884 3485 945 3535 geru
963 3485 1130 3525 vemommen,
1149 3470 1207 3518 dass
1226 3469 1269 3518 der
1280 3469 1344 3518 Hert
1356 3468 1486 3516 Theoriam
1501 3465 1590 3515 Martis

235 3547 353 3613 getertigt
370 3545 421 3593 und
440 3544 465 3591 in
485 3539 570 3590 Druck
589 3539 668 3605 geben
687 3541 756 3590 vird.
792 3540 893 3591 Damni
908 3549 1002 3605 genart
1021 3540 1062 3590 ich
1080 3543 1125 3589 mit
1143 3540 1294 3605 Veriangen.

322 3624 481 3687 Keplerus
500 3622 536 3670 sio
554 3621 679 3684 respondit
697 3618 773 3681 (Non.
791 3622 848 3671 Jun.
866 3619 966 3682 tecti:
991 3611 1216 3674 Commentaria
1232 3612 1268 3672 de
1284 3607 1474 3672 restitutione
1499 3610 1590 3670 tabu-

234 3711 331 3773 larum
354 3714 385 3766 et
407 3700 692 3781 investigationibus
716 3710 848 3791 motuum
864 3704 974 3765 Martis
993 3703 1058 3781 jam
1075 3701 1255 3781 sesquiauno
1276 3699 1354 3780 apud
1369 3717 1416 3759 me
1440 3697 1589 3758 desident.

237 3796 332 3877 Coepi
356 3811 446 3874 agere
471 3810 537 3852 curn
563 3789 705 3864 Caesare,
730 3792 800 3872 quia
819 3792 882 3872 jam
907 3813 965 3853 uon
989 3800 1036 3852 est
1060 3790 1180 3852 occasio
1204 3789 1407 3850 faciendorum
1430 3794 1591 3862 sumtuum,

234 3896 269 3950 ut
290 3884 362 3946 mihi
386 3880 576 3963 permitteret
598 3879 727 3955 veniam,
752 3881 914 3961 quaerendi
938 3881 1029 3943 alium
1054 3879 1154 3960 operis
1177 3886 1350 3958 patronum;
1374 3894 1468 3956 neque
1489 3884 1591 3938 tamen

236 3975 309 4049 scio,
333 3974 372 4034 ad
396 3989 483 4053 quem
505 3967 696 4049 potissimum
720 3969 762 4031 sit
784 3970 920 4031 eundum.
969 3970 1068 4041 Quam
1091 3968 1141 4033 diu
1156 3967 1228 4029 mihi
1245 3966 1383 4028 stimulus
1398 3985 1457 4025 uon
1473 3965 1592 4026 accedit

233 4084 288 4149 per
310 4060 554 4143 publicationem,
579 4077 653 4139 opus
678 4060 774 4119 cauda
797 4059 922 4134 carebit,
946 4066 1087 4139 quaeest
1106 4052 1588 4136 inhacpecudepinguissimum.

323 4150 429 4207 Deinde,
444 4149 523 4199 eidem
536 4146 697 4197 Bernarto
716 4148 866 4211 respondens
879 4148 910 4196 de
925 4146 1157 4204 „annotationibus”
1171 4145 1291 4194 Praetorii
1303 4146 1328 4192 in
1342 4140 1464 4205 Tychonis
1477 4142 1590 4191 Lunaris

236 4233 303 4298 (eide
322 4232 395 4282 finem
414 4231 485 4294 hujus
503 4228 643 4291 voluminis)
662 4231 731 4279 addit
750 4229 885 4292 Keplerns:
905 4218 983 4299 quod
1006 4219 1116 4279 attinet
1140 4223 1228 4277 notas
1252 4216 1289 4276 ad
1312 4214 1456 4288 Lunaria,
1480 4232 1591 4293 sequar

235 4314 392 4378 consilium
416 4315 458 4374 M.
483 4314 577 4385 Tuae,
600 4312 650 4374 ubi
673 4331 751 4372 anuo
776 4308 913 4390 sequenti
937 4308 975 4368 ad
998 4306 1165 4387 Hipparchi
1189 4324 1290 4366 curam
1304 4305 1370 4366 Deo
1390 4303 1480 4364 dante
1503 4302 1588 4382 prius

235 4403 415 4477 transivere,
440 4402 466 4464 si
490 4403 578 4465 modo
601 4401 675 4463 mihi
698 4419 751 4481 per
775 4398 937 4459 editionem
953 4395 1241 4459 Commentariorum
1264 4394 1300 4453 de
1325 4391 1453 4453 motibus
1476 4392 1589 4454 Martis

234 4490 363 4556 licuerit.
409 4493 489 4553 Nam
521 4492 579 4553 etsi
608 4490 776 4570 Vogelinus
808 4496 905 4548 artem
938 4484 1097 4565 iutelligit,
1121 4482 1222 4544 nescio
1255 4489 1353 4544 tamen
1379 4501 1416 4541 an
1447 4501 1506 4542 non
1530 4479 1590 4541 iter

235 4582 308 4645 mihi
331 4580 525 4644 nihilomiuus
548 4580 780 4658 Heidelbergam
814 4576 853 4639 sit
877 4575 1059 4649 faciendum,
1092 4573 1169 4655 quod
1200 4570 1247 4631 vel
1267 4569 1472 4632 bibliothecae
1496 4588 1590 4631 causa

238 4673 316 4735 alias
339 4673 477 4735 facerem.
