3278 5550
139 277 205 349 442
614 280 655 337 Do
672 276 782 337 llootn
799 276 894 338 Stellae
910 278 1007 338 M

142 463 288 541 aint'tros
307 465 415 526 atellae
436 462 466 524 iu
486 464 582 526 lorma
595 462 747 543 trianguli,
768 464 855 527 Mars
869 470 1025 544 spectatus
1044 463 1086 526 ait
1102 464 1134 526 iu
1149 463 1251 527 modin
1263 482 1372 540 earnm,
1392 473 1422 527 ot
1434 466 1464 529 rie

14 588 19 595 ι
141 554 306 636 oppositae
316 556 423 636 faerit
443 552 566 616 boreali
579 554 687 637 fronti
709 551 845 632 Scorpii;
869 554 968 615 fantus
987 552 1124 615 nimirum
1138 554 1234 615 fuerit
1247 572 1308 615 una
1321 571 1358 614 ex
1370 574 1463 618 numen

141 661 252 716 aarum,
276 661 352 723 qnae
375 651 445 705 aunt
467 641 496 704 in
520 642 634 704 boreali
656 651 743 721 parto
768 641 876 705 frontis
899 641 1025 723 Scorpii.
1065 642 1116 704 Ad
1138 642 1220 706 hano
1244 643 1324 704 enim
1342 641 1463 725 interpro-

140 731 285 793 tationam
308 732 381 794 facit
404 730 523 806 ethna,
548 732 627 812 qnod
650 750 708 792 non
732 731 809 793 dixit
827 731 1003 794 observator
1020 726 1143 796 boreali
1157 733 1287 816 frunda
1303 732 1358 794 sod
1371 730 1465 797 bacol

134 822 251 904 fronti,
276 821 354 901 quod
377 840 435 883 non
458 828 549 883 nouat
573 814 619 882 do'
633 839 693 882 nna
715 821 860 901 singulari
883 821 982 897 stella,
1007 820 1062 884 aad
1084 820 1123 883 do
1144 830 1235 903 parte
1249 821 1462 885 constellationi·

140 909 283 991 integrae.
404 982 408 987 ¹
1002 962 1006 967 .

227 998 312 1061 Nihil
339 998 431 1079 igitur
451 999 562 1079 juvant
584 1016 639 1059 noo
662 997 720 1059 hae
743 998 820 1059 duae
844 994 983 1079 antiquae
1007 998 1238 1061 observationes
1262 999 1301 1061 ad
1326 999 1461 1062 aestimau-

141 1088 210 1150 dam
243 1087 292 1151 vel
320 1088 508 1150 latitudinem
532 1087 581 1148 vol
605 1084 718 1148 orbium
742 1086 964 1171 proportionem
987 1086 1068 1150 illius
1091 1089 1249 1169 temporis.
1295 1089 1399 1170 ltaque
1417 1107 1463 1152 ouu

142 1176 217 1240 nihil
240 1196 297 1239 nos
320 1177 484 1258 impediant
508 1176 735 1238 observationes
758 1175 936 1252 contrariae,
960 1176 1115 1239 coufirmat
1131 1194 1204 1240 vero
1229 1197 1285 1240 noa
1309 1176 1462 1240 summani

79 1264 85 1275 ‘
142 1264 389 1340 verisimilitudo,
421 1266 649 1337 concludamus,
681 1265 807 1328 eandem
840 1285 907 1328 esne
940 1273 972 1327 at
990 1264 1090 1327 ·hodio
1118 1268 1345 1346 proportionem
1366 1267 1462 1335 orbim

143 1374 219 1438 quae
244 1357 303 1418 fuit
326 1356 407 1431 olim,
431 1354 607 1417 latitudines
630 1372 701 1417 vero
724 1356 870 1418 maximas
900 1353 1033 1419 nonnihil
1055 1353 1144 1417 hodia
1165 1374 1238 1418 asse
1261 1357 1433 1419 immutatas.
