3278 5550
666 292 825 349 ιιιωιιιοιο.
956 314 959 319 -
1048 232 1052 243 ⁸
1358 299 1421 367 15⁷

148 475 276 547 Denique
295 477 384 551 igitur
403 476 525 534 aedificio
547 475 688 548 {bafigium
709 478 761 531 hoe
782 475 835 530 fuit
855 474 1011 547 impositum
1030 482 1061 534 et
1079 479 1293 535 demonstratum
1308 497 1420 552 geome-

87 555 155 621 n‘ee,
177 556 353 614 librationem
373 558 528 629 hujusmodi
556 557 626 611 efflei
652 558 742 612 solere
763 573 781 611 a
801 557 960 629 magnetica
985 575 1119 628 corporea
1139 560 1282 616 fmultote.
1322 562 1420 633 ltaque

87 644 190 691 sutores
211 637 240 692 hi
261 636 437 709 planetarum
457 638 560 710 proprii
581 637 802 708 probabilissime
823 637 925 692 ostensi
946 638 1099 693 suntnihil
1127 640 1201 694 aliud
1232 658 1308 704 esse,
1339 658 1420 712 quam

87 717 230 773 stationes
260 718 381 790 ipsorum
409 718 627 790 planetariorum
657 735 800 788 corporum
830 718 915 781 tales,
951 719 1040 789 qualis
1071 726 1116 773 est
1145 720 1172 773 in
1202 729 1332 792 magnete
1362 723 1419 792 poli

87 804 207 867 uppetona
227 798 383 872 ferrumque
403 800 532 869 rapiens:
553 807 586 852 ut
605 799 647 854 ita
667 806 729 853 tota
742 799 814 852 ratio
829 806 949 852 motuum
963 798 1122 853 coelestium
1143 799 1325 855 facultatibus
1347 819 1420 856 mere

87 877 217 947 orporea
238 878 291 933 hoo
311 886 356 934 est
375 879 600 953 magnetiois,
621 879 842 942 administretur,
865 876 986 948 'excepta
1005 879 1067 932 sola
1088 879 1276 934 turbinatione
1297 882 1418 952 corporis

87 957 172 1012 alnis
191 958 222 1012 in
242 976 292 1014 suo
313 960 405 1030 spatio
425 958 626 1030 permanentis,
658 959 702 1013 oui
731 959 811 1014 vitali
840 958 976 1029 facultate
1011 975 1079 1029 opus
1109 977 1171 1014 esse
1191 961 1308 1014 videtur.
1350 963 1420 1016 Nam

87 1044 150 1106 uarie
170 1038 269 1109 quinta
294 1041 522 1103 demonstratum,
553 1046 661 1093 nostras
688 1039 748 1108 jam
777 1039 946 1093 introductas
975 1038 1145 1111 hypotheses
1173 1040 1304 1112 physicas
1335 1041 1419 1096 etiam

87 1116 261 1174 utitudinibus
291 1120 461 1176 satisfaoere.
501 1120 605 1175 Datum
633 1127 726 1175 tamen
755 1119 807 1173 luit
836 1118 938 1189 aliquid
968 1118 1096 1190 partibus
1126 1121 1173 1175 111.
1204 1129 1233 1174 et
1262 1122 1308 1176 IV.
1335 1121 1419 1176 etiam

86 1197 186 1262 renti,
216 1205 249 1253 ut
268 1207 357 1255 motor
376 1201 509 1271 planetae
530 1199 657 1270 proprius
679 1217 738 1253 cum
759 1199 869 1255 animali
892 1199 1028 1254 facultate
1048 1200 1172 1254 movendi
1194 1200 1235 1254 sui
1257 1201 1334 1272 globi
1356 1220 1418 1255 oon-

87 1285 171 1349 angat
198 1279 348 1345 rationem,
383 1281 406 1334 si
437 1280 497 1351 qnis
528 1279 729 1348 objectionibus
759 1279 896 1333 nonnullis
926 1279 1069 1334 extraneis
1104 1282 1139 1334 ad
1169 1281 1287 1351 speeiem
1320 1281 1418 1336 validis
1503 1289 1506 1293 ’

87 1356 196 1422 arbre,
217 1367 338 1414 naturae
359 1377 502 1430 corporum
522 1360 644 1414 diffidere
664 1360 746 1427 velit:
769 1361 846 1413 modo
868 1359 933 1414 talis
955 1359 1054 1431 aliquis
1075 1360 1127 1415 hoo
1146 1360 1278 1431 recipiat,
1300 1367 1418 1416 mentem

87 1437 146 1493 lun
163 1438 206 1491 uti
226 1439 375 1511 apparenti
396 1439 529 1495 diametro
543 1440 614 1494 Solis
632 1457 682 1511 pro
703 1456 832 1495 mensura
845 1439 1010 1505 librationis,
1027 1457 1191 1512 sensumque
1211 1441 1316 1496 hahere
1329 1457 1417 1514 angu-

87 1516 164 1581 ΒΜ,
186 1536 255 1589 quos
275 1521 426 1592 exquirunt
445 1521 603 1574 ubnnomi.

145 1598 264 1654 'lantum
284 1601 370 1673 igitur
390 1600 418 1655 in
438 1601 559 1672 gratiam
579 1600 753 1671 physicorum
774 1601 874 1656 dietum
894 1607 970 1654 esto:
993 1607 1088 1657 cetera
1107 1600 1249 1656 invenient
1268 1601 1419 1658 astronomi

87 1684 276 1750 rtgaunretrae
296 1698 346 1736 suo
367 1681 509 1752 quaelibet
529 1680 623 1735 ordine
643 1700 680 1735 ex
700 1681 878 1753 sequentibus
899 1680 1069 1752 singulorum
1091 1681 1211 1752 capitum
1236 1682 1415 1754 argumentis,

87 1770 142 1830 μ’
164 1760 251 1829 paulo
280 1762 434 1831 prolixiora
463 1778 525 1815 esse
554 1761 642 1826 volui,
672 1778 733 1815 oum
765 1769 796 1814 ut
820 1768 916 1815 essent
935 1762 994 1814 loeo
1025 1762 1167 1826 indicis,
1200 1771 1256 1817 tum
1278 1770 1310 1817 ut
1329 1763 1417 1817 leotor

87 1836 167 1911 μἸι
186 1840 307 1896 baerem
328 1842 354 1896 in
376 1841 545 1897 obsouritate
566 1842 624 1896 sive
645 1841 780 1896 materiae
807 1858 856 1895 seu
884 1841 964 1913 styli,
992 1844 1138 1897 secundum
1159 1843 1294 1897 Tabulam
1316 1860 1417 1914 synop-

87 1916 147 1973 ἰιι
178 1921 216 1974 ab
246 1922 290 1976 his
321 1923 406 1977 etiam
444 1921 615 1995 argumentis
654 1922 776 1992 aliquam
805 1922 894 1975 luoem
923 1928 1004 1991 petat
1032 1923 1222 1995 rationemque
1257 1923 1356 1977 ordinis
1388 1931 1419 1978 et

87 1998 270 2056 &rentiam
290 2019 381 2056 rerum
402 2002 429 2056 in
448 2002 520 2056 idem
540 2009 627 2072 eaput
646 2009 847 2074 eongestarum,
869 2001 893 2054 si
913 1999 1000 2055 minus
1021 2003 1146 2058 fortassis
1168 2003 1196 2057 in
1210 2002 1269 2074 ipeo
1283 2010 1417 2058 eontextu

87 2078 298 2153 impleus,
329 2081 465 2152 pereipiat
494 2082 647 2136 evidentius
677 2082 749 2137 inter
779 2088 944 2153 arguments
974 2081 1000 2135 in
1028 2084 1223 2156 paragraphus
1245 2101 1308 2139 suos
1329 2090 1415 2141 secta.
1492 2150 1496 2161 Ι
1520 2132 1524 2139 .

87 2156 269 2225 Ue'leetor
289 2162 353 2216 boni
374 2162 509 2225 consulat,
529 2179 608 2234 rogo.
645 2157 649 2165 '
