3278 5550
592 268 797 343 Parapotamos
835 272 1001 342 capam.
1092 296 1102 322 ι
1133 214 1140 225 ⁸
1378 274 1476 365 '243

125 450 213 535 (quia,
235 457 273 514 ιιι
287 448 362 528 dixi,
380 470 441 517 non
454 458 528 525 erat
538 459 663 528 certum,
678 452 800 535 duplam
815 457 899 531 essa)
914 454 1154 538 cognoscendam
1168 455 1356 537 perduceret.
1381 452 1477 520 Oum-
1586 474 1595 489 ·

124 560 174 625 que
196 540 442 605 Ptolemaeus
472 541 570 605 tribus
601 541 784 625 ἀιροινχιοις
818 544 1079 609 observationibus
1109 552 1140 606 et
1168 545 1226 609 hac
1256 553 1479 628 praeconcepta

125 629 262 713 opinione
286 630 325 693 de
347 630 539 717 proportionq
567 632 825 705 eceeutricitatum
855 636 1006 698 evinceret
1029 642 1061 697 et
1082 634 1210 715 apogaei
1233 634 1331 698 locum
1354 642 1386 697 et
1407 654 1477 698 cor-

125 718 288 784 rectionem
310 719 506 803 longitudinis
528 721 654 796 mediae,
683 722 809 804 deniqne
832 732 864 786 et
885 726 1083 806 quantitatem
1112 723 1385 788 ecoentricitatum:
1415 723 1478 786 vidi

127 828 201 893 ego,
226 808 255 873 si
269 808 426 890 problema
447 809 505 873 hoc
520 818 723 883 ,enervaretur
748 813 901 894 (surrepto
925 813 1074 876 axiomate
1099 813 1134 874 de
1150 813 1345 893 proportione
1368 832 1477 876 eccen-

127 897 316 982 ticitatnm),
340 916 449 979 vagum
468 900 599 962 futurum
618 908 651 962 et
664 920 754 963 casus
777 921 836 965 uon
851 902 949 977 nnius,
973 901 1073 985 itaque
1097 909 1205 983 quarta
1226 900 1349 982 insuper
1372 900 1479 964 obser-

129 987 243 1051 vatione
266 984 431 1068 ἀιροινχιῳ
453 988 589 1051 vicissim
611 990 797 1053 firmandum.
836 991 903 1054 Hac
918 991 1010 1071 igitur
1028 997 1094 1054 arte
1117 991 1281 1053 instructus
1297 1011 1375 1055 anno
1393 987 1478 1055 1600

131 1078 164 1141 ad
182 1075 396 1158 Tycbonem
425 1076 495 1140 reni
527 1076 684 1162 laetusque
717 1079 825 1156 didici,
858 1080 897 1143 ab
929 1080 996 1161 ipso
1026 1099 1143 1163 quoqne
1174 1079 1389 1160 investigatam
1417 1098 1477 1142 non

131 1172 291 1231 mamam
314 1165 393 1229 hanc
414 1166 655 1248 proportionem,
679 1174 713 1230 ut
735 1169 851 1233 numeri
874 1170 939 1250 ejus
967 1169 1110 1233 indicant.
1156 1169 1246 1231 Facit
1267 1168 1345 1231 enim
1369 1187 1479 1231 eccen-

130 1253 191 1321 in'ti
203 1252 441 1335 (Copemicanh
470 1265 549 1336 crq'ns
569 1267 692 1322 definitio
712 1275 756 1323 est
776 1268 855 1323 initio
877 1285 938 1340 cap.
960 1269 995 1324 V.
1017 1269 1101 1340 hujus
1121 1262 1200 1338 libri)
1215 1265 1350 1320 centrum
1363 1257 1478 1320 distare

130 1344 233 1433 enisu
259 1339 369 1408 13660
390 1344 563 1425 particulis,
597 1362 722 1430 quarum
751 1347 820 1409 aliis
849 1346 936 1419 3780
967 1357 1109 1428 punctum
1141 1346 1336 1428 aequalitatis
1359 1346 1478 1410 abhoc

128 1433 259 1497 vicissim
282 1431 393 1513 distet,
410 1434 490 1515 quod
512 1442 595 1497 esset
617 1434 648 1497 in
671 1435 768 1497 forma
789 1436 986 1512 Ptolemaica,
1011 1458 1047 1500 ac
1070 1437 1097 1500 si
1118 1435 1295 1499 distantiam
1308 1443 1478 1498 centrorum

126 1522 254 1696 mt
267 1521 431 1675 ecceqtsrqqq
443 1523 559 1587 faceret
582 1519 680 1600 9900,
703 1524 849 1606 reliquam
866 1527 945 1591 inter
960 1534 1096 1591 centrum
1114 1524 1275 1589 eccentrioi
1291 1532 1323 1588 et
1335 1532 1478 1606 punctum

231 1609 320 1674 itatis
432 1658 440 1673 .

205 1701 303 1764 Potui
331 1699 452 1783 quidem
474 1708 505 1764 et
527 1699 661 1781 ipseuti
692 1701 899 1767 dimidiatione
928 1722 983 1785 pro
1016 1711 1113 1778 certa,
1143 1703 1233 1784 idque
1264 1701 1382 1765 meliori
1408 1701 1476 1782 jure

125 1810 208 1879 qum
220 1789 430 1866 Ptolemaeus,
455 1791 525 1873 quia
542 1789 573 1853 in
589 1790 738 1873 Mysterio
752 1812 818 1855 meo
834 1812 901 1874 cap.
916 1793 1019 1856 XXII.
1036 1812 1160 1857 causam
1178 1791 1243 1872 ejus
1258 1788 1477 1855 dimidiationis
1500 1785 1503 1789 ’

125 1880 280 1967 physicam
303 1878 485 1956 attuleram
508 1898 612 1942 verum
635 1880 673 1942 ob
696 1881 848 1962 idipsum
871 1883 910 1944 ad
927 1883 1098 1965 Tychonem
1120 1899 1270 1951 veneram,
1295 1889 1329 1944 ut
1351 1899 1390 1944 ex
1412 1880 1477 1961 ejus

126 1968 386 2037 obcewationibus
414 1969 445 2031 in
472 1988 540 2032 mea
567 1968 682 2049 placita
713 1970 816 2033 libello
851 1971 932 2034 dicto
964 1972 1155 2053 promulgata
1185 1970 1296 2033 certius
1328 1968 1477 2051 inquirere

122 2078 263 2145 parem:
296 2058 376 2140 quod
406 2057 525 2139 quidem
555 2056 613 2120 leci
644 2059 709 2121 sine
740 2059 924 2140 praejudicio
955 2068 987 2123 et
1014 2061 1177 2124 etiamnum
1208 2059 1296 2122 facio.
1359 2057 1478 2131 Quodsi

125 2148 333 2232 npewixero,
359 2148 459 2229 quoad
481 2147 668 2211 astronomia
691 2169 775 2211 snam
797 2150 960 2229 puritatem
984 2157 1016 2212 et
1036 2150 1252 2231 perfectionem
1274 2147 1477 2222 nanciscatur,

123 2234 156 2302 ἰι
177 2240 210 2301 in
247 2256 342 2298 causa
374 2237 480 2319 (quam
509 2237 538 2299 in
568 2236 621 2299 illo
654 2236 758 2299 libello
790 2239 830 2301 ad
862 2239 927 2320 ejus
956 2238 1088 2303 tribuual
1120 2237 1256 2311 devolvi)
1285 2235 1477 2318 pronunciari

128 2329 230 2413 posit,
251 2326 400 2407 polliceor
421 2326 537 2402 lectori,
560 2344 607 2388 me
631 2325 764 2389 libellum
787 2328 871 2391 illum
895 2336 1125 2392 retractatorum
1144 2336 1175 2390 et
1193 2325 1384 2401 confirmatis,
1401 2343 1477 2407 quae
1561 2391 1568 2404 ,

132 2415 422 2565 {adaprqlqeqrdn
454 2415 572 2498 reliqna
604 2434 680 2497 quae
710 2435 798 2479 secus
828 2418 941 2481 habent
969 2417 1098 2480 fideliter
1130 2418 1325 2478 detectnrum.
1379 2421 1477 2488 (comp.

192 2505 216 2564 1,
257 2503 299 2554 .1
339 2541 345 2554 .

161 2576 178 2593 ”
205 2520 276 2641 sid
301 2576 340 2638 ad
362 2595 435 2639 rem.
475 2575 588 2640 centro
607 2575 634 2639 B
654 2580 720 2650 (Fir.
740 2580 786 2647 09)
810 2576 959 2641 scribatur
982 2577 1167 2640 eocentricus
1181 2574 1258 2638 FG:
1281 2576 1313 2637 iu
1327 2592 1363 2636 eo
1382 2574 1477 2655 perB

145 2662 269 2751 hier
288 2666 427 2748 apsidum
444 2665 500 2740 HI,
522 2683 578 2747 per
595 2663 711 2747 aliquot
725 2685 821 2729 annos
836 2668 923 2748 qnasi
936 2666 1142 2730 immutabilis.
1181 2664 1248 2727 Hoc
1267 2665 1294 2728 si
1311 2663 1477 2745 periculum

142 2756 231 2820 nais
250 2753 390 2832 haberet,
409 2774 468 2817 non
484 2755 628 2817 deessent
640 2753 727 2817 nobis
745 2756 844 2818 media
858 2757 915 2819 hoc
930 2776 1046 2839 quoqne
1063 2755 1198 2817 cavendi.
1231 2754 1266 2816 In
1279 2754 1337 2815 hac
1351 2753 1433 2815 infra
1449 2752 1475 2813 Β

127 2842 214 2931 ἸΔ
238 2848 336 2922 uisus,
368 2862 459 2926 supra
480 2844 508 2907 Β
532 2842 575 2906 sit
597 2842 622 2906 0
646 2851 780 2907 centrum
809 2846 901 2921 illud,
936 2846 1014 2927 apud
1038 2845 1117 2928 quod
1140 2844 1242 2923 auguli
1260 2841 1375 2924 spatiis
1396 2848 1477 2903 tem-

145 2940 150 2945 '
246 2937 540 3019 proportionautur,
558 2951 626 2995 cum
654 2932 734 2994 circa
755 2934 787 2996 A
811 2937 859 3006 (ut
879 2935 971 3016 paulo
994 2955 1086 3016 supra
1117 2933 1243 3006 dictum)
1265 2951 1325 2994 non
1347 2948 1477 3011 propor-

138 2950 286 3090 Eeliitur.
337 3024 408 3088 Sint
435 3032 537 3087 autem
566 3023 605 3096 F,
631 3019 677 3096 G,
701 3021 798 3097 D,E
832 3023 1061 3086 observationes
1093 3030 1221 3105 quatuor
1249 3038 1304 3101 per
1333 3018 1477 3082 ambitum

139 3112 223 3179 drmli
247 3115 438 3196 dispositae,
463 3112 506 3174 sic
528 3111 648 3193 quidem
671 3117 705 3172 nt
725 3112 858 3192 planeta,
883 3123 992 3176 exutus
1014 3110 1229 3194 inaequalitate
1253 3108 1403 3183 secunda,
1433 3108 1477 3171 sic

139 3200 283 3291 ippareat,
314 3203 401 3288 qnasi
423 3202 508 3264 visus
531 3201 562 3262 in
584 3201 615 3263 A
642 3199 762 3262 fuisset.
808 3201 909 3266 Nam'·
919 3202 998 3284 apud
1021 3202 1274 3265 Ptolemaeum
1306 3198 1425 3281 quidem
1446 3198 1478 3260 A

139 3314 192 3361 tere
213 3298 302 3359 locus
325 3301 374 3357 est
395 3293 481 3356 visus
496 3309 549 3352 seu
572 3290 707 3353 centm'm
721 3292 844 3366 Terrae,
868 3293 947 3373 apud
963 3293 1176 3374 Tychonem
1197 3309 1270 3352 vero
1290 3294 1322 3350 et
1337 3287 1476 3369 Ooper-

140 3385 242 3449 ticum
268 3385 355 3448 visus
378 3381 479 3445 estin
504 3379 587 3443 linea
608 3379 681 3453 ΒΑ,
706 3379 782 3455 GA,
807 3382 878 3456 DA,
901 3380 970 3457 EA,
994 3389 1025 3442 et
1047 3382 1078 3444 A
1101 3379 1156 3444 Sol
1180 3387 1236 3442 est.
1283 3377 1383 3459 Supra
1404 3396 1477 3439 vero

141 3472 322 3551 dictumest,
354 3480 481 3553 utraque
503 3468 621 3532 ratione
650 3467 804 3549 planetam
833 3469 1050 3552 inaequalitate
1083 3469 1216 3532 secunda
1245 3467 1369 3548 perinde
1398 3464 1476 3528 exui.

142 3562 352 3630 dementantur
374 3568 476 3624 autem
498 3565 611 3638 puncta
634 3557 734 3621 omnia
757 3577 823 3620 oum
847 3559 1003 3622 omnibus:
1028 3567 1060 3621 et
1083 3559 1124 3621 sit
1146 3559 1201 3621 AF
1224 3557 1255 3618 in
1278 3551 1340 3620 250
1362 3549 1418 3619 430
1433 3566 1476 3643 tp,
1576 3612 1581 3621 .

140 3652 228 3721 iGin
250 3650 313 3717 26⁰
333 3647 389 3715 43⁴
407 3657 447 3729 s,
470 3647 582 3712 AD'in
600 3643 658 3709 120
674 3643 726 3711 ιδ’
739 3654 778 3723 ιε,
802 3646 858 3709 ΑΕ
873 3648 903 3710 in
921 3641 1091 3731 17031010
1109 3646 1145 3723 b·
1169 3653 1266 3719 (comp.
1286 3653 1338 3703 ab.
1357 3668 1382 3718 p.
1403 3648 1477 3714 ιιι.)

139 3738 200 3807 linc
222 3744 335 3806 dantur
357 3748 485 3823 quatuor
508 3735 610 3816 anguli
633 3725 715 3798 ci‘rca
735 3737 782 3812 A,
806 3756 912 3819 nempe
934 3737 1022 3801 FAG
1047 3734 1108 3801 91⁰
1129 3733 1162 3798 00
1173 3784 1181 3811 ,
1216 3733 1306 3797 GAD
1330 3729 1389 3796 750
1412 3729 1476 3809 330,

139 3830 208 3897 BAE
228 3830 292 3897 650
315 3824 412 3911 15¹1„
434 3828 519 3893 ΕΑΓ
542 3820 622 3889 1280
647 3819 725 3908 1101,
734 3827 752 3886 ¹.
800 3825 860 3899 Qui
884 3834 955 3889 sunt
976 3825 1144 3908 corrigendi
1166 3823 1301 3887 nonnihil
1325 3822 1363 3885 ob
1386 3841 1477 3902 prae-

139 3925 292 3987 cessionem
314 3917 580 4002 aequinoctiorum.
618 3913 681 3978 Sub
705 3915 773 3977 fixis
796 3915 874 3977 enim
897 3916 1021 3995 planeta
1043 3935 1102 3978 non
1124 3921 1188 3976 tam
1210 3913 1299 3993 longe
1322 3918 1477 3992 promotus

138 4020 173 4077 ιιι
191 4013 266 4091 ἰιιΕ
290 4009 398 4073 ultima
421 4004 642 4076 observatione,
665 4024 753 4086 quam
775 4005 926 4067 indicatur
948 4024 1002 4085 per
1015 4005 1072 4068 hos
1086 4023 1236 4067 numeros.
1276 4001 1378 4075 Quare
1392 3999 1476 4063 ΒΑΕ

119 4102 212 4183 ,pulo
235 4108 285 4164 est
306 4100 414 4179 major,
437 4094 545 4176 reliqui
560 4100 646 4156 tanto
669 4094 809 4171 minores,
847 4094 974 4159 Eodem¹
986 4095 1075 4157 modo
1094 4113 1132 4156 ex
1148 4089 1352 4156 subtractione
1375 4088 1477 4170 longi-

136 4191 259 4257 bdinum
281 4188 432 4253 habentur
454 4193 486 4249 et
508 4182 611 4264 anguli
635 4182 717 4245 circa
740 4183 775 4248 0.

207 4277 446 4361 Propositio.
492 4266 626 4355 Oportet
651 4272 716 4353 jam
748 4271 876 4353 angulos
899 4273 986 4337 ΒΑΗ
1014 4278 1046 4334 et
1066 4270 1150 4336 FOH
1179 4277 1283 4333 tantos
1312 4288 1475 4344 assumere,

137 4377 161 4434 ιι
186 4372 226 4434 iis
253 4367 366 4453 positis
390 4374 422 4430 et
451 4370 563 4448 puncta
585 4363 620 4438 F,
645 4360 685 4436 G,
708 4362 746 4436 D,
770 4361 797 4423 Β
830 4370 914 4426 stent
935 4362 966 4423 in
995 4381 1053 4424 uno
1083 4361 1210 4436 circulo,
1240 4366 1271 4421 et
1291 4360 1318 4422 B
1341 4365 1477 4422 centrum

136 4456 205 4525 dius
228 4458 335 4524 circuli
357 4455 401 4521 ait
421 4456 500 4519 inter
523 4451 560 4528 0,
583 4452 615 4514 A
636 4458 748 4531 puncta
770 4450 801 4513 in
823 4448 904 4513 linea
927 4449 994 4514 CA.
1245 4466 1248 4471 ’

211 4566 370 4632 Solutio
393 4582 453 4626 non
477 4568 525 4623 est
555 4557 755 4640 geometrica,
787 4557 934 4640 siquidem
966 4557 1091 4640 algebra
1122 4554 1306 4639 geometrica
1327 4574 1387 4618 nou
1410 4560 1474 4617 est:

138 4656 183 4721 rad
198 4657 232 4720 bt
248 4674 303 4737 per
326 4653 476 4736 duplicem
498 4648 609 4712 falsam
630 4645 821 4729 positionem.
836 4643 879 4723 00)
916 4649 995 4711 Nam
1014 4653 1045 4709 et
1067 4645 1191 4726 algebra
1209 4645 1259 4708 hic
1274 4666 1330 4708 nos
1353 4643 1476 4719 deserit,

139 4745 200 4827 quie
218 4746 341 4812 nomina
362 4742 439 4807 artis
462 4737 555 4804 rectis
579 4735 797 4802 communicata
817 4755 872 4819 per
894 4744 996 4801 rectas
1014 4756 1073 4800 non
1096 4735 1271 4797 derivantur
1293 4733 1475 4818 inaugulos,

1204 4837 1264 4896 ib*
