3278 5550
502 350 505 357 .
588 230 772 362 eunome
810 296 960 364 capum.
1232 270 1235 275 ’
1380 296 1439 365 4η

130 477 215 543 medic
254 475 295 538 In
316 476 471 539 schemate
494 470 559 536 117
582 485 653 539 eunt
683 480 747 541 ieta
776 478 964 541 clarissima.
1004 476 1056 539 Sit
1080 475 1140 549 GQ
1163 481 1360 552 ementem,
1383 479 1439 541 AB

127 567 322 639 mercius,
347 565 405 627 GD
426 563 474 626 uel
496 565 552 626 LD
575 567 738 630 anomalia
759 571 901 639 eccemtrd,
923 566 1006 630 FAC
1029 575 1214 647 coaequata,
1239 569 1293 629 ΡΑ
1315 567 1363 630 cel
1386 567 1442 628 EA

123 656 262 722 Ma.
315 655 356 718 Ut
377 655 476 737 ipitur
497 655 557 715 ΑΚ
580 655 625 716 ud
647 657 712 731 AB,
736 659 783 718 eic
805 655 858 719 BC
882 658 927 717 ad
947 657 1019 717 KE:
1045 663 1075 717 et
1095 658 1130 718 in
1154 655 1239 719 GAO
1263 665 1445 736 coaequata,

121 743 218 811 &AR
238 743 284 805 ad
305 745 378 817 Alc,
405 745 455 804 sic
478 743 535 802 BV
566 743 611 804 ad
632 745 705 807 RMr
751 747 856 827 Ipitur
878 747 935 806 ΕΚ
961 744 1008 806 uel
1030 743 1091 805 RM
1120 746 1253 828 ponitur
1284 766 1349 806 eree
1380 766 1446 808 urea

119 834 209 898 mdix.
257 831 368 896 decere
390 838 426 895 ut
448 851 556 914 cupra.

190 923 234 984 At
256 922 330 982 date
352 921 501 981 anomalia
523 920 635 994 media,
660 921 742 983 nulla
764 921 948 1000 geometrice
976 921 1133 982 methodus
1158 928 1221 993 est,
1250 920 1446 999 perveniendi

119 1011 369 1090 ndcoaequetam,
392 1009 534 1069 videlicet
557 1009 596 1069 ad
619 1011 798 1071 anomaliem
822 1010 962 1071 eccentri.
1000 1010 1081 1072 Num
1103 1010 1252 1070 anomalia
1276 1009 1374 1071 medie.
1397 1019 1448 1072 est

119 1103 270 1181 composite
296 1117 334 1159 ex
366 1098 480 1159 duabus
510 1117 598 1158 areae
636 1099 788 1178 partibus,
823 1106 939 1161 sectore
972 1106 1004 1160 et
1034 1099 1203 1177 triangulo:
1240 1117 1363 1178 quornm
1382 1099 1446 1165 '‘llle
1548 1122 1552 1129 ·

120 1189 220 1270 quidem
250 1195 422 1249 numeratur
444 1187 483 1247 ab
507 1205 577 1247 arcu
609 1187 758 1262 eccentri‚
789 1188 846 1249 hoc
869 1187 908 1248 ab
932 1188 996 1266 ejus
1024 1207 1110 1248 arcus
1138 1188 1224 1259 sinu,
1258 1187 1286 1247 in
1311 1189 1446 1249 valorem

119 1277 241 1358 ltiengnli
266 1275 386 1337 maximi
408 1274 607 1355 multiplicato
636 1275 762 1337 resectis
790 1275 913 1338 ultimis.
959 1277 1004 1338 At
1027 1277 1232 1356 proportiones
1256 1277 1335 1338 inter
1357 1295 1445 1338 arcus

120 1374 257 1429 eteorum
280 1364 364 1427 sinus
387 1365 519 1429 intuitae
543 1374 613 1425 sunt
642 1383 774 1429 numero.
820 1367 926 1444 Itaque
950 1383 1066 1427 summa
1096 1364 1250 1445 utriusque
1276 1365 1444 1445 proposita,

120 1452 161 1518 dci
186 1470 247 1517 non
272 1460 396 1535 potest,
425 1448 556 1535 ¹r'pnrrutns
579 1454 620 1514 sit
649 1471 754 1526 arcus,
789 1463 918 1532 quantus
947 1453 1011 1532 ejus
1044 1452 1127 1516 sinus
1159 1452 1345 1532 respondens
1377 1454 1446 1515 huic

119 1562 253 1612 ammae,
283 1541 341 1604 nisi
362 1542 454 1627 prins·
472 1540 676 1625 exploremus,
710 1543 782 1603 dato
812 1560 883 1603 arcn
914 1550 1027 1622 quante
1057 1542 1169 1603 evadat
1196 1561 1283 1602 areu:
1318 1543 1373 1604 hoc
1398 1550 1447 1604 est

119 1633 158 1696 risi
181 1632 304 1695 tabulas
328 1632 533 1695 construxeris
556 1639 646 1691 etex
670 1631 707 1692 iis
728 1641 836 1711 postea
860 1631 1004 1708 opereris.

144 1746 148 1755 ·
186 1722 289 1785 Haec
312 1718 473 1789 ests'rnee
500 1719 699 1782 sententia.
746 1719 833 1790 Quae
857 1719 1035 1798 quominus
1066 1718 1175 1779 habere
1199 1719 1349 1780 ridebitur
1371 1738 1446 1798 geo-

119 1813 245 1874 tetricae
277 1807 524 1890 pulchritudinis,
556 1809 612 1870 hoc
636 1807 730 1888 magis
762 1807 905 1870 adhortor
936 1817 1120 1888 geometras,
1154 1806 1199 1868 uti
1223 1808 1294 1869 mihi
1324 1809 1444 1870 solvant

119 1919 154 1964 uc
178 1900 356 1981 problema:

186 1993 288 2054 Data
325 2005 411 2047 area
446 1985 565 2066 pertis
603 1983 846 2058 semicirculi,
890 1985 1048 2063 datoque
1089 1992 1223 2063 puncto
1261 1984 1447 2059 diametri,

119 2077 270 2141 uvenire
294 2094 412 2136 arcum
436 2086 472 2134 et
496 2074 666 2152 angulum
690 2073 733 2133 ad
757 2072 852 2134 illud
875 2081 1057 2152 punctum,
1087 2072 1192 2151 cujus
1215 2075 1337 2152 anguli
1363 2093 1444 2135 crn-

119 2166 204 2231 ibus
233 2175 355 2245 ecquo
379 2183 463 2225 aren
485 2163 569 2222 data
597 2182 681 2224 area
704 2160 1034 2241 comprehenditur.
1074 2162 1160 2222 Vel:
1184 2163 1318 2225 Aream
1337 2161 1444 2223 semi-

119 2254 236 2321 irculi
261 2272 302 2314 ex
326 2271 535 2332 quocunqne
557 2260 692 2331 puncto
716 2250 883 2311 diametri
908 2249 941 2310 in
965 2249 1053 2313 date
1077 2250 1221 2311 ratione
1246 2270 1384 2312 secare.

187 2345 266 2408 Mihi
290 2342 398 2404 sufficit
419 2340 549 2414 credere,
574 2339 649 2403 solvi
675 2359 693 2400 a
716 2339 806 2417 priori
829 2359 887 2399 non
911 2357 1017 2418 posse,
1047 2348 1169 2418 propter
1197 2359 1283 2400 arcus
1308 2349 1338 2401 et
1361 2340 1445 2400 sinus

119 2430 464 2551 rspoyerrcas.w÷lrranti
487 2430 559 2491 mihi
582 2429 747 2513 quicunque
764 2428 842 2488 viam
865 2427 1086 2502 monstraverit,
1111 2428 1136 2489 is
1152 2429 1209 2490 erit
1224 2428 1295 2490 mihi
1320 2448 1447 2508 magnus

119 2523 299 2609 rpollonius.
