<?xml version="1.0" encoding="UTF-8"?>
<!DOCTYPE html PUBLIC "-//W3C//DTD XHTML 1.0 Transitional//EN"
    "http://www.w3.org/TR/xhtml1/DTD/xhtml1-transitional.dtd">
<html xmlns="http://www.w3.org/1999/xhtml" xml:lang="en" lang="en">
 <head>
  <title>
</title>
<meta http-equiv="Content-Type" content="text/html;charset=utf-8" />
  <meta name='ocr-system' content='tesseract 3.04.00' />
  <meta name='ocr-capabilities' content='ocr_page ocr_carea ocr_par ocr_line ocrx_word'/>
</head>
<body>
  <div class='ocr_page' id='page_1' title='image "./joanniskepleria12frisgoog/joanniskepleria12frisgoog_0534.png"; bbox 0 0 3278 5550; ppageno 0'>
   <div class='ocr_carea' id='block_1_1' title="bbox 676 312 1430 409">
    <p class='ocr_par' dir='ltr' id='par_1_1' title="bbox 676 312 1430 409">
     <span class='ocr_line' id='line_1_1' title="bbox 676 312 1430 409; baseline -0.023 -8"><span class='ocrx_word' id='word_1_1' title='bbox 676 330 840 409; x_wconf 55' lang='lat' dir='ltr'><strong>fleum-</strong></span> <span class='ocrx_word' id='word_1_2' title='bbox 1082 354 1089 373; x_wconf 85' lang='lat'>·</span> <span class='ocrx_word' id='word_1_3' title='bbox 1365 312 1430 386; x_wconf 76' lang='lat'><strong>52⁷</strong></span> 
     </span>
    </p>
   </div>
   <div class='ocr_carea' id='block_1_2' title="bbox 116 497 1434 1041">
    <p class='ocr_par' dir='ltr' id='par_1_2' title="bbox 116 497 1434 1041">
     <span class='ocr_line' id='line_1_2' title="bbox 171 497 1432 590; baseline -0.019 -8"><span class='ocrx_word' id='word_1_4' title='bbox 171 515 427 583; x_wconf 82' lang='lat' dir='ltr'><strong>Corollariuua</strong></span> <span class='ocrx_word' id='word_1_5' title='bbox 465 512 498 580; x_wconf 86' lang='lat' dir='ltr'><strong>Si</strong></span> <span class='ocrx_word' id='word_1_6' title='bbox 518 515 630 590; x_wconf 81' lang='lat' dir='ltr'>dixero,</span> <span class='ocrx_word' id='word_1_7' title='bbox 654 510 861 587; x_wconf 75' lang='lat' dir='ltr'><strong>recfangulum</strong></span> <span class='ocrx_word' id='word_1_8' title='bbox 885 507 940 570; x_wconf 88' lang='lat' dir='ltr'><strong>sub</strong></span> <span class='ocrx_word' id='word_1_9' title='bbox 959 505 1123 586; x_wconf 74' lang='lat' dir='ltr'>segmentis</span> <span class='ocrx_word' id='word_1_10' title='bbox 1147 499 1285 565; x_wconf 80' lang='lat' dir='ltr'><strong>diametri</strong></span> <span class='ocrx_word' id='word_1_11' title='bbox 1309 497 1432 560; x_wconf 82' lang='lat' dir='ltr'><strong>minoris</strong></span> 
     </span>
     <span class='ocr_line' id='line_1_3' title="bbox 123 589 1432 691; baseline -0.02 -19"><span class='ocrx_word' id='word_1_12' title='bbox 123 608 369 673; x_wconf 74' lang='lat' dir='ltr'><strong>circumferentia</strong></span> <span class='ocrx_word' id='word_1_13' title='bbox 391 607 514 688; x_wconf 87' lang='lat' dir='ltr'><strong>majoris</strong></span> <span class='ocrx_word' id='word_1_14' title='bbox 538 604 639 679; x_wconf 88' lang='lat' dir='ltr'><strong>factis,</strong></span> <span class='ocrx_word' id='word_1_15' title='bbox 663 603 728 664; x_wconf 89' lang='lat' dir='ltr'><strong>scil.</strong></span> <span class='ocrx_word' id='word_1_16' title='bbox 754 600 820 674; x_wconf 87' lang='lat' dir='ltr'><strong>BA,</strong></span> <span class='ocrx_word' id='word_1_17' title='bbox 845 598 911 669; x_wconf 85' lang='lat' dir='ltr'><strong>Ac,</strong></span> <span class='ocrx_word' id='word_1_18' title='bbox 936 595 1057 677; x_wconf 86' lang='lat' dir='ltr'><strong>aequari</strong></span> <span class='ocrx_word' id='word_1_19' title='bbox 1080 591 1256 672; x_wconf 84' lang='lat' dir='ltr'><strong>rectaugulo</strong></span> <span class='ocrx_word' id='word_1_20' title='bbox 1281 589 1335 691; x_wconf 81' lang='lat' dir='ltr'><strong>sub</strong></span> <span class='ocrx_word' id='word_1_21' title='bbox 1360 606 1432 691; x_wconf 46' lang='lat' dir='ltr'><strong>seg:</strong></span> 
     </span>
     <span class='ocr_line' id='line_1_4' title="bbox 117 679 1433 780; baseline -0.017 -20"><span class='ocrx_word' id='word_1_22' title='bbox 117 706 185 760; x_wconf 85' lang='lat' dir='ltr'><strong>ento</strong></span> <span class='ocrx_word' id='word_1_23' title='bbox 209 698 316 760; x_wconf 91' lang='lat' dir='ltr'><strong>minori</strong></span> <span class='ocrx_word' id='word_1_24' title='bbox 340 697 476 759; x_wconf 81' lang='lat' dir='ltr'><strong>diametri</strong></span> <span class='ocrx_word' id='word_1_25' title='bbox 500 695 622 776; x_wconf 88' lang='lat' dir='ltr'><strong>majoris</strong></span> <span class='ocrx_word' id='word_1_26' title='bbox 644 693 761 755; x_wconf 89' lang='lat' dir='ltr'><strong>alinea</strong></span> <span class='ocrx_word' id='word_1_27' title='bbox 776 688 835 752; x_wconf 85' lang='lat' dir='ltr'><strong>VX</strong></span> <span class='ocrx_word' id='word_1_28' title='bbox 857 687 1023 749; x_wconf 85' lang='lat' dir='ltr'><strong>sectionum</strong></span> <span class='ocrx_word' id='word_1_29' title='bbox 1047 686 1136 757; x_wconf 87' lang='lat' dir='ltr'><strong>facto,</strong></span> <span class='ocrx_word' id='word_1_30' title='bbox 1161 691 1193 744; x_wconf 88' lang='lat' dir='ltr'><strong>et</strong></span> <span class='ocrx_word' id='word_1_31' title='bbox 1212 681 1268 742; x_wconf 92' lang='lat' dir='ltr'><strong>sub</strong></span> <span class='ocrx_word' id='word_1_32' title='bbox 1291 679 1433 780; x_wconf 75' lang='lat' dir='ltr'><strong>diametri</strong></span> 
     </span>
     <span class='ocr_line' id='line_1_5' title="bbox 116 768 1432 869; baseline -0.018 -19"><span class='ocrx_word' id='word_1_33' title='bbox 116 789 209 869; x_wconf 84' lang='lat' dir='ltr'><strong>ajoris</strong></span> <span class='ocrx_word' id='word_1_34' title='bbox 236 787 299 851; x_wconf 85' lang='lat' dir='ltr'><strong>AY</strong></span> <span class='ocrx_word' id='word_1_35' title='bbox 325 795 357 847; x_wconf 89' lang='lat' dir='ltr'><strong>et</strong></span> <span class='ocrx_word' id='word_1_36' title='bbox 392 785 577 846; x_wconf 89' lang='lat' dir='ltr'><strong>differentiae</strong></span> <span class='ocrx_word' id='word_1_37' title='bbox 609 783 738 863; x_wconf 86' lang='lat' dir='ltr'><strong>partium</strong></span> <span class='ocrx_word' id='word_1_38' title='bbox 766 774 920 851; x_wconf 83' lang='grc' dir='ltr'><strong>ΒΑ,Αο</strong></span> <span class='ocrx_word' id='word_1_39' title='bbox 948 775 996 837; x_wconf 88' lang='lat' dir='ltr'><strong>vel</strong></span> <span class='ocrx_word' id='word_1_40' title='bbox 1025 792 1139 836; x_wconf 89' lang='lat' dir='ltr'><strong>summa</strong></span> <span class='ocrx_word' id='word_1_41' title='bbox 1167 771 1215 833; x_wconf 89' lang='lat' dir='ltr'><strong>vel</strong></span> <span class='ocrx_word' id='word_1_42' title='bbox 1253 768 1432 833; x_wconf 76' lang='lat' dir='ltr'><strong>differentia,</strong></span> 
     </span>
     <span class='ocr_line' id='line_1_6' title="bbox 117 858 1433 953; baseline -0.017 -15"><span class='ocrx_word' id='word_1_43' title='bbox 117 877 263 938; x_wconf 85' lang='lat' dir='ltr'><strong>seodern</strong></span> <span class='ocrx_word' id='word_1_44' title='bbox 286 875 406 938; x_wconf 85' lang='lat' dir='ltr'><strong>redibit.</strong></span> <span class='ocrx_word' id='word_1_45' title='bbox 451 875 530 936; x_wconf 87' lang='lat' dir='ltr'><strong>Nam</strong></span> <span class='ocrx_word' id='word_1_46' title='bbox 558 870 764 953; x_wconf 82' lang='lat' dir='ltr'><strong>rectaugulum</strong></span> <span class='ocrx_word' id='word_1_47' title='bbox 787 869 858 939; x_wconf 88' lang='lat' dir='ltr'><strong>BA,</strong></span> <span class='ocrx_word' id='word_1_48' title='bbox 883 864 939 930; x_wconf 84' lang='lat' dir='ltr'><strong>Ac</strong></span> <span class='ocrx_word' id='word_1_49' title='bbox 963 873 1011 927; x_wconf 88' lang='lat' dir='ltr'><strong>est</strong></span> <span class='ocrx_word' id='word_1_50' title='bbox 1033 864 1126 934; x_wconf 88' lang='lat' dir='ltr'><strong>idem,</strong></span> <span class='ocrx_word' id='word_1_51' title='bbox 1152 859 1229 942; x_wconf 94' lang='lat' dir='ltr'><strong>quod</strong></span> <span class='ocrx_word' id='word_1_52' title='bbox 1254 858 1433 941; x_wconf 88' lang='lat' dir='ltr'><strong>quadratum</strong></span> 
     </span>
     <span class='ocr_line' id='line_1_7' title="bbox 117 946 1434 1041; baseline -0.019 -11"><span class='ocrx_word' id='word_1_53' title='bbox 117 967 153 1030; x_wconf 84' lang='lat' dir='ltr'><strong>A.</strong></span> <span class='ocrx_word' id='word_1_54' title='bbox 191 966 243 1029; x_wconf 89' lang='lat' dir='ltr'><strong>Sic</strong></span> <span class='ocrx_word' id='word_1_55' title='bbox 266 964 436 1027; x_wconf 84' lang='lat' dir='ltr'><strong>differentia</strong></span> <span class='ocrx_word' id='word_1_56' title='bbox 458 970 679 1041; x_wconf 86' lang='lat' dir='ltr'><strong>segmentorum</strong></span> <span class='ocrx_word' id='word_1_57' title='bbox 693 960 760 1033; x_wconf 88' lang='lat' dir='ltr'><strong>BA,</strong></span> <span class='ocrx_word' id='word_1_58' title='bbox 779 955 836 1020; x_wconf 83' lang='lat' dir='ltr'><strong>AO</strong></span> <span class='ocrx_word' id='word_1_59' title='bbox 855 964 904 1018; x_wconf 91' lang='lat' dir='ltr'><strong>est</strong></span> <span class='ocrx_word' id='word_1_60' title='bbox 926 954 1008 1016; x_wconf 85' lang='lat' dir='ltr'><strong>nihil.</strong></span> <span class='ocrx_word' id='word_1_61' title='bbox 1045 952 1130 1016; x_wconf 88' lang='lat' dir='ltr'><strong>Nihil</strong></span> <span class='ocrx_word' id='word_1_62' title='bbox 1153 968 1225 1014; x_wconf 83' lang='lat' dir='ltr'><strong>vero</strong></span> <span class='ocrx_word' id='word_1_63' title='bbox 1249 946 1434 1011; x_wconf 86' lang='lat' dir='ltr'><strong>subtractum</strong></span> 
     </span>
    </p>
   </div>
   <div class='ocr_carea' id='block_1_3' title="bbox 117 1041 1054 1135">
    <p class='ocr_par' dir='ltr' id='par_1_3' title="bbox 117 1041 1054 1135">
     <span class='ocr_line' id='line_1_8' title="bbox 117 1041 1054 1135; baseline -0.015 -16"><span class='ocrx_word' id='word_1_64' title='bbox 117 1074 128 1119; x_wconf 83' lang='lat' dir='ltr'><strong>o</strong></span> <span class='ocrx_word' id='word_1_65' title='bbox 150 1055 210 1119; x_wconf 86' lang='lat' dir='ltr'><strong>AY</strong></span> <span class='ocrx_word' id='word_1_66' title='bbox 231 1053 375 1135; x_wconf 86' lang='lat' dir='ltr'><strong>relinquit</strong></span> <span class='ocrx_word' id='word_1_67' title='bbox 397 1053 465 1128; x_wconf 87' lang='lat' dir='ltr'><strong>AY,</strong></span> <span class='ocrx_word' id='word_1_68' title='bbox 490 1051 563 1115; x_wconf 89' lang='lat' dir='ltr'><strong>nihil</strong></span> <span class='ocrx_word' id='word_1_69' title='bbox 588 1051 722 1116; x_wconf 90' lang='lat' dir='ltr'><strong>additum</strong></span> <span class='ocrx_word' id='word_1_70' title='bbox 746 1049 785 1112; x_wconf 89' lang='lat' dir='ltr'><strong>ad</strong></span> <span class='ocrx_word' id='word_1_71' title='bbox 807 1045 867 1115; x_wconf 80' lang='lat' dir='ltr'><strong>AY</strong></span> <span class='ocrx_word' id='word_1_72' title='bbox 891 1043 963 1107; x_wconf 87' lang='lat' dir='ltr'><strong>facit</strong></span> <span class='ocrx_word' id='word_1_73' title='bbox 984 1041 1054 1107; x_wconf 88' lang='lat' dir='ltr'><strong>AY.</strong></span> 
     </span>
    </p>
   </div>
   <div class='ocr_carea' id='block_1_4' title="bbox 610 1213 1000 1279">
    <p class='ocr_par' dir='ltr' id='par_1_4' title="bbox 610 1213 1000 1279">
     <span class='ocr_line' id='line_1_9' title="bbox 610 1213 1000 1279; baseline -0.026 0"><span class='ocrx_word' id='word_1_74' title='bbox 610 1217 817 1279; x_wconf 79' lang='lat' dir='ltr'><strong>&#39;l&#39;heorema</strong></span> <span class='ocrx_word' id='word_1_75' title='bbox 839 1213 912 1276; x_wconf 89' lang='lat' dir='ltr'><strong>XV.</strong></span> <span class='ocrx_word' id='word_1_76' title='bbox 996 1257 1000 1269; x_wconf 87' lang='lat'><strong><em>.</em></strong></span> 
     </span>
    </p>
   </div>
   <div class='ocr_carea' id='block_1_5' title="bbox 117 1308 1443 3543">
    <p class='ocr_par' dir='ltr' id='par_1_5' title="bbox 117 1308 1435 1401">
     <span class='ocr_line' id='line_1_10' title="bbox 117 1308 1435 1401; baseline -0.012 -18"><span class='ocrx_word' id='word_1_77' title='bbox 117 1320 210 1383; x_wconf 82' lang='lat' dir='ltr'><strong>&#39;eteris</strong></span> <span class='ocrx_word' id='word_1_78' title='bbox 238 1320 426 1382; x_wconf 88' lang='lat' dir='ltr'><strong>manentibus</strong></span> <span class='ocrx_word' id='word_1_79' title='bbox 453 1328 487 1382; x_wconf 91' lang='lat' dir='ltr'><strong>nt</strong></span> <span class='ocrx_word' id='word_1_80' title='bbox 516 1321 616 1401; x_wconf 86' lang='lat' dir='ltr'><strong>prius,</strong></span> <span class='ocrx_word' id='word_1_81' title='bbox 647 1321 672 1382; x_wconf 89' lang='lat' dir='ltr'><strong>si</strong></span> <span class='ocrx_word' id='word_1_82' title='bbox 696 1330 830 1382; x_wconf 85' lang='lat' dir='ltr'><strong>centrum</strong></span> <span class='ocrx_word' id='word_1_83' title='bbox 853 1318 974 1381; x_wconf 91' lang='lat' dir='ltr'><strong>minoris</strong></span> <span class='ocrx_word' id='word_1_84' title='bbox 999 1316 1089 1379; x_wconf 89' lang='lat' dir='ltr'><strong>fuerit</strong></span> <span class='ocrx_word' id='word_1_85' title='bbox 1111 1315 1190 1376; x_wconf 90' lang='lat' dir='ltr'><strong>intra</strong></span> <span class='ocrx_word' id='word_1_86' title='bbox 1223 1308 1435 1374; x_wconf 89' lang='lat' dir='ltr'><strong>circumferen-</strong></span> 
     </span>
    </p>

    <p class='ocr_par' dir='ltr' id='par_1_6' title="bbox 118 1402 1435 1490">
     <span class='ocr_line' id='line_1_11' title="bbox 118 1402 1435 1490; baseline -0.014 -17"><span class='ocrx_word' id='word_1_87' title='bbox 118 1430 165 1473; x_wconf 80' lang='lat' dir='ltr'><strong>am</strong></span> <span class='ocrx_word' id='word_1_88' title='bbox 187 1410 325 1490; x_wconf 87' lang='lat' dir='ltr'><strong>majoris,</strong></span> <span class='ocrx_word' id='word_1_89' title='bbox 356 1411 617 1489; x_wconf 84' lang='lat' dir='ltr'><strong>rectangulum</strong></span> <span class='ocrx_word' id='word_1_90' title='bbox 647 1411 715 1472; x_wconf 88' lang='lat' dir='ltr'><strong>sub</strong></span> <span class='ocrx_word' id='word_1_91' title='bbox 743 1409 915 1490; x_wconf 90' lang='lat' dir='ltr'><strong>partibus</strong></span> <span class='ocrx_word' id='word_1_92' title='bbox 939 1406 1114 1468; x_wconf 90' lang='lat' dir='ltr'><strong>diametri</strong></span> <span class='ocrx_word' id='word_1_93' title='bbox 1140 1402 1308 1473; x_wconf 89' lang='lat' dir='ltr'><strong>minoris,</strong></span> <span class='ocrx_word' id='word_1_94' title='bbox 1340 1415 1435 1477; x_wconf 91' lang='lat' dir='ltr'><strong>quas</strong></span> 
     </span>
    </p>

    <p class='ocr_par' dir='ltr' id='par_1_7' title="bbox 118 1485 1436 1579">
     <span class='ocr_line' id='line_1_12' title="bbox 118 1485 1436 1579; baseline -0.011 -19"><span class='ocrx_word' id='word_1_95' title='bbox 118 1498 305 1579; x_wconf 87' lang='lat' dir='ltr'><strong>-isseparat</strong></span> <span class='ocrx_word' id='word_1_96' title='bbox 333 1498 644 1561; x_wconf 78' lang='lat' dir='ltr'><strong>circumferentia</strong></span> <span class='ocrx_word' id='word_1_97' title='bbox 672 1499 801 1578; x_wconf 87' lang='lat' dir='ltr'><strong>major,</strong></span> <span class='ocrx_word' id='word_1_98' title='bbox 834 1496 989 1578; x_wconf 90' lang='lat' dir='ltr'><strong>aequale</strong></span> <span class='ocrx_word' id='word_1_99' title='bbox 1020 1505 1077 1558; x_wconf 91' lang='lat' dir='ltr'><strong>est</strong></span> <span class='ocrx_word' id='word_1_100' title='bbox 1112 1488 1330 1570; x_wconf 82' lang='lat' dir='ltr'><strong>rectangulo</strong></span> <span class='ocrx_word' id='word_1_101' title='bbox 1372 1485 1436 1546; x_wconf 84' lang='lat' dir='ltr'><strong>sub</strong></span> 
     </span>
    </p>

    <p class='ocr_par' dir='ltr' id='par_1_8' title="bbox 121 1577 1436 1669">
     <span class='ocr_line' id='line_1_13' title="bbox 121 1577 1436 1669; baseline -0.013 -18"><span class='ocrx_word' id='word_1_102' title='bbox 121 1597 286 1669; x_wconf 75' lang='lat' dir='ltr'><strong>egmento</strong></span> <span class='ocrx_word' id='word_1_103' title='bbox 319 1588 491 1650; x_wconf 86' lang='lat' dir='ltr'><strong>diametri</strong></span> <span class='ocrx_word' id='word_1_104' title='bbox 524 1589 677 1669; x_wconf 89' lang='lat' dir='ltr'><strong>majoris</strong></span> <span class='ocrx_word' id='word_1_105' title='bbox 710 1588 858 1660; x_wconf 90' lang='lat' dir='ltr'><strong>minori,</strong></span> <span class='ocrx_word' id='word_1_106' title='bbox 892 1587 982 1666; x_wconf 94' lang='lat' dir='ltr'><strong>quod</strong></span> <span class='ocrx_word' id='word_1_107' title='bbox 1013 1586 1108 1648; x_wconf 91' lang='lat' dir='ltr'><strong>linea</strong></span> <span class='ocrx_word' id='word_1_108' title='bbox 1131 1602 1194 1663; x_wconf 90' lang='lat' dir='ltr'><strong>per</strong></span> <span class='ocrx_word' id='word_1_109' title='bbox 1218 1577 1436 1641; x_wconf 87' lang='lat' dir='ltr'><strong>sectiones</strong></span> 
     </span>
    </p>

    <p class='ocr_par' dir='ltr' id='par_1_9' title="bbox 118 1666 1436 1847">
     <span class='ocr_line' id='line_1_14' title="bbox 118 1666 1436 1754; baseline -0.013 -14"><span class='ocrx_word' id='word_1_110' title='bbox 118 1678 203 1753; x_wconf 80' lang='lat' dir='ltr'><strong>scit,</strong></span> <span class='ocrx_word' id='word_1_111' title='bbox 243 1687 279 1741; x_wconf 90' lang='lat' dir='ltr'><strong>et</strong></span> <span class='ocrx_word' id='word_1_112' title='bbox 306 1677 371 1741; x_wconf 93' lang='lat' dir='ltr'><strong>sub</strong></span> <span class='ocrx_word' id='word_1_113' title='bbox 405 1678 630 1740; x_wconf 82' lang='lat' dir='ltr'><strong>differentia</strong></span> <span class='ocrx_word' id='word_1_114' title='bbox 662 1679 763 1739; x_wconf 86' lang='lat' dir='ltr'><strong>int-er</strong></span> <span class='ocrx_word' id='word_1_115' title='bbox 795 1678 1011 1738; x_wconf 87' lang='lat' dir='ltr'><strong>diametrum</strong></span> <span class='ocrx_word' id='word_1_116' title='bbox 1047 1675 1220 1754; x_wconf 88' lang='lat' dir='ltr'><strong>majorem</strong></span> <span class='ocrx_word' id='word_1_117' title='bbox 1254 1666 1436 1730; x_wconf 86' lang='lat' dir='ltr'><strong>differen-</strong></span> 
     </span>
     <span class='ocr_line' id='line_1_15' title="bbox 385 1766 1142 1847; baseline -0.001 -19"><span class='ocrx_word' id='word_1_118' title='bbox 385 1767 552 1847; x_wconf 89' lang='lat' dir='ltr'><strong>tiamque</strong></span> <span class='ocrx_word' id='word_1_119' title='bbox 581 1768 770 1829; x_wconf 91' lang='lat' dir='ltr'><strong>dictarum</strong></span> <span class='ocrx_word' id='word_1_120' title='bbox 795 1766 948 1827; x_wconf 90' lang='lat' dir='ltr'><strong>minoris</strong></span> <span class='ocrx_word' id='word_1_121' title='bbox 971 1766 1142 1844; x_wconf 87' lang='lat' dir='ltr'><strong>partium.</strong></span> 
     </span>
    </p>

    <p class='ocr_par' dir='ltr' id='par_1_10' title="bbox 118 1846 1443 3543">
     <span class='ocr_line' id='line_1_16' title="bbox 179 1846 1438 1934; baseline -0.01 -16"><span class='ocrx_word' id='word_1_122' title='bbox 179 1856 249 1919; x_wconf 89' lang='lat' dir='ltr'><strong>Stet</strong></span> <span class='ocrx_word' id='word_1_123' title='bbox 281 1864 415 1917; x_wconf 88' lang='lat' dir='ltr'><strong>centrum</strong></span> <span class='ocrx_word' id='word_1_124' title='bbox 448 1857 569 1919; x_wconf 87' lang='lat' dir='ltr'><strong>minoris</strong></span> <span class='ocrx_word' id='word_1_125' title='bbox 602 1859 631 1920; x_wconf 89' lang='lat' dir='ltr'>A</span> <span class='ocrx_word' id='word_1_126' title='bbox 662 1857 741 1917; x_wconf 90' lang='lat' dir='ltr'><strong>intra</strong></span> <span class='ocrx_word' id='word_1_127' title='bbox 769 1856 1037 1917; x_wconf 83' lang='lat' dir='ltr'><strong>circumferentiam</strong></span> <span class='ocrx_word' id='word_1_128' title='bbox 1062 1854 1199 1934; x_wconf 90' lang='lat' dir='ltr'><strong>majoris,</strong></span> <span class='ocrx_word' id='word_1_129' title='bbox 1234 1859 1265 1912; x_wconf 87' lang='lat' dir='ltr'><strong>et</strong></span> <span class='ocrx_word' id='word_1_130' title='bbox 1294 1846 1334 1910; x_wconf 90' lang='lat' dir='ltr'><strong>sit</strong></span> <span class='ocrx_word' id='word_1_131' title='bbox 1359 1847 1438 1906; x_wconf 88' lang='lat' dir='ltr'><strong>linea</strong></span> 
     </span>
     <span class='ocr_line' id='line_1_17' title="bbox 118 1934 1437 2024; baseline -0.01 -17"><span class='ocrx_word' id='word_1_132' title='bbox 118 1944 258 2007; x_wconf 73' lang='lat' dir='ltr'><strong>actionum</strong></span> <span class='ocrx_word' id='word_1_133' title='bbox 281 1943 357 2019; x_wconf 83' lang='lat' dir='ltr'><strong>FG,</strong></span> <span class='ocrx_word' id='word_1_134' title='bbox 391 1964 497 2006; x_wconf 87' lang='lat' dir='ltr'><strong>secans</strong></span> <span class='ocrx_word' id='word_1_135' title='bbox 531 1947 649 2008; x_wconf 89' lang='lat' dir='ltr'><strong>ductam</strong></span> <span class='ocrx_word' id='word_1_136' title='bbox 673 1963 726 2024; x_wconf 89' lang='lat' dir='ltr'><strong>per</strong></span> <span class='ocrx_word' id='word_1_137' title='bbox 749 1945 789 2020; x_wconf 82' lang='lat' dir='ltr'><strong>K,</strong></span> <span class='ocrx_word' id='word_1_138' title='bbox 823 1945 906 2008; x_wconf 89' lang='lat' dir='ltr'><strong>Ain</strong></span> <span class='ocrx_word' id='word_1_139' title='bbox 930 1954 1039 2024; x_wconf 87' lang='lat' dir='ltr'><strong>puncto</strong></span> <span class='ocrx_word' id='word_1_140' title='bbox 1063 1946 1092 2015; x_wconf 88' lang='lat' dir='ltr'><strong>I,</strong></span> <span class='ocrx_word' id='word_1_141' title='bbox 1124 1945 1152 2003; x_wconf 92' lang='lat' dir='ltr'><strong>in</strong></span> <span class='ocrx_word' id='word_1_142' title='bbox 1177 1961 1235 2023; x_wconf 90' lang='lat' dir='ltr'><strong>qna</strong></span> <span class='ocrx_word' id='word_1_143' title='bbox 1257 1938 1314 2000; x_wconf 83' lang='lat' dir='ltr'><strong>EA</strong></span> <span class='ocrx_word' id='word_1_144' title='bbox 1338 1934 1437 1998; x_wconf 88' lang='lat' dir='ltr'><strong>coati-</strong></span> 
     </span>
     <span class='ocr_line' id='line_1_18' title="bbox 118 2026 1439 2115; baseline -0.01 -18"><span class='ocrx_word' id='word_1_145' title='bbox 118 2042 183 2097; x_wconf 75' lang='lat' dir='ltr'><strong>rata</strong></span> <span class='ocrx_word' id='word_1_146' title='bbox 210 2035 272 2096; x_wconf 87' lang='lat' dir='ltr'><strong>sint</strong></span> <span class='ocrx_word' id='word_1_147' title='bbox 293 2043 406 2115; x_wconf 87' lang='lat' dir='ltr'><strong>puncta</strong></span> <span class='ocrx_word' id='word_1_148' title='bbox 438 2035 694 2096; x_wconf 81' lang='lat' dir='ltr'><strong>circumferentiae</strong></span> <span class='ocrx_word' id='word_1_149' title='bbox 719 2035 841 2114; x_wconf 87' lang='lat' dir='ltr'><strong>majoris</strong></span> <span class='ocrx_word' id='word_1_150' title='bbox 863 2034 908 2109; x_wconf 90' lang='lat' dir='ltr'><strong>N,</strong></span> <span class='ocrx_word' id='word_1_151' title='bbox 941 2033 986 2101; x_wconf 93' lang='lat' dir='ltr'><strong>K,</strong></span> <span class='ocrx_word' id='word_1_152' title='bbox 1019 2032 1141 2095; x_wconf 88' lang='lat' dir='ltr'><strong>minoris</strong></span> <span class='ocrx_word' id='word_1_153' title='bbox 1165 2032 1204 2101; x_wconf 88' lang='lat' dir='ltr'><strong>L,</strong></span> <span class='ocrx_word' id='word_1_154' title='bbox 1241 2030 1288 2101; x_wconf 88' lang='lat' dir='ltr'><strong>M,</strong></span> <span class='ocrx_word' id='word_1_155' title='bbox 1319 2026 1439 2105; x_wconf 84' lang='lat' dir='ltr'><strong>sintque</strong></span> 
     </span>
     <span class='ocr_line' id='line_1_19' title="bbox 118 2116 1439 2205; baseline -0.006 -20"><span class='ocrx_word' id='word_1_156' title='bbox 118 2120 145 2192; x_wconf 82' lang='lat' dir='ltr'><strong>l,</strong></span> <span class='ocrx_word' id='word_1_157' title='bbox 163 2123 194 2184; x_wconf 85' lang='lat' dir='ltr'><strong>ll</strong></span> <span class='ocrx_word' id='word_1_158' title='bbox 217 2123 370 2184; x_wconf 86' lang='lat' dir='ltr'><strong>interiora.</strong></span> <span class='ocrx_word' id='word_1_159' title='bbox 422 2123 464 2184; x_wconf 83' lang='lat' dir='ltr'><strong>Et</strong></span> <span class='ocrx_word' id='word_1_160' title='bbox 486 2125 542 2200; x_wconf 89' lang='lat' dir='ltr'><strong>ipsi</strong></span> <span class='ocrx_word' id='word_1_161' title='bbox 566 2123 623 2185; x_wconf 93' lang='lat' dir='ltr'><strong>LK</strong></span> <span class='ocrx_word' id='word_1_162' title='bbox 646 2143 683 2184; x_wconf 86' lang='lat' dir='ltr'><strong>ex</strong></span> <span class='ocrx_word' id='word_1_163' title='bbox 707 2125 739 2184; x_wconf 91' lang='lat' dir='ltr'>M</span> <span class='ocrx_word' id='word_1_164' title='bbox 762 2122 897 2205; x_wconf 88' lang='lat' dir='ltr'><strong>aequalis</strong></span> <span class='ocrx_word' id='word_1_165' title='bbox 921 2142 1025 2184; x_wconf 78' lang='lat' dir='ltr'><strong>versus</strong></span> <span class='ocrx_word' id='word_1_166' title='bbox 1050 2122 1079 2183; x_wconf 88' lang='lat' dir='ltr'>A</span> <span class='ocrx_word' id='word_1_167' title='bbox 1103 2130 1237 2182; x_wconf 89' lang='lat' dir='ltr'><strong>centmm</strong></span> <span class='ocrx_word' id='word_1_168' title='bbox 1260 2116 1439 2178; x_wconf 84' lang='lat' dir='ltr'><strong>extendatur</strong></span> 
     </span>
     <span class='ocr_line' id='line_1_20' title="bbox 118 2201 1438 2293; baseline -0.005 -21"><span class='ocrx_word' id='word_1_169' title='bbox 118 2207 168 2286; x_wconf 87' lang='grc' dir='ltr'><strong>ΙΟ,</strong></span> <span class='ocrx_word' id='word_1_170' title='bbox 184 2219 220 2273; x_wconf 93' lang='lat' dir='ltr'><strong>ut</strong></span> <span class='ocrx_word' id='word_1_171' title='bbox 231 2209 291 2273; x_wconf 90' lang='grc' dir='ltr'><strong>ΚΟ</strong></span> <span class='ocrx_word' id='word_1_172' title='bbox 305 2213 346 2271; x_wconf 83' lang='lat' dir='ltr'><strong>sit</strong></span> <span class='ocrx_word' id='word_1_173' title='bbox 358 2211 526 2273; x_wconf 87' lang='lat' dir='ltr'><strong>differentia</strong></span> <span class='ocrx_word' id='word_1_174' title='bbox 536 2213 666 2293; x_wconf 90' lang='lat' dir='ltr'><strong>partium</strong></span> <span class='ocrx_word' id='word_1_175' title='bbox 675 2213 740 2283; x_wconf 84' lang='lat' dir='ltr'><strong>I.K,</strong></span> <span class='ocrx_word' id='word_1_176' title='bbox 752 2212 827 2282; x_wconf 91' lang='lat' dir='ltr'><strong>KM,</strong></span> <span class='ocrx_word' id='word_1_177' title='bbox 843 2222 872 2272; x_wconf 90' lang='lat' dir='ltr'><strong>et</strong></span> <span class='ocrx_word' id='word_1_178' title='bbox 888 2209 945 2273; x_wconf 86' lang='grc' dir='ltr'><strong>ΟΝ</strong></span> <span class='ocrx_word' id='word_1_179' title='bbox 961 2211 1130 2273; x_wconf 83' lang='lat' dir='ltr'><strong>differentia</strong></span> <span class='ocrx_word' id='word_1_180' title='bbox 1144 2210 1275 2289; x_wconf 85' lang='lat' dir='ltr'><strong>ipsarum</strong></span> <span class='ocrx_word' id='word_1_181' title='bbox 1286 2205 1355 2279; x_wconf 92' lang='lat' dir='ltr'><strong>NK,</strong></span> <span class='ocrx_word' id='word_1_182' title='bbox 1369 2201 1438 2266; x_wconf 86' lang='grc' dir='ltr'><strong>ΚΟ.</strong></span> 
     </span>
     <span class='ocr_line' id='line_1_21' title="bbox 118 2293 1438 2383; baseline -0.007 -20"><span class='ocrx_word' id='word_1_183' title='bbox 118 2298 169 2363; x_wconf 74' lang='lat' dir='ltr'><strong>diro</strong></span> <span class='ocrx_word' id='word_1_184' title='bbox 191 2302 396 2383; x_wconf 78' lang='lat' dir='ltr'><strong>rectangnlum</strong></span> <span class='ocrx_word' id='word_1_185' title='bbox 420 2302 475 2363; x_wconf 90' lang='lat' dir='ltr'><strong>sub</strong></span> <span class='ocrx_word' id='word_1_186' title='bbox 498 2302 568 2370; x_wconf 88' lang='lat' dir='ltr'><strong>LK,</strong></span> <span class='ocrx_word' id='word_1_187' title='bbox 603 2303 665 2363; x_wconf 91' lang='lat' dir='ltr'><strong>KM</strong></span> <span class='ocrx_word' id='word_1_188' title='bbox 688 2302 809 2379; x_wconf 88' lang='lat' dir='ltr'><strong>aequari</strong></span> <span class='ocrx_word' id='word_1_189' title='bbox 833 2301 1008 2375; x_wconf 70' lang='lat' dir='ltr'><strong>rectanpnlo</strong></span> <span class='ocrx_word' id='word_1_190' title='bbox 1032 2301 1086 2361; x_wconf 93' lang='lat' dir='ltr'><strong>snb</strong></span> <span class='ocrx_word' id='word_1_191' title='bbox 1109 2300 1168 2373; x_wconf 91' lang='lat' dir='ltr'><strong>Kl,</strong></span> <span class='ocrx_word' id='word_1_192' title='bbox 1202 2294 1270 2358; x_wconf 84' lang='lat' dir='ltr'><strong>ON.</strong></span> <span class='ocrx_word' id='word_1_193' title='bbox 1317 2296 1358 2358; x_wconf 87' lang='lat' dir='ltr'><strong>Ut</strong></span> <span class='ocrx_word' id='word_1_194' title='bbox 1383 2293 1438 2355; x_wconf 92' lang='lat' dir='ltr'><strong>hoc</strong></span> 
     </span>
     <span class='ocr_line' id='line_1_22' title="bbox 119 2382 1438 2471; baseline -0.008 -19"><span class='ocrx_word' id='word_1_195' title='bbox 119 2386 164 2452; x_wconf 85' lang='lat' dir='ltr'><strong>tine</strong></span> <span class='ocrx_word' id='word_1_196' title='bbox 193 2391 304 2470; x_wconf 82' lang='lat' dir='ltr'><strong>inagna</strong></span> <span class='ocrx_word' id='word_1_197' title='bbox 335 2391 535 2471; x_wconf 85' lang='lat' dir='ltr'><strong>perplexitate</strong></span> <span class='ocrx_word' id='word_1_198' title='bbox 569 2392 804 2464; x_wconf 85' lang='lat' dir='ltr'><strong>demonstretur,</strong></span> <span class='ocrx_word' id='word_1_199' title='bbox 836 2391 1009 2462; x_wconf 86' lang='lat' dir='ltr'><strong>considera,</strong></span> <span class='ocrx_word' id='word_1_200' title='bbox 1043 2389 1119 2468; x_wconf 89' lang='lat' dir='ltr'><strong>qnod</strong></span> <span class='ocrx_word' id='word_1_201' title='bbox 1144 2388 1187 2450; x_wconf 87' lang='lat' dir='ltr'><strong>lF</strong></span> <span class='ocrx_word' id='word_1_202' title='bbox 1212 2385 1253 2448; x_wconf 90' lang='lat' dir='ltr'><strong>sit</strong></span> <span class='ocrx_word' id='word_1_203' title='bbox 1276 2382 1438 2446; x_wconf 87' lang='lat' dir='ltr'><strong>communis</strong></span> 
     </span>
     <span class='ocr_line' id='line_1_23' title="bbox 119 2469 1439 2560; baseline -0.007 -20"><span class='ocrx_word' id='word_1_204' title='bbox 119 2480 350 2560; x_wconf 64' lang='lat' dir='ltr'><strong>mpeudicnlaris</strong></span> <span class='ocrx_word' id='word_1_205' title='bbox 375 2498 411 2539; x_wconf 83' lang='lat' dir='ltr'><strong>er</strong></span> <span class='ocrx_word' id='word_1_206' title='bbox 435 2487 543 2559; x_wconf 92' lang='lat' dir='ltr'><strong>puncto</strong></span> <span class='ocrx_word' id='word_1_207' title='bbox 567 2480 704 2555; x_wconf 76' lang='lat' dir='ltr'><strong>diametri</strong></span> <span class='ocrx_word' id='word_1_208' title='bbox 733 2480 748 2541; x_wconf 95' lang='lat' dir='ltr'>I</span> <span class='ocrx_word' id='word_1_209' title='bbox 772 2480 800 2541; x_wconf 95' lang='lat' dir='ltr'><strong>in</strong></span> <span class='ocrx_word' id='word_1_210' title='bbox 823 2489 978 2560; x_wconf 88' lang='lat' dir='ltr'><strong>utramque</strong></span> <span class='ocrx_word' id='word_1_211' title='bbox 1002 2477 1269 2540; x_wconf 87' lang='lat' dir='ltr'><strong>circumferentiam</strong></span> <span class='ocrx_word' id='word_1_212' title='bbox 1285 2475 1320 2536; x_wconf 81' lang='lat' dir='ltr'><strong>F.</strong></span> <span class='ocrx_word' id='word_1_213' title='bbox 1353 2469 1439 2543; x_wconf 87' lang='lat' dir='ltr'><strong>Qua-</strong></span> 
     </span>
     <span class='ocr_line' id='line_1_24' title="bbox 119 2560 1440 2648; baseline -0.008 -18"><span class='ocrx_word' id='word_1_214' title='bbox 119 2562 212 2630; x_wconf 69' lang='lat' dir='ltr'><strong>htum</strong></span> <span class='ocrx_word' id='word_1_215' title='bbox 246 2569 338 2647; x_wconf 79' lang='lat' dir='ltr'><strong>igitur</strong></span> <span class='ocrx_word' id='word_1_216' title='bbox 360 2569 402 2631; x_wconf 65' lang='lat'><strong>11⁴*</strong></span> <span class='ocrx_word' id='word_1_217' title='bbox 433 2569 558 2648; x_wconf 87' lang='lat' dir='ltr'><strong>aequale</strong></span> <span class='ocrx_word' id='word_1_218' title='bbox 592 2577 639 2631; x_wconf 89' lang='lat' dir='ltr'><strong>est</strong></span> <span class='ocrx_word' id='word_1_219' title='bbox 662 2570 837 2646; x_wconf 81' lang='lat' dir='ltr'><strong>rectangulo</strong></span> <span class='ocrx_word' id='word_1_220' title='bbox 870 2570 925 2630; x_wconf 91' lang='lat' dir='ltr'><strong>sub</strong></span> <span class='ocrx_word' id='word_1_221' title='bbox 949 2569 1006 2642; x_wconf 91' lang='lat' dir='ltr'><strong>Kl,</strong></span> <span class='ocrx_word' id='word_1_222' title='bbox 1044 2568 1088 2629; x_wconf 89' lang='lat' dir='ltr'><strong>IN</strong></span> <span class='ocrx_word' id='word_1_223' title='bbox 1112 2563 1276 2645; x_wconf 74' lang='lat' dir='ltr'><strong>segmentis</strong></span> <span class='ocrx_word' id='word_1_224' title='bbox 1300 2560 1440 2625; x_wconf 84' lang='lat' dir='ltr'><strong>diametri</strong></span> 
     </span>
     <span class='ocr_line' id='line_1_25' title="bbox 119 2653 1441 2738; baseline -0.002 -23"><span class='ocrx_word' id='word_1_225' title='bbox 119 2657 226 2734; x_wconf 79' lang='lat' dir='ltr'><strong>rajoris,</strong></span> <span class='ocrx_word' id='word_1_226' title='bbox 252 2659 377 2736; x_wconf 88' lang='lat' dir='ltr'><strong>aequale</strong></span> <span class='ocrx_word' id='word_1_227' title='bbox 402 2666 433 2718; x_wconf 86' lang='lat' dir='ltr'><strong>et</strong></span> <span class='ocrx_word' id='word_1_228' title='bbox 456 2660 629 2738; x_wconf 82' lang='lat' dir='ltr'><strong>rectangulo</strong></span> <span class='ocrx_word' id='word_1_229' title='bbox 654 2659 708 2719; x_wconf 82' lang='lat' dir='ltr'><strong>sub</strong></span> <span class='ocrx_word' id='word_1_230' title='bbox 732 2658 788 2730; x_wconf 93' lang='lat' dir='ltr'><strong>LI,</strong></span> <span class='ocrx_word' id='word_1_231' title='bbox 812 2660 859 2720; x_wconf 91' lang='grc' dir='ltr'><strong>ΙΜ</strong></span> <span class='ocrx_word' id='word_1_232' title='bbox 885 2657 1048 2736; x_wconf 81' lang='lat' dir='ltr'><strong>segmentis</strong></span> <span class='ocrx_word' id='word_1_233' title='bbox 1073 2654 1209 2717; x_wconf 87' lang='lat' dir='ltr'><strong>diametri</strong></span> <span class='ocrx_word' id='word_1_234' title='bbox 1227 2653 1359 2714; x_wconf 88' lang='lat' dir='ltr'><strong>minoris.</strong></span> <span class='ocrx_word' id='word_1_235' title='bbox 1394 2653 1441 2712; x_wconf 89' lang='lat' dir='ltr'><strong>Ac</strong></span> 
     </span>
     <span class='ocr_line' id='line_1_26' title="bbox 119 2740 1440 2828; baseline -0.002 -25"><span class='ocrx_word' id='word_1_236' title='bbox 119 2745 216 2807; x_wconf 80' lang='lat' dir='ltr'><strong>troinde</strong></span> <span class='ocrx_word' id='word_1_237' title='bbox 240 2748 414 2825; x_wconf 83' lang='lat' dir='ltr'><strong>rectangnla</strong></span> <span class='ocrx_word' id='word_1_238' title='bbox 438 2747 512 2807; x_wconf 90' lang='lat' dir='ltr'><strong>haec</strong></span> <span class='ocrx_word' id='word_1_239' title='bbox 536 2748 691 2828; x_wconf 89' lang='lat' dir='ltr'><strong>utrobique</strong></span> <span class='ocrx_word' id='word_1_240' title='bbox 716 2756 785 2808; x_wconf 81' lang='lat' dir='ltr'><strong>sunt</strong></span> <span class='ocrx_word' id='word_1_241' title='bbox 808 2749 885 2809; x_wconf 91' lang='lat' dir='ltr'><strong>inter</strong></span> <span class='ocrx_word' id='word_1_242' title='bbox 908 2766 940 2807; x_wconf 85' lang='lat' dir='ltr'><strong>se</strong></span> <span class='ocrx_word' id='word_1_243' title='bbox 957 2746 1102 2828; x_wconf 87' lang='lat' dir='ltr'><strong>aequalia.</strong></span> <span class='ocrx_word' id='word_1_244' title='bbox 1150 2745 1261 2805; x_wconf 92' lang='lat' dir='ltr'><strong>Verum</strong></span> <span class='ocrx_word' id='word_1_245' title='bbox 1285 2742 1361 2821; x_wconf 89' lang='lat' dir='ltr'><strong>quod</strong></span> <span class='ocrx_word' id='word_1_246' title='bbox 1385 2740 1440 2801; x_wconf 93' lang='lat' dir='ltr'><strong>sub</strong></span> 
     </span>
     <span class='ocr_line' id='line_1_27' title="bbox 119 2824 1438 2916; baseline -0.005 -18"><span class='ocrx_word' id='word_1_247' title='bbox 119 2824 213 2906; x_wconf 69' lang='grc' dir='ltr'><strong>[ΗΜ</strong></span> <span class='ocrx_word' id='word_1_248' title='bbox 237 2836 335 2911; x_wconf 87' lang='lat' dir='ltr'><strong>majus</strong></span> <span class='ocrx_word' id='word_1_249' title='bbox 359 2844 406 2897; x_wconf 86' lang='lat' dir='ltr'><strong>est</strong></span> <span class='ocrx_word' id='word_1_250' title='bbox 430 2855 475 2909; x_wconf 91' lang='lat' dir='ltr'><strong>eo,</strong></span> <span class='ocrx_word' id='word_1_251' title='bbox 500 2838 576 2915; x_wconf 85' lang='lat' dir='ltr'><strong>quod</strong></span> <span class='ocrx_word' id='word_1_252' title='bbox 603 2837 657 2898; x_wconf 90' lang='lat' dir='ltr'><strong>sub</strong></span> <span class='ocrx_word' id='word_1_253' title='bbox 677 2836 743 2909; x_wconf 88' lang='lat' dir='ltr'><strong>LK,</strong></span> <span class='ocrx_word' id='word_1_254' title='bbox 767 2837 815 2898; x_wconf 91' lang='grc' dir='ltr'><strong>ΙΜ</strong></span> <span class='ocrx_word' id='word_1_255' title='bbox 840 2837 1007 2916; x_wconf 86' lang='lat' dir='ltr'><strong>quantitate</strong></span> <span class='ocrx_word' id='word_1_256' title='bbox 1031 2836 1104 2912; x_wconf 89' lang='lat' dir='ltr'><strong>ejus,</strong></span> <span class='ocrx_word' id='word_1_257' title='bbox 1130 2835 1207 2914; x_wconf 85' lang='lat' dir='ltr'><strong>quod</strong></span> <span class='ocrx_word' id='word_1_258' title='bbox 1228 2832 1283 2895; x_wconf 88' lang='lat' dir='ltr'><strong>sub</strong></span> <span class='ocrx_word' id='word_1_259' title='bbox 1299 2831 1357 2904; x_wconf 90' lang='lat' dir='ltr'><strong>KI,</strong></span> <span class='ocrx_word' id='word_1_260' title='bbox 1379 2830 1438 2891; x_wconf 89' lang='lat' dir='ltr'><strong>IM.</strong></span> 
     </span>
     <span class='ocr_line' id='line_1_28' title="bbox 119 2911 1440 3005; baseline -0.005 -19"><span class='ocrx_word' id='word_1_261' title='bbox 119 2911 258 2986; x_wconf 72' lang='lat' dir='ltr'><strong>itmmune</strong></span> <span class='ocrx_word' id='word_1_262' title='bbox 283 2925 435 2986; x_wconf 87' lang='lat' dir='ltr'><strong>auferatur</strong></span> <span class='ocrx_word' id='word_1_263' title='bbox 459 2925 512 2999; x_wconf 89' lang='lat' dir='ltr'><strong>KI,</strong></span> <span class='ocrx_word' id='word_1_264' title='bbox 536 2927 596 2987; x_wconf 90' lang='lat' dir='ltr'><strong>IM.</strong></span> <span class='ocrx_word' id='word_1_265' title='bbox 644 2922 732 2995; x_wconf 84' lang='lat' dir='ltr'><strong>Quod</strong></span> <span class='ocrx_word' id='word_1_266' title='bbox 756 2943 828 3005; x_wconf 80' lang='lat' dir='ltr'><strong>ergo</strong></span> <span class='ocrx_word' id='word_1_267' title='bbox 854 2925 908 2986; x_wconf 86' lang='lat' dir='ltr'><strong>snb</strong></span> <span class='ocrx_word' id='word_1_268' title='bbox 928 2926 993 2998; x_wconf 88' lang='lat' dir='ltr'><strong>LK,</strong></span> <span class='ocrx_word' id='word_1_269' title='bbox 1017 2925 1066 2986; x_wconf 86' lang='lat' dir='ltr'><strong>llll</strong></span> <span class='ocrx_word' id='word_1_270' title='bbox 1086 2923 1211 3004; x_wconf 89' lang='lat' dir='ltr'><strong>aequale</strong></span> <span class='ocrx_word' id='word_1_271' title='bbox 1233 2921 1289 2983; x_wconf 90' lang='lat' dir='ltr'><strong>erit</strong></span> <span class='ocrx_word' id='word_1_272' title='bbox 1305 2922 1342 2993; x_wconf 91' lang='lat' dir='ltr'><strong>ei,</strong></span> <span class='ocrx_word' id='word_1_273' title='bbox 1363 2919 1440 2999; x_wconf 89' lang='lat' dir='ltr'><strong>qnod</strong></span> 
     </span>
     <span class='ocr_line' id='line_1_29' title="bbox 119 3006 1441 3096; baseline -0.003 -25"><span class='ocrx_word' id='word_1_274' title='bbox 119 3006 146 3070; x_wconf 79' lang='lat' dir='ltr'><strong>tl</strong></span> <span class='ocrx_word' id='word_1_275' title='bbox 168 3015 235 3086; x_wconf 91' lang='lat' dir='ltr'><strong>Kl,</strong></span> <span class='ocrx_word' id='word_1_276' title='bbox 262 3014 349 3089; x_wconf 66' lang='lat' dir='ltr'><strong>MN„</strong></span> <span class='ocrx_word' id='word_1_277' title='bbox 381 3014 512 3076; x_wconf 91' lang='lat' dir='ltr'><strong>Rursum</strong></span> <span class='ocrx_word' id='word_1_278' title='bbox 535 3024 644 3082; x_wconf 89' lang='lat' dir='ltr'><strong>antem,</strong></span> <span class='ocrx_word' id='word_1_279' title='bbox 669 3015 746 3096; x_wconf 91' lang='lat' dir='ltr'><strong>quod</strong></span> <span class='ocrx_word' id='word_1_280' title='bbox 771 3016 826 3074; x_wconf 91' lang='lat' dir='ltr'><strong>sub</strong></span> <span class='ocrx_word' id='word_1_281' title='bbox 849 3015 915 3089; x_wconf 92' lang='lat' dir='ltr'><strong>LK,</strong></span> <span class='ocrx_word' id='word_1_282' title='bbox 935 3016 983 3076; x_wconf 91' lang='grc' dir='ltr'><strong>ΙΜ</strong></span> <span class='ocrx_word' id='word_1_283' title='bbox 1005 3015 1101 3074; x_wconf 91' lang='lat' dir='ltr'><strong>minus</strong></span> <span class='ocrx_word' id='word_1_284' title='bbox 1125 3023 1174 3073; x_wconf 86' lang='lat' dir='ltr'><strong>est</strong></span> <span class='ocrx_word' id='word_1_285' title='bbox 1197 3030 1242 3084; x_wconf 91' lang='lat' dir='ltr'><strong>eo,</strong></span> <span class='ocrx_word' id='word_1_286' title='bbox 1267 3010 1344 3091; x_wconf 93' lang='lat' dir='ltr'><strong>qnod</strong></span> <span class='ocrx_word' id='word_1_287' title='bbox 1369 3027 1441 3087; x_wconf 88' lang='lat' dir='ltr'><strong>pro-</strong></span> 
     </span>
     <span class='ocr_line' id='line_1_30' title="bbox 119 3098 1440 3184; baseline -0.006 -19"><span class='ocrx_word' id='word_1_288' title='bbox 119 3103 202 3165; x_wconf 73' lang='lat' dir='ltr'><strong>mitio</strong></span> <span class='ocrx_word' id='word_1_289' title='bbox 227 3103 331 3177; x_wconf 90' lang='lat' dir='ltr'><strong>habet,</strong></span> <span class='ocrx_word' id='word_1_290' title='bbox 357 3104 411 3165; x_wconf 89' lang='lat' dir='ltr'><strong>sub</strong></span> <span class='ocrx_word' id='word_1_291' title='bbox 436 3103 501 3178; x_wconf 89' lang='lat' dir='ltr'><strong>LK,</strong></span> <span class='ocrx_word' id='word_1_292' title='bbox 527 3103 597 3176; x_wconf 91' lang='lat' dir='ltr'><strong>KM,</strong></span> <span class='ocrx_word' id='word_1_293' title='bbox 624 3104 793 3184; x_wconf 89' lang='lat' dir='ltr'><strong>quantitate</strong></span> <span class='ocrx_word' id='word_1_294' title='bbox 817 3104 892 3184; x_wconf 88' lang='lat' dir='ltr'><strong>ejus,</strong></span> <span class='ocrx_word' id='word_1_295' title='bbox 918 3104 995 3184; x_wconf 91' lang='lat' dir='ltr'><strong>quod</strong></span> <span class='ocrx_word' id='word_1_296' title='bbox 1020 3103 1075 3164; x_wconf 92' lang='lat' dir='ltr'><strong>sub</strong></span> <span class='ocrx_word' id='word_1_297' title='bbox 1099 3102 1165 3177; x_wconf 90' lang='lat' dir='ltr'><strong>LK,</strong></span> <span class='ocrx_word' id='word_1_298' title='bbox 1188 3101 1243 3161; x_wconf 87' lang='lat' dir='ltr'><strong>Kl.</strong></span> <span class='ocrx_word' id='word_1_299' title='bbox 1289 3098 1331 3161; x_wconf 84' lang='lat' dir='ltr'><strong>Et</strong></span> <span class='ocrx_word' id='word_1_300' title='bbox 1354 3098 1440 3160; x_wconf 88' lang='lat' dir='ltr'><strong>simi-</strong></span> 
     </span>
     <span class='ocr_line' id='line_1_31' title="bbox 119 3184 1440 3273; baseline -0.001 -25"><span class='ocrx_word' id='word_1_301' title='bbox 119 3198 174 3266; x_wconf 74' lang='lat' dir='ltr'><strong>ter,</strong></span> <span class='ocrx_word' id='word_1_302' title='bbox 202 3192 282 3272; x_wconf 93' lang='lat' dir='ltr'><strong>quod</strong></span> <span class='ocrx_word' id='word_1_303' title='bbox 306 3192 360 3253; x_wconf 88' lang='lat' dir='ltr'><strong>snb</strong></span> <span class='ocrx_word' id='word_1_304' title='bbox 384 3192 437 3264; x_wconf 89' lang='lat' dir='ltr'><strong>KI,</strong></span> <span class='ocrx_word' id='word_1_305' title='bbox 462 3193 525 3253; x_wconf 90' lang='lat' dir='ltr'><strong>MN</strong></span> <span class='ocrx_word' id='word_1_306' title='bbox 549 3193 645 3254; x_wconf 88' lang='lat' dir='ltr'><strong>minus</strong></span> <span class='ocrx_word' id='word_1_307' title='bbox 669 3203 717 3253; x_wconf 90' lang='lat' dir='ltr'><strong>est</strong></span> <span class='ocrx_word' id='word_1_308' title='bbox 741 3212 786 3265; x_wconf 89' lang='lat' dir='ltr'><strong>eo,</strong></span> <span class='ocrx_word' id='word_1_309' title='bbox 811 3193 888 3273; x_wconf 91' lang='lat' dir='ltr'><strong>quod</strong></span> <span class='ocrx_word' id='word_1_310' title='bbox 912 3192 1078 3272; x_wconf 85' lang='lat' dir='ltr'><strong>propositio</strong></span> <span class='ocrx_word' id='word_1_311' title='bbox 1101 3191 1194 3252; x_wconf 89' lang='lat' dir='ltr'><strong>habet</strong></span> <span class='ocrx_word' id='word_1_312' title='bbox 1225 3190 1279 3251; x_wconf 91' lang='lat' dir='ltr'><strong>sub</strong></span> <span class='ocrx_word' id='word_1_313' title='bbox 1296 3188 1351 3262; x_wconf 91' lang='lat' dir='ltr'><strong>Kl,</strong></span> <span class='ocrx_word' id='word_1_314' title='bbox 1372 3184 1440 3261; x_wconf 89' lang='lat' dir='ltr'><strong>ON,</strong></span> 
     </span>
     <span class='ocr_line' id='line_1_32' title="bbox 120 3276 1443 3360; baseline -0.003 -19"><span class='ocrx_word' id='word_1_315' title='bbox 120 3281 266 3344; x_wconf 76' lang='lat' dir='ltr'><strong>mutitare</strong></span> <span class='ocrx_word' id='word_1_316' title='bbox 289 3279 365 3359; x_wconf 88' lang='lat' dir='ltr'><strong>ejus,</strong></span> <span class='ocrx_word' id='word_1_317' title='bbox 389 3281 468 3360; x_wconf 85' lang='lat' dir='ltr'><strong>quod</strong></span> <span class='ocrx_word' id='word_1_318' title='bbox 491 3281 546 3343; x_wconf 89' lang='lat' dir='ltr'><strong>sub</strong></span> <span class='ocrx_word' id='word_1_319' title='bbox 569 3282 625 3356; x_wconf 87' lang='lat' dir='ltr'><strong>KI,</strong></span> <span class='ocrx_word' id='word_1_320' title='bbox 650 3279 721 3355; x_wconf 90' lang='lat' dir='ltr'><strong>OM,</strong></span> <span class='ocrx_word' id='word_1_321' title='bbox 747 3282 775 3342; x_wconf 91' lang='lat' dir='ltr'><strong>h.</strong></span> <span class='ocrx_word' id='word_1_322' title='bbox 802 3302 827 3345; x_wconf 90' lang='lat' dir='ltr'><strong>e.</strong></span> <span class='ocrx_word' id='word_1_323' title='bbox 853 3282 909 3344; x_wconf 92' lang='lat' dir='ltr'><strong>LK</strong></span> <span class='ocrx_word' id='word_1_324' title='bbox 943 3302 980 3342; x_wconf 83' lang='lat' dir='ltr'><strong>ex</strong></span> <span class='ocrx_word' id='word_1_325' title='bbox 1012 3279 1243 3343; x_wconf 89' lang='lat' dir='ltr'><strong>constructione.</strong></span> <span class='ocrx_word' id='word_1_326' title='bbox 1290 3276 1443 3359; x_wconf 85' lang='lat' dir='ltr'><strong>Aequalia</strong></span> 
     </span>
     <span class='ocr_line' id='line_1_33' title="bbox 120 3360 1442 3452; baseline -0.006 -19"><span class='ocrx_word' id='word_1_327' title='bbox 120 3360 182 3433; x_wconf 78' lang='lat' dir='ltr'><strong>ltnr</strong></span> <span class='ocrx_word' id='word_1_328' title='bbox 222 3370 343 3447; x_wconf 86' lang='lat' dir='ltr'><strong>aequali</strong></span> <span class='ocrx_word' id='word_1_329' title='bbox 376 3371 474 3452; x_wconf 89' lang='lat' dir='ltr'><strong>aliquo</strong></span> <span class='ocrx_word' id='word_1_330' title='bbox 504 3370 620 3432; x_wconf 90' lang='lat' dir='ltr'><strong>minora</strong></span> <span class='ocrx_word' id='word_1_331' title='bbox 652 3381 723 3432; x_wconf 87' lang='lat' dir='ltr'><strong>sunt</strong></span> <span class='ocrx_word' id='word_1_332' title='bbox 752 3371 788 3432; x_wconf 89' lang='lat' dir='ltr'><strong>iis</strong></span> <span class='ocrx_word' id='word_1_333' title='bbox 818 3391 893 3450; x_wconf 90' lang='lat' dir='ltr'><strong>quae</strong></span> <span class='ocrx_word' id='word_1_334' title='bbox 922 3371 1079 3452; x_wconf 90' lang='lat' dir='ltr'><strong>proposita</strong></span> <span class='ocrx_word' id='word_1_335' title='bbox 1102 3379 1185 3441; x_wconf 88' lang='lat' dir='ltr'><strong>sunt,</strong></span> <span class='ocrx_word' id='word_1_336' title='bbox 1219 3368 1355 3450; x_wconf 82' lang='lat' dir='ltr'><strong>quodque</strong></span> <span class='ocrx_word' id='word_1_337' title='bbox 1387 3384 1442 3428; x_wconf 90' lang='lat' dir='ltr'><strong>suo</strong></span> 
     </span>
     <span class='ocr_line' id='line_1_34' title="bbox 120 3453 1124 3543; baseline 0.005 -26"><span class='ocrx_word' id='word_1_338' title='bbox 120 3457 300 3543; x_wconf 81' lang='lat' dir='ltr'><strong>spondenti.</strong></span> <span class='ocrx_word' id='word_1_339' title='bbox 338 3459 433 3538; x_wconf 80' lang='lat' dir='ltr'><strong>Igitur</strong></span> <span class='ocrx_word' id='word_1_340' title='bbox 456 3470 487 3520; x_wconf 88' lang='lat' dir='ltr'><strong>et</strong></span> <span class='ocrx_word' id='word_1_341' title='bbox 509 3461 664 3539; x_wconf 90' lang='lat' dir='ltr'><strong>proposita</strong></span> <span class='ocrx_word' id='word_1_342' title='bbox 686 3461 765 3524; x_wconf 87' lang='lat' dir='ltr'><strong>inter</strong></span> <span class='ocrx_word' id='word_1_343' title='bbox 789 3479 821 3522; x_wconf 89' lang='lat' dir='ltr'><strong>se</strong></span> <span class='ocrx_word' id='word_1_344' title='bbox 845 3470 915 3522; x_wconf 92' lang='lat' dir='ltr'><strong>sunt</strong></span> <span class='ocrx_word' id='word_1_345' title='bbox 939 3453 1124 3541; x_wconf 81' lang='lat' dir='ltr'><strong>aequalia.¹)</strong></span> 
     </span>
    </p>
   </div>
   <div class='ocr_carea' id='block_1_6' title="bbox 612 3619 931 3686">
    <p class='ocr_par' dir='ltr' id='par_1_11' title="bbox 612 3619 931 3686">
     <span class='ocr_line' id='line_1_35' title="bbox 612 3619 931 3686; baseline 0.006 -5"><span class='ocrx_word' id='word_1_346' title='bbox 612 3619 821 3683; x_wconf 79' lang='lat' dir='ltr'><strong>&#39;l&#39;heorema</strong></span> <span class='ocrx_word' id='word_1_347' title='bbox 842 3620 931 3686; x_wconf 88' lang='lat' dir='ltr'><strong>XVI.</strong></span> 
     </span>
    </p>
   </div>
   <div class='ocr_carea' id='block_1_7' title="bbox 120 3724 1443 4966">
    <p class='ocr_par' dir='ltr' id='par_1_12' title="bbox 120 3724 1441 4252">
     <span class='ocr_line' id='line_1_36' title="bbox 120 3724 1441 3791; baseline 0.001 -4"><span class='ocrx_word' id='word_1_348' title='bbox 120 3738 254 3789; x_wconf 83' lang='lat' dir='ltr'><strong>ursum</strong></span> <span class='ocrx_word' id='word_1_349' title='bbox 282 3726 426 3787; x_wconf 85' lang='lat' dir='ltr'><strong>ceteris</strong></span> <span class='ocrx_word' id='word_1_350' title='bbox 458 3727 703 3788; x_wconf 88' lang='lat' dir='ltr'><strong>manentibus</strong></span> <span class='ocrx_word' id='word_1_351' title='bbox 726 3734 768 3788; x_wconf 92' lang='lat' dir='ltr'><strong>nt</strong></span> <span class='ocrx_word' id='word_1_352' title='bbox 791 3727 908 3791; x_wconf 91' lang='lat' dir='ltr'><strong>theor.</strong></span> <span class='ocrx_word' id='word_1_353' title='bbox 933 3727 1019 3790; x_wconf 85' lang='lat' dir='ltr'>XIV.</span> <span class='ocrx_word' id='word_1_354' title='bbox 1045 3727 1074 3787; x_wconf 87' lang='lat' dir='ltr'><strong>si</strong></span> <span class='ocrx_word' id='word_1_355' title='bbox 1098 3730 1266 3789; x_wconf 87' lang='lat' dir='ltr'><strong>centrn&#39;m</strong></span> <span class='ocrx_word' id='word_1_356' title='bbox 1290 3724 1441 3788; x_wconf 87' lang='lat' dir='ltr'><strong>minoris</strong></span> 
     </span>
     <span class='ocr_line' id='line_1_37' title="bbox 120 3814 1440 3896; baseline -0.002 -18"><span class='ocrx_word' id='word_1_357' title='bbox 120 3814 217 3878; x_wconf 77' lang='lat' dir='ltr'><strong>terit</strong></span> <span class='ocrx_word' id='word_1_358' title='bbox 245 3821 364 3875; x_wconf 86' lang='lat' dir='ltr'><strong>extra</strong></span> <span class='ocrx_word' id='word_1_359' title='bbox 386 3816 744 3878; x_wconf 88' lang='lat' dir='ltr'><strong>circumferentiam</strong></span> <span class='ocrx_word' id='word_1_360' title='bbox 759 3816 936 3895; x_wconf 87' lang='lat' dir='ltr'><strong>majoris:</strong></span> <span class='ocrx_word' id='word_1_361' title='bbox 960 3815 1219 3896; x_wconf 81' lang='lat' dir='ltr'><strong>rectangulum</strong></span> <span class='ocrx_word' id='word_1_362' title='bbox 1240 3814 1306 3882; x_wconf 89' lang='lat' dir='ltr'><strong>sub</strong></span> <span class='ocrx_word' id='word_1_363' title='bbox 1325 3814 1440 3894; x_wconf 92' lang='lat' dir='ltr'><strong>parti-</strong></span> 
     </span>
     <span class='ocr_line' id='line_1_38' title="bbox 120 3902 1440 3986; baseline 0.001 -22"><span class='ocrx_word' id='word_1_364' title='bbox 120 3917 165 3967; x_wconf 87' lang='lat' dir='ltr'><strong>us</strong></span> <span class='ocrx_word' id='word_1_365' title='bbox 190 3902 374 3965; x_wconf 88' lang='lat' dir='ltr'><strong>diametri</strong></span> <span class='ocrx_word' id='word_1_366' title='bbox 398 3905 567 3980; x_wconf 90' lang='lat' dir='ltr'><strong>minoris,</strong></span> <span class='ocrx_word' id='word_1_367' title='bbox 592 3924 683 3986; x_wconf 88' lang='lat' dir='ltr'><strong>quas</strong></span> <span class='ocrx_word' id='word_1_368' title='bbox 704 3905 939 3986; x_wconf 78' lang='lat' dir='ltr'><strong>disseparet</strong></span> <span class='ocrx_word' id='word_1_369' title='bbox 962 3903 1440 3981; x_wconf 76' lang='lat' dir='ltr'><strong>circumferentiamaJor,</strong></span> 
     </span>
     <span class='ocr_line' id='line_1_39' title="bbox 120 3992 1441 4076; baseline -0.001 -22"><span class='ocrx_word' id='word_1_370' title='bbox 120 3993 251 4076; x_wconf 68' lang='lat' dir='ltr'><strong>equale</strong></span> <span class='ocrx_word' id='word_1_371' title='bbox 276 4002 339 4052; x_wconf 88' lang='lat' dir='ltr'><strong>est</strong></span> <span class='ocrx_word' id='word_1_372' title='bbox 358 3996 592 4073; x_wconf 85' lang='lat' dir='ltr'><strong>rectangulo</strong></span> <span class='ocrx_word' id='word_1_373' title='bbox 612 3994 680 4056; x_wconf 90' lang='lat' dir='ltr'><strong>sub</strong></span> <span class='ocrx_word' id='word_1_374' title='bbox 700 4005 898 4074; x_wconf 86' lang='lat' dir='ltr'><strong>segmento</strong></span> <span class='ocrx_word' id='word_1_375' title='bbox 922 3995 1097 4055; x_wconf 88' lang='lat' dir='ltr'><strong>diametri</strong></span> <span class='ocrx_word' id='word_1_376' title='bbox 1120 3993 1277 4073; x_wconf 91' lang='lat' dir='ltr'><strong>majoris</strong></span> <span class='ocrx_word' id='word_1_377' title='bbox 1300 3992 1441 4067; x_wconf 91' lang='lat' dir='ltr'><strong>minori,</strong></span> 
     </span>
     <span class='ocr_line' id='line_1_40' title="bbox 120 4081 1440 4164; baseline 0.001 -23"><span class='ocrx_word' id='word_1_378' title='bbox 120 4083 187 4145; x_wconf 85' lang='lat' dir='ltr'><strong>uod</strong></span> <span class='ocrx_word' id='word_1_379' title='bbox 218 4081 318 4143; x_wconf 87' lang='lat' dir='ltr'><strong>facit</strong></span> <span class='ocrx_word' id='word_1_380' title='bbox 348 4081 449 4144; x_wconf 91' lang='lat' dir='ltr'><strong>linea</strong></span> <span class='ocrx_word' id='word_1_381' title='bbox 476 4102 543 4163; x_wconf 93' lang='lat' dir='ltr'><strong>per</strong></span> <span class='ocrx_word' id='word_1_382' title='bbox 572 4084 768 4145; x_wconf 89' lang='lat' dir='ltr'><strong>sectiones</strong></span> <span class='ocrx_word' id='word_1_383' title='bbox 798 4092 836 4144; x_wconf 89' lang='lat' dir='ltr'><strong>et</strong></span> <span class='ocrx_word' id='word_1_384' title='bbox 868 4084 935 4146; x_wconf 92' lang='lat' dir='ltr'><strong>sub</strong></span> <span class='ocrx_word' id='word_1_385' title='bbox 959 4085 1168 4164; x_wconf 88' lang='lat' dir='ltr'><strong>composita</strong></span> <span class='ocrx_word' id='word_1_386' title='bbox 1192 4102 1237 4143; x_wconf 81' lang='lat' dir='ltr'><strong>ex</strong></span> <span class='ocrx_word' id='word_1_387' title='bbox 1261 4082 1440 4142; x_wconf 87' lang='lat' dir='ltr'><strong>diametro</strong></span> 
     </span>
     <span class='ocr_line' id='line_1_41' title="bbox 256 4169 1354 4252; baseline 0.002 -22"><span class='ocrx_word' id='word_1_388' title='bbox 256 4169 395 4251; x_wconf 88' lang='lat' dir='ltr'><strong>majore</strong></span> <span class='ocrx_word' id='word_1_389' title='bbox 419 4182 457 4233; x_wconf 88' lang='lat' dir='ltr'><strong>et</strong></span> <span class='ocrx_word' id='word_1_390' title='bbox 481 4173 704 4234; x_wconf 87' lang='lat' dir='ltr'><strong>differentia</strong></span> <span class='ocrx_word' id='word_1_391' title='bbox 728 4173 908 4234; x_wconf 87' lang='lat' dir='ltr'><strong>dictarum</strong></span> <span class='ocrx_word' id='word_1_392' title='bbox 937 4173 1088 4235; x_wconf 89' lang='lat' dir='ltr'><strong>minoris</strong></span> <span class='ocrx_word' id='word_1_393' title='bbox 1111 4171 1281 4252; x_wconf 90' lang='lat' dir='ltr'><strong>partium.</strong></span> <span class='ocrx_word' id='word_1_394' title='bbox 1350 4227 1354 4233; x_wconf 86' lang='lat'><em>.</em></span> 
     </span>
    </p>

    <p class='ocr_par' dir='ltr' id='par_1_13' title="bbox 121 4256 1443 4966">
     <span class='ocr_line' id='line_1_42' title="bbox 182 4256 1442 4342; baseline -0.002 -21"><span class='ocrx_word' id='word_1_395' title='bbox 182 4256 258 4321; x_wconf 88' lang='lat' dir='ltr'><strong>Stet</strong></span> <span class='ocrx_word' id='word_1_396' title='bbox 289 4268 422 4322; x_wconf 90' lang='lat' dir='ltr'><strong>centrum</strong></span> <span class='ocrx_word' id='word_1_397' title='bbox 455 4261 630 4323; x_wconf 85' lang='lat' dir='ltr'><strong>minorisA</strong></span> <span class='ocrx_word' id='word_1_398' title='bbox 663 4270 750 4322; x_wconf 81' lang='lat' dir='ltr'><strong>extra</strong></span> <span class='ocrx_word' id='word_1_399' title='bbox 781 4262 1050 4323; x_wconf 84' lang='lat' dir='ltr'><strong>circumferentiam</strong></span> <span class='ocrx_word' id='word_1_400' title='bbox 1074 4260 1213 4342; x_wconf 82' lang='lat' dir='ltr'><strong>maJ&#39;oris,</strong></span> <span class='ocrx_word' id='word_1_401' title='bbox 1245 4267 1276 4321; x_wconf 89' lang='lat' dir='ltr'><strong>et</strong></span> <span class='ocrx_word' id='word_1_402' title='bbox 1299 4258 1338 4320; x_wconf 91' lang='lat' dir='ltr'><strong>sit</strong></span> <span class='ocrx_word' id='word_1_403' title='bbox 1361 4258 1442 4319; x_wconf 88' lang='lat' dir='ltr'><strong>linea</strong></span> 
     </span>
     <span class='ocr_line' id='line_1_43' title="bbox 121 4346 1443 4431; baseline -0.002 -19"><span class='ocrx_word' id='word_1_404' title='bbox 121 4348 270 4412; x_wconf 76' lang='lat' dir='ltr'><strong>tctionum</strong></span> <span class='ocrx_word' id='word_1_405' title='bbox 316 4346 381 4423; x_wconf 78' lang='grc' dir='ltr'><strong>ΡΟ,</strong></span> <span class='ocrx_word' id='word_1_406' title='bbox 406 4369 512 4427; x_wconf 85' lang='lat' dir='ltr'><strong>secans</strong></span> <span class='ocrx_word' id='word_1_407' title='bbox 537 4351 655 4411; x_wconf 90' lang='lat' dir='ltr'><strong>ductam</strong></span> <span class='ocrx_word' id='word_1_408' title='bbox 679 4370 732 4429; x_wconf 91' lang='lat' dir='ltr'><strong>per</strong></span> <span class='ocrx_word' id='word_1_409' title='bbox 754 4350 791 4419; x_wconf 88' lang='grc' dir='ltr'><strong>Ε,</strong></span> <span class='ocrx_word' id='word_1_410' title='bbox 817 4352 847 4413; x_wconf 88' lang='lat' dir='ltr'>A</span> <span class='ocrx_word' id='word_1_411' title='bbox 870 4351 899 4411; x_wconf 91' lang='lat' dir='ltr'><strong>in</strong></span> <span class='ocrx_word' id='word_1_412' title='bbox 922 4361 1033 4431; x_wconf 87' lang='lat' dir='ltr'><strong>puncto</strong></span> <span class='ocrx_word' id='word_1_413' title='bbox 1056 4350 1094 4428; x_wconf 91' lang='lat' dir='ltr'><strong>R,</strong></span> <span class='ocrx_word' id='word_1_414' title='bbox 1119 4352 1236 4430; x_wconf 83' lang='lat' dir='ltr'><strong>sintque</strong></span> <span class='ocrx_word' id='word_1_415' title='bbox 1260 4349 1287 4410; x_wconf 93' lang='lat' dir='ltr'><strong>iu</strong></span> <span class='ocrx_word' id='word_1_416' title='bbox 1312 4349 1366 4409; x_wconf 89' lang='lat' dir='ltr'><strong>hac</strong></span> <span class='ocrx_word' id='word_1_417' title='bbox 1389 4366 1443 4426; x_wconf 91' lang='lat' dir='ltr'><strong>per</strong></span> 
     </span>
     <span class='ocr_line' id='line_1_44' title="bbox 121 4436 1440 4519; baseline -0.001 -20"><span class='ocrx_word' id='word_1_418' title='bbox 121 4448 205 4515; x_wconf 74' lang='lat' dir='ltr'><strong>lutra</strong></span> <span class='ocrx_word' id='word_1_419' title='bbox 231 4436 323 4497; x_wconf 89' lang='lat' dir='ltr'><strong>ducta</strong></span> <span class='ocrx_word' id='word_1_420' title='bbox 348 4449 458 4514; x_wconf 92' lang='lat' dir='ltr'><strong>puncta</strong></span> <span class='ocrx_word' id='word_1_421' title='bbox 486 4438 740 4501; x_wconf 91' lang='lat' dir='ltr'><strong>circumferentiae</strong></span> <span class='ocrx_word' id='word_1_422' title='bbox 764 4441 886 4519; x_wconf 88' lang='lat' dir='ltr'><strong>majoris</strong></span> <span class='ocrx_word' id='word_1_423' title='bbox 909 4440 953 4514; x_wconf 91' lang='lat' dir='ltr'><strong>N,</strong></span> <span class='ocrx_word' id='word_1_424' title='bbox 986 4440 1015 4500; x_wconf 91' lang='lat' dir='ltr'><strong>K</strong></span> <span class='ocrx_word' id='word_1_425' title='bbox 1038 4448 1072 4501; x_wconf 90' lang='lat' dir='ltr'><strong>ut</strong></span> <span class='ocrx_word' id='word_1_426' title='bbox 1094 4440 1191 4519; x_wconf 80' lang='lat' dir='ltr'><strong>prins,</strong></span> <span class='ocrx_word' id='word_1_427' title='bbox 1219 4438 1340 4500; x_wconf 91' lang='lat' dir='ltr'><strong>minoris</strong></span> <span class='ocrx_word' id='word_1_428' title='bbox 1369 4455 1440 4498; x_wconf 86' lang='lat' dir='ltr'><strong>vern</strong></span> 
     </span>
     <span class='ocr_line' id='line_1_45' title="bbox 121 4520 1440 4610; baseline 0.003 -29"><span class='ocrx_word' id='word_1_429' title='bbox 121 4520 141 4601; x_wconf 76' lang='lat'><strong>3,</strong></span> <span class='ocrx_word' id='word_1_430' title='bbox 164 4523 286 4598; x_wconf 88' lang='lat' dir='ltr'><strong>S,·sed</strong></span> <span class='ocrx_word' id='word_1_431' title='bbox 309 4524 352 4596; x_wconf 88' lang='lat' dir='ltr'><strong>N,</strong></span> <span class='ocrx_word' id='word_1_432' title='bbox 376 4525 400 4586; x_wconf 88' lang='lat' dir='ltr'>S</span> <span class='ocrx_word' id='word_1_433' title='bbox 423 4527 581 4588; x_wconf 89' lang='lat' dir='ltr'><strong>interiora:</strong></span> <span class='ocrx_word' id='word_1_434' title='bbox 606 4526 716 4607; x_wconf 83' lang='lat' dir='ltr'><strong>stipsi</strong></span> <span class='ocrx_word' id='word_1_435' title='bbox 742 4528 795 4590; x_wconf 90' lang='lat' dir='ltr'><strong>SN</strong></span> <span class='ocrx_word' id='word_1_436' title='bbox 818 4530 952 4610; x_wconf 89' lang='lat' dir='ltr'><strong>aequalis</strong></span> <span class='ocrx_word' id='word_1_437' title='bbox 976 4529 1014 4590; x_wconf 90' lang='lat' dir='ltr'><strong>ab</strong></span> <span class='ocrx_word' id='word_1_438' title='bbox 1028 4528 1250 4590; x_wconf 87' lang='lat' dir='ltr'><strong>Hextendatur</strong></span> <span class='ocrx_word' id='word_1_439' title='bbox 1264 4527 1319 4588; x_wconf 90' lang='lat' dir='ltr'><strong>HZ</strong></span> <span class='ocrx_word' id='word_1_440' title='bbox 1335 4544 1440 4587; x_wconf 87' lang='lat' dir='ltr'><strong>versus</strong></span> 
     </span>
     <span class='ocr_line' id='line_1_46' title="bbox 121 4612 1438 4696; baseline -0.003 -19"><span class='ocrx_word' id='word_1_441' title='bbox 121 4658 133 4687; x_wconf 82' lang='lat'><strong>‚</strong></span> <span class='ocrx_word' id='word_1_442' title='bbox 156 4624 195 4678; x_wconf 84' lang='lat' dir='ltr'><strong>ut</strong></span> <span class='ocrx_word' id='word_1_443' title='bbox 218 4614 273 4676; x_wconf 89' lang='lat' dir='ltr'><strong>ZN</strong></span> <span class='ocrx_word' id='word_1_444' title='bbox 298 4613 340 4674; x_wconf 86' lang='lat' dir='ltr'><strong>sit</strong></span> <span class='ocrx_word' id='word_1_445' title='bbox 360 4614 528 4677; x_wconf 83' lang='lat' dir='ltr'><strong>differentia</strong></span> <span class='ocrx_word' id='word_1_446' title='bbox 551 4616 679 4694; x_wconf 89' lang='lat' dir='ltr'><strong>partium</strong></span> <span class='ocrx_word' id='word_1_447' title='bbox 702 4617 768 4684; x_wconf 90' lang='lat' dir='ltr'><strong>HN,</strong></span> <span class='ocrx_word' id='word_1_448' title='bbox 792 4617 854 4689; x_wconf 89' lang='lat' dir='ltr'><strong>NS,</strong></span> <span class='ocrx_word' id='word_1_449' title='bbox 881 4628 912 4678; x_wconf 90' lang='lat' dir='ltr'><strong>et</strong></span> <span class='ocrx_word' id='word_1_450' title='bbox 929 4617 983 4678; x_wconf 93' lang='lat' dir='ltr'><strong>ZK</strong></span> <span class='ocrx_word' id='word_1_451' title='bbox 1007 4636 1120 4679; x_wconf 88' lang='lat' dir='ltr'><strong>summa</strong></span> <span class='ocrx_word' id='word_1_452' title='bbox 1143 4617 1274 4696; x_wconf 88' lang='lat' dir='ltr'><strong>ipsarum</strong></span> <span class='ocrx_word' id='word_1_453' title='bbox 1290 4616 1358 4690; x_wconf 93' lang='lat' dir='ltr'><strong>KN,</strong></span> <span class='ocrx_word' id='word_1_454' title='bbox 1372 4612 1438 4676; x_wconf 89' lang='lat' dir='ltr'><strong>NZ.</strong></span> 
     </span>
     <span class='ocr_line' id='line_1_47' title="bbox 121 4690 1438 4785; baseline -0.003 -18"><span class='ocrx_word' id='word_1_455' title='bbox 121 4690 172 4767; x_wconf 71' lang='lat' dir='ltr'><strong>ico</strong></span> <span class='ocrx_word' id='word_1_456' title='bbox 194 4704 403 4781; x_wconf 74' lang='lat' dir='ltr'><strong>rectiangulum</strong></span> <span class='ocrx_word' id='word_1_457' title='bbox 418 4704 473 4766; x_wconf 88' lang='lat' dir='ltr'><strong>sub</strong></span> <span class='ocrx_word' id='word_1_458' title='bbox 488 4705 625 4784; x_wconf 88' lang='lat' dir='ltr'><strong>partibus</strong></span> <span class='ocrx_word' id='word_1_459' title='bbox 643 4705 710 4781; x_wconf 87' lang='lat' dir='ltr'><strong>HN,</strong></span> <span class='ocrx_word' id='word_1_460' title='bbox 735 4706 789 4769; x_wconf 89' lang='lat' dir='ltr'><strong>NS</strong></span> <span class='ocrx_word' id='word_1_461' title='bbox 804 4708 927 4785; x_wconf 87' lang='lat' dir='ltr'><strong>aequale</strong></span> <span class='ocrx_word' id='word_1_462' title='bbox 945 4726 1012 4768; x_wconf 90' lang='lat' dir='ltr'><strong>esse</strong></span> <span class='ocrx_word' id='word_1_463' title='bbox 1027 4706 1202 4785; x_wconf 86' lang='lat' dir='ltr'><strong>rectangulo</strong></span> <span class='ocrx_word' id='word_1_464' title='bbox 1216 4706 1271 4768; x_wconf 90' lang='lat' dir='ltr'><strong>sub</strong></span> <span class='ocrx_word' id='word_1_465' title='bbox 1290 4704 1358 4781; x_wconf 89' lang='lat' dir='ltr'><strong>RN,</strong></span> <span class='ocrx_word' id='word_1_466' title='bbox 1373 4702 1438 4764; x_wconf 90' lang='lat' dir='ltr'><strong>KZ.</strong></span> 
     </span>
     <span class='ocr_line' id='line_1_48' title="bbox 121 4790 1437 4877; baseline -0.003 -21"><span class='ocrx_word' id='word_1_467' title='bbox 121 4806 231 4856; x_wconf 68' lang='lat' dir='ltr'><strong>usum</strong></span> <span class='ocrx_word' id='word_1_468' title='bbox 254 4790 348 4867; x_wconf 88' lang='lat' dir='ltr'><strong>enim,</strong></span> <span class='ocrx_word' id='word_1_469' title='bbox 380 4802 413 4855; x_wconf 94' lang='lat' dir='ltr'><strong>ut</strong></span> <span class='ocrx_word' id='word_1_470' title='bbox 444 4795 525 4875; x_wconf 89' lang='lat' dir='ltr'><strong>prius</strong></span> <span class='ocrx_word' id='word_1_471' title='bbox 563 4794 714 4855; x_wconf 88' lang='lat' dir='ltr'><strong>mediante</strong></span> <span class='ocrx_word' id='word_1_472' title='bbox 742 4795 888 4857; x_wconf 88' lang='lat' dir='ltr'><strong>communi</strong></span> <span class='ocrx_word' id='word_1_473' title='bbox 918 4796 1155 4877; x_wconf 87' lang='lat' dir='ltr'><strong>perpendiculari</strong></span> <span class='ocrx_word' id='word_1_474' title='bbox 1179 4794 1234 4857; x_wconf 91' lang='lat' dir='ltr'><strong>RP</strong></span> <span class='ocrx_word' id='word_1_475' title='bbox 1261 4795 1437 4871; x_wconf 88' lang='lat' dir='ltr'><strong>inutraque</strong></span> 
     </span>
     <span class='ocr_line' id='line_1_49' title="bbox 121 4879 1439 4966; baseline -0.001 -19"><span class='ocrx_word' id='word_1_476' title='bbox 121 4883 211 4947; x_wconf 79' lang='lat' dir='ltr'><strong>reato</strong></span> <span class='ocrx_word' id='word_1_477' title='bbox 233 4882 465 4961; x_wconf 83' lang='lat' dir='ltr'><strong>demonstratur,</strong></span> <span class='ocrx_word' id='word_1_478' title='bbox 489 4883 628 4966; x_wconf 79' lang='lat' dir='ltr'><strong>aequalia</strong></span> <span class='ocrx_word' id='word_1_479' title='bbox 649 4884 835 4965; x_wconf 78' lang='lat' dir='ltr'><strong>recungula,</strong></span> <span class='ocrx_word' id='word_1_480' title='bbox 860 4886 938 4966; x_wconf 87' lang='lat' dir='ltr'><strong>quod</strong></span> <span class='ocrx_word' id='word_1_481' title='bbox 962 4886 1017 4950; x_wconf 87' lang='lat' dir='ltr'><strong>sub</strong></span> <span class='ocrx_word' id='word_1_482' title='bbox 1040 4884 1109 4961; x_wconf 85' lang='lat' dir='ltr'><strong>SR,</strong></span> <span class='ocrx_word' id='word_1_483' title='bbox 1131 4883 1204 4965; x_wconf 84' lang='lat' dir='ltr'><strong>RH,</strong></span> <span class='ocrx_word' id='word_1_484' title='bbox 1228 4894 1260 4947; x_wconf 89' lang='lat' dir='ltr'><strong>et</strong></span> <span class='ocrx_word' id='word_1_485' title='bbox 1282 4883 1360 4965; x_wconf 87' lang='lat' dir='ltr'><strong>quod</strong></span> <span class='ocrx_word' id='word_1_486' title='bbox 1383 4879 1439 4946; x_wconf 85' lang='lat' dir='ltr'><strong>sub</strong></span> 
     </span>
    </p>
   </div>
   <div class='ocr_carea' id='block_1_8' title="bbox 0 0 1655 5550">
    <p class='ocr_par' dir='ltr' id='par_1_14' title="bbox 0 0 1655 5550">
     <span class='ocr_line' id='line_1_50' title="bbox 0 0 1655 5550; baseline 0 0"><span class='ocrx_word' id='word_1_487' title='bbox 0 0 1655 5550; x_wconf 95' lang='lat' dir='ltr'><strong> </strong></span> 
     </span>
    </p>
   </div>
  </div>
 </body>
</html>
