3278 5550
612 316 673 380 tm
692 316 782 378 Prima
821 312 902 393 Caput
919 315 966 378 IV.

686 558 806 656 Caput
837 557 899 632 IV.

148 724 185 785 lle
203 719 443 805 aequipollentia
464 721 648 803 imperfecta
670 722 754 782 inter
776 716 935 801 duplicem
957 715 1130 798 epicqclum
1151 715 1188 776 la
1207 712 1400 776 coaccutcico
1422 704 1472 775 oet

334 808 626 892 eccentrepicqclum
648 817 679 871 et
699 809 783 871 irater
806 813 991 888 aequantem
1012 808 1047 869 in
1068 803 1249 867 ecceutm‘co.

91 942 93 959 '
213 950 261 1013 Sic
290 951 383 1030 igitur
406 970 454 1012 res
478 949 619 1023 haberet,
658 949 683 1011 si
707 950 790 1010 locus
814 956 896 1010 esset
918 947 1078 1030 hypothesi
1102 945 1229 1026 simplici
1253 939 1362 1023 capitis
1386 938 1471 1003 tertii

95 1076 100 1091 ·
147 1041 320 1102 1100110110
344 1041 528 1120 superiorum
551 1041 739 1119 planetarum
763 1038 979 1117 inaequalitate
1003 1038 1109 1117 prima.
1146 1036 1261 1097 Verum
1276 1031 1469 1094 Ptolemaeus

146 1131 169 1190 11
190 1131 374 1209 planetarum
397 1130 525 1207 primam
549 1137 581 1189 et
603 1129 770 1207 simplicem
795 1127 1042 1208 inaequalitatem
1071 1123 1337 1188 demonstrandam
1361 1138 1469 1200 opero-

145 1220 194 1279 siori
214 1220 304 1280 utitur
326 1218 498 1299 hypothesi.
1431 1276 1434 1281 ,

209 1307 320 1370 Ceutro
344 1307 370 1367 B
393 1311 553 1371 coibatur·
582 1309 771 1370 eccentrc'cue
793 1304 866 1380 DE,
900 1305 989 1389 majus
1015 1304 1229 1368 ecceutricitaa
1293 1300 1346 1365 rig.
1366 1295 1410 1347 ⁵²·

144 1399 170 1457 01
187 1398 246 1470 BA,
272 1404 308 1458 ut
330 1397 360 1458 A
382 1399 425 1460 alt
447 1395 534 1460 locres
563 1395 655 1460 ocull.
702 1397 786 1458 Acta
817 1393 903 1456 linea
920 1415 982 1475 per
1003 1392 1060 1455 BA
1088 1392 1227 1455 ostendet

91 1500 93 1509 ·
144 1486 203 1546 101)
231 1506 422 1568 apoqaeum,
452 1489 488 1549 ire
511 1487 750 1568 Fpescqaeum.
801 1485 844 1546 Ia
870 1484 930 1544 lcac
962 1481 1046 1545 linea
1076 1481 1226 1563 eupraB

91 1586 93 1611 ²
143 1575 257 1654 pallam
289 1574 383 1637 aliud
411 1575 465 1637 ΒΟ
499 1576 685 1638 emendatur
716 1572 846 1655 aequale
880 1573 945 1655 ipsi
974 1570 1040 1631 BA.
1093 1572 1170 1635 Em't
1202 1567 1227 1630 (i
1276 1622 1296 1667 Β
1444 1623 1460 1667 ὕ

140 1673 264 1744 punctam
302 1666 487 1745 aequantia,
520 1672 673 1747 punctum
708 1684 830 1747 nempe,
870 1663 958 1744 apud
987 1661 1071 1742 quod
1097 1661 1229 1743 planeta

141 1753 304 1833 aequalibus
332 1755 522 1835 temporibus
559 1753 683 1836 conficit
719 1751 867 1834 aequales
902 1750 1052 1834 aetquloe,
1087 1752 1229 1832 quamuis
1445 1772 1465 1815 0

140 1843 273 1905 circulum
294 1863 356 1904 101
379 1843 466 1906 circa
491 1842 515 1906 C
539 1844 595 1904 aed
618 1844 706 1905 circa
727 1842 753 1902 B
778 1841 910 1903 ordinet.
1292 1848 1295 1853 '

206 1931 391 2012 Cupernicus
428 1933 506 1994 hanc
543 1931 721 2014 hypothesin
767 1932 847 2010 (cap.
881 1926 911 1992 4.
953 1927 1006 1989 111).
1043 1928 1083 1990 V.
1123 1935 1157 1990 ut
1198 1936 1229 1990 et

138 2039 187 2100 cap.
210 2022 239 2083 7.
273 2021 324 2082 lib.
355 2020 427 2094 IV.)
460 2021 539 2082 inter
579 2028 681 2082 cetera
720 2019 777 2082 hcc
818 2037 932 2100 quoquc
971 2017 1089 2079 nomine
1130 2026 1227 2092 notat,

97 2182 102 2193 .
138 2111 195 2189 qnod
224 2122 333 2190 peccet
365 2109 396 2171 in
424 2109 572 2190 principia
607 2108 749 2192 physica,
789 2116 928 2170 statuens
962 2114 1061 2168 motus
1100 2107 1248 2172 coelorum
1285 2111 1473 2193 inaequales.

91 2204 103 2277 ξ
137 2196 257 2277 illigatur
281 2198 361 2263 enim
384 2188 411 2259 E
435 2209 577 2279 puuctum
601 2199 630 2259 in
654 2199 780 2272 circulo,
805 2217 891 2277 quem
915 2196 1038 2276 planeta
1067 2215 1189 2276 corpore
1213 2210 1375 2280 peragrat:
1398 2221 1474 2265 con-

91 2366 93 2371 ,
137 2298 316 2367 sectaturque
342 2307 407 2349 cum
432 2286 468 2362 O,
483 2288 521 2362 B,
542 2288 591 2350 A:
617 2296 648 2348 et
671 2288 712 2348 sit
732 2287 795 2366 jam
819 2286 904 2350 DCE
927 2294 1036 2358 rectus,
1063 2293 1096 2346 ut
1119 2296 1150 2348 et
1172 2285 1262 2352 ECF.
1302 2290 1378 2354 Cum
1401 2310 1473 2372 ergo

91 2382 103 2447 ,¹
138 2377 181 2438 sint
199 2377 303 2457 anguli
327 2375 357 2436 hi
381 2378 544 2456 aequales,
574 2377 733 2439 constituti
766 2395 871 2455 nempe
905 2373 1079 2454 aequalibus
1110 2377 1310 2454 temporibus,
1335 2379 1474 2444 0111011

142 2468 245 2528 exterior
272 2474 384 2545 aequet
399 2465 488 2541 CBE,
507 2465 587 2530 ΟΕΒ
611 2465 788 2527 interiores:
814 2484 885 2544 ergo
908 2471 995 2542 parte
1012 2461 1092 2525 CEB
1116 2464 1221 2527 ablata
1239 2468 1375 2531 residuus
1393 2468 1474 2532 CBE

147 2554 273 2617 relDBE
297 2554 394 2615 minor
417 2555 473 2617 erit
498 2574 587 2636 quam
609 2553 715 2629 DCE3
737 2554 838 2635 itaque
862 2553 941 2615 FBE
965 2552 1060 2632 major
1089 2572 1176 2632 quam
1200 2554 1284 2619 1)οΕ
1308 2558 1356 2619 101
1380 2556 1473 2620 FCE.

150 2639 256 2705 SelliE
283 2662 373 2705 arcus
396 2645 519 2707 metitur
542 2643 626 2706 DBE
649 2644 803 2723 angulum,
835 2650 867 2704 et
888 2642 942 2703 EF
965 2660 1053 2702 arcus
1085 2639 1225 2721 angulum
1248 2644 1347 2720 EBF3
1369 2646 1477 2708 vminor

91 2770 104 2841 1
149 2730 1476 2902 1111111111111111111111111111111·..111

145 2920 183 2980 11,
200 2930 267 2972 cum
292 2910 418 2991 planeta
441 2910 512 2973 orbe
535 2919 641 2972 vectus
664 2911 777 2973 incedit
800 2931 837 2972 cx
855 2912 884 2972 D
907 2911 936 2970 iu
953 2909 997 2984 E;
1021 2909 1119 2985 velox,
1144 2930 1210 2972 cum
1234 2912 1260 2974 it
1283 2931 1319 2973 ex
1341 2910 1369 2974 Ε
1392 2913 1423 2975 11
1440 2913 1475 2975 F.

142 2996 213 3061 lctus
234 3006 312 3078 'ergo
338 2999 419 3060 orbis
442 3001 555 3063 solidus
575 3000 640 3080 jam
663 3001 767 3074 velox,
793 3002 858 3080 jam
881 3000 986 3060 tardus
1015 3005 1072 3061 est.
1120 2996 1209 3071 Quod
1234 3000 1419 3081 Gopernicus
1443 3009 1476 3064 ut

140 3085 280 3150 absurdum
304 3087 411 3168 rejicit

91 3168 94 3172 ’
208 3176 329 3248 Quodsi
351 3177 446 3239 virtus
470 3196 592 3240 movens
615 3176 804 3257 praesideret
827 3177 891 3239 orbi
915 3176 1010 3239 solido
1027 3177 1216 3259 undiquaque
1231 3177 1389 3262 aequabili,
1413 3199 1473 3242 101

139 3282 193 3327 1010
223 3267 305 3328 1110
334 3267 491 3347 planetae,
521 3267 627 3328 merito
661 3266 736 3327 haec
765 3274 799 3327 ut
826 3266 957 3328 absurda
987 3273 1019 3327 01
1047 3285 1102 3347 ego
1126 3268 1291 3347 rejicerem.
1336 3269 1382 3331 At
1406 3270 1476 3350 quia

137 3355 211 3416 001111
234 3356 325 3416 orbes
349 3356 420 3417 nulli
445 3363 524 3430 sunt,
548 3355 616 3417 vide
640 3375 717 3417 nunc
733 3355 965 3417 concinnitatem
983 3356 1139 3437 physicam
1153 3356 1241 3435 hujus
1260 3358 1476 3441 hypotheseos,

137 3443 157 3503 si
175 3445 354 3524 paucissima
385 3452 556 3514 mutentur,
589 3445 624 3505 de
658 3445 764 3524 quibus
788 3445 874 3506 infra.
921 3444 1042 3506 Etenim
1066 3443 1175 3507 statuit
1198 3446 1274 3508 haec
1297 3447 1475 3528 hypothesis

137 3533 275 3613 (quamvis
299 3532 405 3611 ignaro
429 3533 617 3607 Ptolemaeo)
642 3533 716 3596 duas
739 3533 867 3594 virtutes
892 3533 1049 3606 matrices,
1074 3534 1179 3614 quibus
1202 3537 1327 3615 planeta
1349 3535 1477 3617 quilibet

136 3623 258 3684 rebatur.
304 3621 420 3683 Harum
444 3624 570 3685 alteram
593 3623 677 3702 ponit
701 3623 730 3684 in
754 3623 784 3683 A
808 3642 930 3702 corpore
962 3623 1055 3704 (quod
1079 3623 1109 3685 11
1133 3623 1347 3688 reformatione
1370 3632 1475 3686 astro-

135 3712 240 3772 nomiae
266 3710 437 3789 ipsissimus
461 3710 515 3774 Sol
532 3713 605 3786 erit)
629 3730 753 3792 eamque
778 3711 823 3773 ait
846 3712 914 3789 niti,
950 3721 984 3774 ut
1006 3714 1160 3791 planetam
1184 3713 1370 3794 circumagat
1394 3714 1475 3776 circa

136 3818 171 3871 00,
206 3799 261 3862 001
297 3800 410 3878 gradus
442 3800 551 3863 habere
583 3800 714 3862 infinitos
737 3820 791 3880 pro
815 3802 938 3863 infinitis
961 3803 1081 3882 punctis
1105 3801 1269 3863 distantiae
1293 3804 1332 3864 01)
1355 3804 1405 3866 A:
1430 3810 1474 3878 ut,

136 3889 202 3951 sicut
224 3898 273 3950 001
295 3888 360 3950 ΑΙ)
383 3889 567 3967 longissima,
591 3890 646 3952 AF
669 3890 856 3965 brevissima,
882 3891 925 3952 sic
948 3892 1073 3970 planeta
1097 3910 1212 3972 quoque
1236 3891 1331 3954 sitin
1354 3893 1382 3953 D
1406 3898 1474 3954 tar·
1509 3882 1518 3928 ¹

137 3977 280 4053 dissimus,
309 3976 340 4039 in
364 3978 390 4039 F
411 3979 638 4041 velocissimus:
672 3986 703 4040 01
725 3979 754 4040 11
780 3981 967 4054 universum,
992 3987 1027 4042 ut
1049 3980 1107 4042 AD
1132 3981 1170 4041 ad
1194 3979 1251 4041 ΑΕ
1275 3979 1319 4042 010
1343 3981 1475 4043 tarditas

137 4069 204 4146 apud
226 4069 255 4130 D
280 4057 319 4128 ad
342 4067 516 4129 tarditatem
542 4068 619 4149 apud
643 4065 680 4141 Ε,
705 4076 738 4130 11
760 4068 838 4130 infra
859 4070 975 4150 prolixe
999 4069 1254 4132 demonstrabitur
1267 4078 1356 4151 parte
1371 4069 1473 4133 tertia.

136 4156 264 4219 Alteram
286 4155 428 4217 virtutem
450 4158 605 4219 matricem
629 4157 733 4218 tribuit
755 4158 930 4238 hypothesis
954 4160 1013 4220 ista
1035 4160 1178 4240 planetae
1193 4157 1261 4238 ipsi,
1286 4159 1333 4220 cui
1350 4159 1473 4233 sufficit,

91 4280 94 4317 q
139 4248 230 4308 11101
255 4244 429 4308 fortitudine
454 4248 629 4326 angulorum
653 4247 700 4308 vel
732 4247 839 4309 intuitu
864 4248 1027 4310 crescentis
1052 4256 1083 4309 et
1106 4247 1308 4309 decrescentis
1332 4246 1471 4310 diametri

91 4326 95 4415 1
141 4330 208 4396 Solis
235 4353 306 4397 suos
338 4353 479 4398 accessus
508 4337 558 4396 101
585 4354 722 4396 recessus
750 4358 769 4397 a
792 4335 863 4398 Sole
893 4338 1063 4399 moderetur
1095 4336 1246 4417 faciatque
1271 4336 1472 4400 differentiam
1541 4341 1545 4353 “

142 4424 242 4486 101100
278 4422 442 4485 distantiae
480 4447 499 4487 a
526 4424 702 4503 longissima
725 4435 757 4486 et
779 4426 958 4488 brevissima
989 4426 1145 4507 aequalem
1168 4425 1227 4505 ipsi
1252 4425 1319 4488 AB.
1365 4428 1473 4514 Itaque

91 4540 94 4577 1
143 4509 314 4588 puuctnmC
346 4514 504 4594 aequantia
528 4513 601 4575 nihil
629 4514 711 4575 alind
739 4523 787 4579 001
810 4536 897 4597 quam
921 4515 1128 4596 compendium
1151 4515 1367 4593 geometricum
1390 4534 1477 4578 com-

147 4604 253 4674 putandi
267 4603 469 4682 ,aequationes
494 4622 531 4663 ex
553 4603 713 4684 hypothesi
736 4605 825 4683 plane
850 4607 984 4687 physica.
1044 4602 1161 4676 Quodsi
1192 4613 1293 4669 tamen
1326 4604 1377 4667 via
1404 4604 1475 4684 pla-

150 4700 220 4751 netae
242 4691 282 4753 sit
303 4690 455 4769 perfectus
478 4691 615 4764 circulus,
639 4690 682 4752 uti
706 4691 825 4772 quidem
848 4694 1021 4757 Ptolemaeo
1041 4692 1165 4775 placuit,
1189 4701 1308 4774 oportet
1321 4694 1479 4776 planetam

153 4773 251 4858 insuper
277 4787 308 4844 et
339 4797 459 4843 sensum
488 4780 617 4861 aliquem
648 4780 758 4843 hahere
789 4783 854 4862 ejus
878 4784 1044 4845 celeritatis
1067 4792 1099 4845 et
1122 4782 1294 4857 tarditatis,
1328 4802 1387 4865 qua
1408 4781 1475 4864 ipse

156 4870 303 4939 provehitur
322 4870 363 4932 01)
386 4871 484 4933 altera
507 4879 632 4934 externa
654 4869 779 4951 virtute,
809 4881 842 4934 ut
864 4873 903 4935 ad
923 4873 1012 4955 hujus
1025 4872 1214 4954 praescripta
1228 4872 1322 4935 etiam
1336 4890 1407 4937 suos
1421 4890 1478 4935 ac-
