3278 5550
704 258 866 373 moruch}
1391 258 1455 331 545

116 437 233 502 l'erram
258 438 358 514 ducta,
382 439 494 520 inqua
516 441 584 519 aliis
608 443 711 504 diebus
728 443 911 529 *copulantur
933 439 1099 504 luminaria.
1137 441 1190 504 .At
1212 439 1299 503 Luna
1322 459 1360 502 ex
1379 460 1454 521 qua-

117 526 174 590 iris
196 528 337 609 digressa
359 529 446 611 inque
470 531 585 610 copulis
608 541 759 607 versante,
780 536 895 614 ponunt
918 530 1008 594 istam
1023 531 1277 593 eocentricitatem
1296 531 1381 592 reddi
1394 530 1454 593 mi-

117 634 214 680 rorem
237 624 270 679 ot
290 624 418 692 tantam,
443 628 555 699 quanta
578 620 738 701 requiritur
761 622 798 682 ab
821 620 1082 683 observationibus
1104 619 1286 700 copularum.
1427 680 1455 695 ,.

195 704 243 769 At
265 708 335 770 dnm
358 725 413 787 ego
436 703 545 771 causas
565 718 698 772 motuum
717 728 754 772 ex
778 710 903 791 physica
923 727 1054 788 accerso,
1079 708 1182 770 videor
1197 708 1288 770 aliam
1304 707 1454 771 rationem

117 794 229 875 ngredi
265 796 385 858 debere.
444 795 478 860 Si
511 798 589 861 enim
621 798 830 863 eccentricitds
859 799 917 861 hoc
946 798 1064 860 nomine
1091 798 1125 859 fit
1148 796 1337 878 aequationis
1361 815 1454 861 eausa

117 882 252 965 tbpsica,
282 884 353 967 quia
375 886 578 950 semicirculus
595 885 738 969 superior
766 892 788 949 a'
807 889 890 949 fonte
912 886 1032 963 virtutis
1056 887 1150 949 distat
1172 885 1305 963 longius,
1330 902 1454 967 eamque

117 972 254 1037 intutam
275 993 335 1039 uon
357 974 402 1036 ita
424 974 533 1038 fortem
556 976 725 1057 experitur,
749 985 783 1039 nt
806 978 883 1039 alter
907 975 1062 1038 humilior:
1088 983 1188 1049 certe,
1218 974 1289 1037 Sole
1314 974 1454 1036 versante

117 1062 191 1125 droa
204 1062 309 1126 Lunae
333 1082 498 1144 apogaeum
513 1066 606 1147 (qnod
622 1073 740 1129 veteres
757 1064 861 1149 di'cnnt
878 1065 1014 1148 epicopali,
1039 1082 1094 1144 ego
1110 1066 1265 1138 ecoentri)‚
1290 1062 1377 1124 Luna
1387 1063 1453 1125 ideo

117 1150 295 1217 nanciscitur
315 1170 456 1233 magnam
471 1155 680 1235 aequationem
702 1156 731 1218 io
756 1155 888 1237 quadris,
912 1155 1064 1237 quianon
1087 1160 1203 1215 tantum
1220 1152 1303 1214 locus
1327 1152 1454 1232 apogaei

117 1248 183 1304 tunc
204 1241 323 1323 longius
346 1263 365 1303 a
386 1244 481 1305 Terra
504 1244 609 1321 distat,
633 1244 686 1307 sed
700 1245 777 1327 'ipsa
799 1245 889 1307 etiam
912 1245 999 1306 Luna
1021 1251 1091 1304 ante
1114 1241 1264 1304 octiduum
1287 1261 1353 1303 cum
1371 1240 1452 1316 Sole,

117 1326 216 1393 id'est
236 1331 267 1393 in
289 1331 357 1394 loco
381 1333 508 1413 apogaei
532 1334 638 1408 luerat,
661 1334 786 1396 multum
810 1343 880 1396 tunc
902 1333 1039 1395 aTerris
1053 1350 1085 1394 re
1101 1350 1172 1393 vera
1190 1339 1315 1404 remota,
1341 1350 1377 1393 ex
1394 1349 1452 1410 qno

118 1424 246 1500 tempora
274 1438 329 1502 per
355 1420 424 1482 dies
448 1430 515 1484 octo
538 1422 567 1484 in
591 1423 777 1503 languidiore
808 1424 920 1485 virtute
951 1440 1044 1503 usque
1073 1421 1110 1483 ad
1139 1422 1282 1500 quadram
1305 1427 1452 1500 promota,

118 1510 196 1572 tanto
218 1509 363 1591 majorem
381 1511 580 1574 accumulavit
602 1512 800 1575 differentiam
823 1520 921 1575 motus
953 1530 1006 1573 seu
1033 1510 1250 1593 aequationem.
1297 1506 1453 1583 Vicissim,

120 1596 185 1660 Sole
216 1598 292 1661 inter
322 1618 487 1680 apogaeum
517 1608 549 1662 et
579 1601 752 1680 perigaeum
783 1603 887 1664 Lunae
918 1600 1016 1665 medio
1040 1601 1105 1662 loeo
1129 1608 1285 1673 versante,
1315 1598 1400 1660 Lnna
1423 1599 1452 1659 in

122 1687 219 1767 oopnla
241 1707 308 1751 oum
330 1686 402 1751 Sole
426 1689 494 1751 ideo
518 1689 662 1753 minorem
685 1691 777 1752 lrabet
799 1690 1024 1772 aequationem,
1057 1688 1206 1771 quianon
1229 1694 1345 1750 tantum
1370 1688 1452 1749 locus
1537 1694 1543 1702 “

124 1776 236 1858 apogaei
264 1780 335 1840 tun'c
366 1778 486 1839 brevius
510 1800 528 1840 a
551 1781 646 1843 Terra
670 1780 778 1852 distat,
820 1781 873 1842 sed
896 1779 964 1859 ipsa
987 1779 1076 1841 etiam
1099 1778 1186 1839 Luna
1209 1784 1279 1838 ante
1303 1776 1452 1838 octiduum

120 1862 159 1929 *ire*
175 1865 300 1948 quadra,
342 1867 372 1929 id
405 1875 453 1929 est
481 1868 511 1930 in
541 1886 677 1951 apogaeo
707 1869 760 1932 illo
791 1870 905 1942 luerat,
937 1869 1035 1930 minus
1059 1889 1077 1928 a
1099 1866 1201 1929 Terris
1224 1874 1341 1929 remota
1364 1885 1452 1946 quam

126 1952 210 2035 ptius,
247 1974 312 2018 oum
344 1965 427 2019 esset
453 1976 617 2039 apogaeum
645 1977 712 2021 cnm
741 1958 823 2022 Sole.
873 1959 939 2021 Hoc
968 1957 1070 2039 itaque
1099 1963 1189 2036 paeto
1219 1955 1307 2036 plane
1329 1963 1452 2029 contra-

128 2040 189 2107 r'am
210 2046 311 2107 evenit
332 2046 406 2135 ejus,
431 2047 510 2126 qnod
532 2048 679 2129 putabant
702 2047 832 2111 artifices
854 2048 989 2128 priores,
1017 2052 1051 2110 ut
1073 2045 1249 2126 angustiora
1272 2045 1333 2106 sint
1355 2044 1452 2111 intet-

129 2128 193 2195 t'ella
214 2135 317 2196 Lunae
339 2135 522 2198 humillimae
546 2144 577 2199 et
600 2136 766 2199 altissimae
790 2137 818 2198 in
838 2136 961 2218 quadris
984 2155 1072 2217 quam
1095 2134 1126 2197 in
1150 2132 1284 2213 copulis,
1319 2152 1384 2194 cum
1399 2132 1474 2215 rili.

130 2216 229 2285 hxiora
244 2222 395 2298 iecissent,
419 2212 585 2308 magnaque
602 2227 643 2287 sit
658 2226 870 2307 eccentrioitas
880 2226 961 2288 orbis
976 2224 1089 2294 Lunae,
1114 2242 1172 2285 non
1193 2229 1225 2283 ut
1238 2223 1316 2302 apud
1333 2228 1453 2284 veteres

129 2300 238 2392 dagulis
262 2313 399 2394 quadris,
423 2314 478 2375 sed
500 2315 608 2391 rarius,
631 2314 767 2377 nimirum
783 2314 909 2395 vquoties
932 2313 987 2376 Sol
1010 2314 1039 2376 in
1063 2314 1171 2374 lineam
1192 2310 1329 2391 apsidum
1347 2311 1452 2372 Lunae

129 2394 232 2477 indit,
264 2402 342 2483 quod
369 2403 528 2483 quotannis
555 2406 590 2467 fit
610 2404 658 2466 bis
680 2404 769 2485 paulo
793 2404 899 2466 minos.
945 2403 1013 2466 Nisi
1035 2403 1112 2464 iorte
1136 2419 1257 2463 causam
1281 2401 1347 2480 quis
1370 2396 1454 2461 ditat

128 2484 201 2552 fliam
223 2490 312 2571 hujus
334 2498 507 2554 menstruae
526 2493 735 2575 aequationem
760 2492 961 2567 differentiae,
994 2491 1160 2572 cujusmodi
1184 2507 1239 2568 ego
1261 2489 1382 2570 quidem
1405 2489 1454 2550 in-

125 2578 263 2661 ¹vestigare
276 2576 343 2642 'non
366 2581 459 2660 potui.

198 2667 262 2731 Sed
277 2670 409 2732 adrem:
434 2678 466 2732 et
478 2671 589 2752 posito,
613 2673 691 2752 quod
706 2671 845 2753 aequatio
869 2667 907 2734 7⁰
929 2668 983 2736 28⁴
1007 2687 1089 2732 suam
1105 2686 1142 2729 ex
1160 2666 1208 2728 his
1228 2665 1327 2753 causis
1341 2665 1455 2727 habeat

124 2757 269 2839 ruginem,
283 2776 348 2821 oum
368 2759 433 2838 ejus
457 2759 540 2823 sinus
564 2761 604 2825 sit
630 2750 746 2836 13000,
770 2761 921 2823 dimidium
940 2756 1026 2824 6500
1046 2766 1128 2820 esset
1149 2755 1356 2818 eccentricitas
1372 2754 1452 2817 orbis

121 2834 225 2922 lunae,
246 2846 319 2909 Sole
342 2848 373 2910 in
397 2848 476 2910 linea
499 2850 635 2931 apsidum
658 2850 762 2913 Lunae
786 2859 936 2912 versante.
1336 2903 1339 2909 .

198 2938 234 2999 In
255 2938 416 2999 schemate
438 2938 531 3018 priori
555 2940 624 3013 (Nr.
650 2935 685 3013 6)
709 2939 751 3001 sit
772 2941 828 3002 AF
851 2933 951 3013 6500,
977 2936 1106 3017 qualium
1125 2935 1176 2997 FB
1203 2928 1340 3006 100000,
1364 2938 1399 2993 ut
1412 2931 1454 2994 sit

119 3018 163 3095 AB
191 3022 330 3099 106500,
352 3026 413 3089 ΑΙ)
435 3023 555 3091 93500.
587 3028 630 3091 Et
652 3028 693 3090 sit
710 3029 775 3108 jam
796 3025 1020 3108 angulnsBAC
1040 3023 1090 3088 15¹
1113 3020 1166 3086 8“.
1207 3023 1251 3085 Ut
1265 3021 1355 3100 igitur
1370 3028 1452 3082 totus
1578 3100 1581 3107 1

119 3104 146 3176 ld
167 3122 344 3195 tangentem
365 3115 450 3180 BAC
473 3113 548 3191 440,
573 3117 617 3178 sic
640 3117 696 3180 AB
720 3118 759 3179 ad
782 3117 835 3181 BG
859 3112 979 3196 468112.
1022 3113 1061 3178 Ei
1085 3131 1154 3174 vero
1175 3110 1310 3192 aequalis
1324 3117 1372 3171 est
1385 3109 1450 3172 DE.

119 3194 266 3285 ltigitnr
287 3206 347 3267 AD
370 3205 410 3266 ad
431 3200 502 3280 DE,
527 3206 570 3268 sio
593 3214 676 3268 totns
700 3207 739 3268 ad
762 3205 837 3279 501,
861 3213 1035 3285 tangentem
1058 3201 1158 3281 anguli
1185 3200 1236 3263 17⁴
1262 3197 1332 3265 13¹¹.
1370 3199 1449 3261 Dia-

119 3300 205 3356 retro
228 3293 321 3374 igitur
344 3311 479 3375 apogaea
501 3293 531 3355 in
555 3294 671 3376 copulis
693 3295 794 3375 posita
817 3293 869 3359 30⁴
897 3292 1134 3374 16“,=perigaea
1153 3290 1296 3351 evaderet
1310 3282 1364 3351 ³4¹
1387 3284 1452 3351 26⁴¹

120 3396 162 3445 no
196 3383 337 3463 scrupulo
367 3384 463 3464 major
490 3403 577 3464 qnam
606 3403 714 3465 snpra,
753 3404 840 3465 quum
868 3384 916 3446 llic
947 3401 1112 3465 apogaeum
1141 3397 1315 3458 usurpemus
1345 3384 1485 3457 quarta·x

120 3480 193 3536 arte
227 3470 372 3534 minorem
399 3491 488 3554 quam
511 3491 610 3554 supra.
656 3474 761 3555 Neque
791 3473 911 3549 dubito,
942 3474 968 3534 si
997 3468 1230 3553 speculationem
1263 3467 1339 3528 hanc
1362 3482 1451 3546 snper

120 3560 334 3625 ooentrioitate
358 3562 547 3640 comprobem
569 3562 752 3638 evidentius,
777 3563 845 3643 quio
871 3581 974 3625 omnes
996 3580 1043 3623 me
1070 3557 1185 3640 jussuri
1218 3555 1279 3618 sint
1305 3573 1370 3617 cnm
1395 3554 1450 3627 ob,-

120 3649 329 3715 trvationibus
352 3650 490 3714 diametri
514 3652 617 3714 Lunae
641 3671 733 3715 cansa
756 3652 898 3714 errorouli
926 3653 1001 3713 adeo
1025 3648 1144 3712 subtilis
1160 3643 1344 3724 transigere.
1386 3700 1389 3711 .

192 3739 255 3805 Hic
276 3738 370 3818 igitur
389 3740 495 3803 modus
518 3749 566 3803 est
587 3741 700 3822 primus
729 3760 766 3802 ex
789 3741 864 3803 totis
881 3739 1082 3819 semicirculis
1105 3735 1245 3799 circuitus
1263 3733 1451 3813 planetamm

120 3828 309 3897 ttiocinandi
334 3831 370 3892 de
393 3831 626 3903 eccentrioitate.

193 3916 338 3997 Sequitur
360 3917 447 3994 alter,
473 3920 522 3999 qni
546 3921 671 3981 eandem
694 3918 956 3982 ratiocinationem
975 3938 1012 3980 ex
1034 3920 1116 3978 motu
1136 3911 1256 3975 horario
1270 3911 1302 3974 in
1316 3910 1454 3991 apogaeo'

120 4007 304 4093 tperigaeo
327 4008 458 4071 deducit.
932 4080 935 4084 ⁴

191 4097 407 4162 Dsnomtravi
430 4097 461 4159 in
484 4094 650 4159 Commeat.
675 4097 712 4158 de
734 4097 866 4161 motibus
889 4096 1012 4172 Martis,
1035 4093 1257 4179 proportionem
1279 4089 1449 4153 diurnomm

121 4185 287 4269 t‚aplselio
327 4195 359 4249 et
384 4186 528 4266 perihelio
565 4187 686 4268 (quibus
718 4185 748 4246 in
782 4185 869 4248 Luna
900 4186 1082 4267 respondent
1116 4182 1279 4264 a'pogaeum
1307 4186 1339 4238 et
1366 4177 1449 4257 peri-

121 4279 229 4348 aeum)
259 4293 327 4336 esse
349 4276 380 4338 in
402 4276 593 4357 proportione
617 4274 709 4354 dupla
731 4293 838 4337 eversa
861 4275 1022 4352 lineamm,
1056 4291 1131 4355 qnae
1155 4290 1191 4332 ex
1214 4277 1315 4332 centro
1339 4269 1450 4328 Terrae

121 4384 133 4427 r
155 4364 286 4446 apogaei
309 4372 341 4426 et
361 4364 495 4446 perigaei
517 4365 586 4426 loca
599 4365 755 4427 ducuntur.
801 4365 1004 4426 Assumantnr
1018 4364 1110 4443 igitur
1126 4379 1162 4421 ex
1181 4358 1279 4438 capite
1294 4358 1332 4418 ll.
1356 4356 1449 4418 hora-

121 4453 165 4517 ins
190 4453 429 4535 motusapogaei
452 4450 504 4517 27¹
529 4450 581 4528 3⁴⁴,
605 4452 738 4533 perigaei
761 4450 815 4517 35‘
838 4450 914 4527 42⁴¹,
937 4451 967 4513 in
992 4448 1237 4533 oppositionibus.
1275 4445 1380 4525 Neque
1395 4464 1449 4507 nos

121 4543 208 4627 qrbet
230 4540 284 4603 illa
306 4543 526 4616 consideratio,
551 4543 628 4624 qnod
653 4542 779 4614 seimus,
805 4541 971 4604 admixtam
995 4559 1062 4603 esse
1086 4536 1334 4601 accelerationem
1357 4551 1449 4627 oopu-
1478 4570 1492 4595 .

121 4650 200 4697 erum
222 4630 358 4707 (Braheo
379 4631 639 4694 variationem
669 4631 813 4705 dictam):
842 4631 908 4711 jam
936 4630 1016 4692 enim
1044 4629 1092 4690 vel
1115 4627 1199 4708 ipsae
1224 4622 1449 4688 observationes

121 4727 215 4785 noent
250 4718 333 4782 illam
366 4721 613 4784 accelerationem
642 4720 674 4782 in
702 4719 808 4784 eadem
829 4718 1024 4802 proportione
1048 4736 1113 4781 cnm
1135 4712 1264 4779 horariis
1287 4710 1450 4774 admixtam
1523 4782 1527 4793 Ι

121 4812 175 4888 lin,
196 4816 301 4905 rqnnet
322 4809 413 4891 igitur
430 4809 583 4893 proportio
599 4811 705 4875 eadem
718 4808 808 4873 etiam
823 4810 855 4875 in
870 4809 1045 4890 compositis
1058 4806 1189 4872 motibus
1206 4802 1306 4877 (Euol.
1322 4801 1362 4864 V.
1378 4796 1446 4873 21).

179 4904 439 4968 mmmm
1206 4905 1240 4965 ³⁶
