3278 5550
146 286 213 361 m
680 285 957 356 amma

142 473 319 544 erepentium,
341 485 401 525 cum
420 488 476 525 non
495 476 592 540 posset
612 471 646 524 ad
660 470 774 541 regulas
788 472 926 534 reducere,
948 470 976 525 in
990 487 1070 526 casus
1085 467 1228 541 physicos
1244 465 1359 538 conjecit

142 570 300 626 persuasus,
322 566 448 605 numeros
468 567 531 605 suos
553 558 653 604 exacte
675 567 736 604 esse
757 550 948 604 constitutos.“
973 556 1027 607 Hoc
1051 571 1150 622 negans
1170 552 1359 606 demonstrat!

144 633 298 691 ,tabularum
320 642 433 679 numeros
458 628 522 679 solos
541 643 595 679 esse
613 630 639 678 in
657 629 757 693 culpa“,
776 628 939 678 differentiam
952 630 1041 679 calculi
1060 638 1086 677 ct
1104 629 1312 677 observationum
1328 641 1359 676 ss

142 719 183 754 sas
202 700 383 754 accidentarias
401 699 581 763 conjiciendum
599 714 660 752 esse.
680 699 724 749 scd
742 715 773 751 cx
791 701 997 750 observationibus
1016 698 1203 750 emendandum
1223 712 1282 749 essa
1301 697 1359 749 cde

127 776 292 825 ,servaticues
309 772 423 835 priorum,
442 770 587 824 Ptolemaei,
607 770 735 827 Waltbcri,
753 771 953 836 Regiomontani,
973 770 1109 835 Copernici,
1128 785 1162 819 ne
1176 769 1306 832 Tychorsis
1323 770 1359 834 qui

144 862 198 896 esse
216 845 304 909 ubique
323 843 499 899 exactissimos,
518 857 586 899 „uon
599 857 654 891 esse
672 856 704 891 es
721 845 805 892 omnia
822 844 882 891 satis
900 843 1030 908 diligenter
1047 844 1188 897 observata.
1208 855 1279 906 quae
1296 848 1359 890 tame

144 921 191 968 mis
209 917 265 966 viria
283 922 403 979 tanquam
422 915 487 963 omni
506 915 649 977 exceptione
667 917 762 976 majora
778 913 963 964 venditantur.‘¹
1000 914 1109 964 Causam
1127 913 1262 962 dimensum
1278 913 1305 962 iu
1323 912 1359 962 obs

145 998 189 1049 bus
207 996 272 1048 hane
292 1008 346 1046 esse
368 993 520 1058 dicitquod
543 987 655 1058 ,magni
675 987 734 1051 viri,
755 987 874 1043 inventis
894 988 1012 1059 propriis
1033 987 1144 1042 nimium
1165 987 1348 1048 confidentes,

143 1070 244 1125 tionem
265 1067 382 1122 strictim
403 1076 549 1130 enarrant,
577 1084 734 1137 processum
755 1075 861 1129 autem,
882 1085 961 1139 quem
983 1070 1009 1122 in
1031 1067 1205 1122 observando
1228 1074 1359 1121 tenuerun

143 1149 257 1206 candide
275 1147 453 1202 dissimulant.
494 1148 592 1219 Longe
613 1147 701 1221 magis
723 1147 842 1220 ingenue
863 1148 1047 1218 Keplerus,
1070 1147 1115 1219 qui
1136 1164 1192 1201 nou
1215 1147 1307 1201 solum
1327 1147 1359 1200 ob

144 1247 201 1293 nes,
224 1231 272 1282 sed
292 1235 322 1282 et
343 1229 449 1281 modum
471 1227 633 1281 observandi
655 1228 768 1282 candide
789 1228 867 1282 nobis
889 1227 1103 1282 communicavit.
1146 1226 1227 1282 Unde
1248 1227 1353 1281 iactum

141 1310 216 1365 illius
238 1307 445 1363 observationes
466 1308 523 1361 sint
542 1308 658 1361 aliorum
679 1308 796 1363 omnium
817 1308 960 1372 certiores,
990 1325 1023 1362 sc
1044 1307 1157 1378 proinde
1178 1323 1197 1359 a
1223 1324 1268 1361 me
1288 1306 1359 1360 maxi

142 1390 219 1446 Illius
233 1388 326 1460 igitur
346 1388 475 1457 exemplo
496 1405 588 1441 omnes
610 1389 762 1442 admonitos
782 1389 873 1451 velim,
895 1395 927 1443 ut
946 1393 1035 1442 totum
1056 1387 1223 1441 observandi
1244 1403 1359 1456 process

142 1486 195 1525 ncu
216 1469 370 1530 invideant;
399 1467 438 1522 sit
463 1468 530 1521 licet
548 1469 634 1538 paulo
654 1469 718 1538 plus
739 1469 854 1531 laboris,
882 1469 1006 1541 singulas
1027 1470 1161 1539 ambages
1182 1466 1322 1537 prolixius
1341 1484 1359 1520 n

143 1566 281 1621 uunquam
300 1556 393 1603 tamen
413 1549 568 1618 poenitebit
587 1547 734 1603 veritatem
754 1550 825 1603 tanti
846 1548 973 1603 emisse.“

230 1627 329 1678 Deinde
342 1640 430 1676 causas
448 1640 588 1683 recensens,
607 1641 671 1691 quac
682 1628 761 1690 ipsum
779 1628 905 1680 moverint
924 1636 953 1693 ut
965 1626 1094 1690 Copemici
1112 1626 1196 1675 muudi
1215 1626 1359 1675 theoriams

144 1700 229 1755 temet,
247 1699 357 1749 maxime
375 1713 404 1747 er
422 1705 492 1762 parte
504 1697 606 1761 Kepleri
624 1706 723 1747 secutus
741 1698 910 1763 Epitomen
929 1700 1011 1748 Astr.
1032 1696 1288 1760 copernicanae,
1307 1695 1359 1746 add

143 1772 209 1821 cius:
227 1769 291 1819 haec
303 1768 369 1833 apud
386 1769 503 1819 lectorem
520 1769 627 1832 praefari
639 1769 712 1827 volui,
731 1778 759 1819 ut
776 1771 871 1837 gratias
890 1783 987 1836 agerem
1007 1769 1145 1820 doctissimo
1163 1767 1282 1831 Keplero,
1301 1770 1359 1829 cuin

147 1854 202 1891 esse
220 1841 317 1896 iatecr,
345 1839 410 1904 qnod
435 1839 476 1889 hic
499 1855 548 1889 nou
576 1841 727 1898 caecutiams
755 1841 813 1890 mihi
832 1841 896 1890 enim
916 1856 970 1890 cnm
994 1840 1092 1905 reliquis
1111 1840 1203 1889 erranti
1222 1840 1320 1903 aperuit
1344 1838 1359 1887 il

148 1926 223 1976 quare
242 1912 277 1961 illi
296 1911 395 1976 quidem
412 1926 452 1960 me
470 1924 502 1963 ac
519 1925 577 1961 mea
595 1913 627 1968 (si
646 1926 696 1975 qus
713 1910 780 1973 snut)
799 1912 881 1962 deberi
899 1926 1024 1976 nunquam
1043 1927 1093 1961 non
1111 1911 1256 1960 muhtcbor.
1288 1909 1344 1959 Deo

143 1982 175 2034 0.
194 1982 230 2033 M.
250 1997 281 2033 ex
298 1983 380 2033 animo
399 1990 485 2047 grates
496 1996 551 2049 syc.
570 1983 635 2046 quod
653 1983 839 2047 pulcherrimam
851 1984 916 2035 hanc
935 1991 1008 2048 etque
1025 1983 1189 2034 humanarum
1202 1983 1312 2031 omnium
1324 1995 1359 2031 sus

144 2055 274 2105 veritatem
291 2053 488 2118 amplectendam
507 2056 663 2104 concesserit

229 2124 276 2175 nu
294 2124 459 2190 similibusque
476 2124 601 2189 permultis
628 2127 654 2174 in
672 2124 806 2189 chlerum
829 2125 942 2177 laudibus
961 2125 1091 2177 cumulatis
1117 2125 1252 2188 interponit
1268 2122 1359 2173 Horror

143 2196 253 2261 aprino
272 2195 369 2246 exordio
389 2196 588 2262 Lansbsrgii
611 2211 741 2247 censuram
758 2196 825 2247 haud
842 2199 923 2246 minus
942 2212 1054 2262 parem,
1073 2197 1145 2260 hujus
1164 2210 1257 2244 errores
1276 2210 1359 2257 sempe

142 2282 200 2318 rans
218 2282 274 2318 cum
291 2267 395 2331 Kepleri
412 2269 523 2324 meritis,
548 2282 599 2318 uon
617 2269 732 2317 omittens
750 2267 823 2333 alios,
847 2282 947 2332 qnorum
965 2283 1056 2318 nomen
1074 2269 1099 2317 in
1119 2268 1291 2316 astronomicis
1310 2266 1359 2329 pius

141 2339 264 2391 inclaruit.
300 2338 331 2388 In
349 2339 520 2402 comparandis
537 2354 559 2386 r.
580 2355 601 2391 c.
621 2340 791 2389 astronomicis
808 2340 982 2403 hypothesibus
1000 2341 1046 2404 ipsi
1064 2341 1190 2390 sententia
1207 2345 1273 2387 stet:
1292 2351 1359 2393 „cers

142 2412 209 2461 nium
226 2409 351 2459 mobilium
369 2416 407 2459 cst
423 2411 502 2474 ipsum
521 2408 583 2460 Solis
602 2424 702 2474 corpus,
721 2411 776 2461 ious
793 2419 890 2468 motus,
909 2427 959 2461 non
977 2419 1060 2461 autem
1078 2420 1197 2474 punctum
1214 2409 1317 2473 quodvis
1334 2424 1358 2457 m

142 2496 197 2531 cnm
216 2495 290 2546 prope
304 2478 394 2536 Solem,
413 2487 442 2530 ut
460 2496 587 2545 perperam
599 2488 713 2531 statuunt
725 2480 882 2546 (lopernicus,
901 2482 1022 2539 Braheus,
1041 2480 1224 2547 Lansbergius;
1243 2482 1285 2544 qui
1304 2479 1359 2544 qnid

144 2553 241 2620 bergius
258 2551 335 2602 multo
353 2553 433 2618 magis
452 2551 588 2616 culpandus
607 2559 653 2607 est,
671 2567 745 2617 qnam
763 2554 848 2618 reliqui
867 2553 922 2611 duc,
942 2568 971 2603 eo
989 2554 1053 2617 qnod
1071 2552 1166 2602 videret
1179 2552 1347 2601 doctissimum

142 2624 249 2688 opinioni
266 2624 307 2673 isti
331 2623 504 2673 adversantem
528 2638 670 2689 summaque
693 2625 716 2672 vi
740 2639 771 2675 ac
796 2624 939 2674 firmissimis
965 2625 1115 2689 uqnmentis
1142 2629 1346 2688 oppugnantem,

141 2695 223 2746 locum
250 2696 322 2745 cessit
347 2696 473 2746 veritati‘·
492 2720 528 2731 -
561 2694 603 2745 Sic
628 2710 773 2759 comparans
791 2696 899 2746 Tabulas
918 2699 1095 2747 astronomicas
1114 2695 1250 2753 contendit,
1268 2695 1359 2757 priorus

143 2767 284 2832 longissime
304 2781 320 2815 a
338 2768 441 2817 scritate
461 2767 559 2823 abesse,
586 2772 637 2816 tres
658 2774 755 2816 tantum
774 2782 840 2823 esse,
867 2783 966 2832 querum
994 2768 1094 2818 tabulae
1113 2765 1282 2830 respiciendos
1309 2768 1359 2815 sint

142 2845 295 2894 montanum,
314 2836 458 2899 Keplerum,
476 2837 663 2903 Lansbcrgium.
689 2838 761 2895 „Vsa
780 2839 866 2902 inquit,
886 2839 916 2888 de
935 2839 972 2889 his
992 2841 1140 2889 renuntiem
1161 2851 1244 2886 meam
1264 2837 1359 2887 brevite

143 2908 258 2973 Optimae
276 2915 334 2958 sunt
351 2907 594 2973 Rndclphinae,
623 2910 730 2972 proxime
748 2908 795 2958 illis
811 2910 934 2960 accedunt
952 2910 1112 2965 Danicae,
1132 2910 1291 2971 omniumque
1310 2918 1359 2970 ut]

142 2982 180 3029 ita
196 2980 318 3043 pessimae
337 2978 614 3046 Lansbergianee.
652 2981 933 3045 Longcmcntanus
958 2996 1072 3031 numeros
1090 2995 1139 3030 non
1157 2980 1223 3029 male
1243 2979 1355 3041 ordinat,

145 3051 254 3101 thesibus
273 3050 330 3100 solis
342 3057 438 3113 peccat,
458 3051 485 3101 K
493 3066 527 3114 ep
535 3051 620 3100 lerns
637 3058 767 3115 utrumque
779 3053 913 3103 rectissime
925 3052 995 3115 tacit,
1014 3050 1243 3116 Lensbergius
1254 3058 1359 3099 neutsun

144 3136 236 3172 errores
255 3122 279 3170 in
299 3123 450 3170 astronomia
473 3122 574 3171 abstulit
591 3121 827 3188 Longcmcntanus,
854 3123 928 3189 longe
946 3125 1028 3188 plures
1046 3123 1181 3187 Keplerus,
1205 3137 1267 3186 qnos
1285 3136 1359 3171 cmuei

143 3193 318 3258 Lansbergius.
341 3191 455 3256 Denique
474 3195 648 3245 astronomiam
667 3194 807 3245 emendarit
824 3194 1051 3261 Longomontanus,
1068 3194 1172 3260 perfecit
1189 3193 1241 3244 iere
1258 3192 1359 3256 Keplen

144 3266 205 3314 rium
223 3263 375 3326 perturbavit
392 3264 589 3328 Lansbergius.“

234 3334 454 3399 Lausbcrgius
471 3337 496 3384 in
515 3335 725 3394 „Uranometria“
745 3333 923 3404 (bliddelburgi
943 3334 1022 3397 1631)
1039 3337 1122 3392 idens,
1139 3336 1204 3401 quod
1222 3336 1346 3400 Keplerus

143 3402 254 3472 parcho'‘
272 3421 316 3455 suo
335 3405 510 3469 perficiendum
527 3408 573 3456 sibi
585 3413 752 3472 proposuerat.
773 3410 923 3474 aggreditur,
942 3408 1006 3459 Solis
1018 3408 1113 3459 scilicet
1130 3416 1156 3458 et
1168 3408 1256 3458 Lunae
1276 3415 1303 3457 et
1314 3406 1359 3456 Ter

145 3477 269 3528 uitudines
288 3483 313 3527 ot
331 3477 464 3527 intervalla
481 3482 629 3544 geometrico
648 3480 828 3538 demonstrare,
857 3495 915 3530 usus
939 3480 1137 3546 „diagrammate
1155 3477 1319 3543 Hipparchi-¹⁶
1354 3479 1359 3521 i

143 3550 212 3615 quasi
230 3562 258 3598 re
274 3548 339 3599 bene
357 3547 480 3607 coniecta,
498 3548 537 3603 bis
549 3551 640 3600 serbis:
652 3550 755 3614 Kepleri
773 3550 919 3615 hypotheses
932 3553 1011 3615 prima
1028 3552 1107 3600 ircnte
1120 3550 1234 3599 videntur
1251 3554 1359 3613 praestat

143 3621 222 3680 uicis,
247 3634 276 3670 eo
299 3620 364 3685 quod
380 3618 516 3684 Hipparchi
534 3620 707 3687 diagrammati
725 3622 885 3686 respondeum
910 3624 1016 3686 penitius
1034 3629 1119 3672 tamen
1137 3623 1266 3685 inspectae
1285 3633 1359 3669 nour

143 3693 234 3747 surdae
253 3705 308 3742 esse
326 3690 552 3757 deprehenduntur,
570 3707 644 3759 quam
663 3692 828 3756 Tychcnicae.
853 3695 924 3744 Facit
942 3695 1007 3743 enim
1025 3692 1147 3757 chlems
1166 3693 1359 3742 semidiametrm

143 3769 305 3828 apparentem
331 3763 358 3812 in
384 3765 491 3813 transitu
509 3764 596 3814 Lunae
620 3778 748 3830 apogaeas
766 3761 809 3812 Μ’
829 3764 895 3824 22”,
919 3770 1037 3829 putetque
1064 3764 1130 3815 banc
1147 3766 1267 3814 veriorem
1284 3776 1359 3814 esse«

146 3834 232 3899 Tyeho
250 3835 276 3884 in
294 3833 425 3897 eclipsibus
443 3834 530 3885 Lunae
549 3836 732 3891 demonstravit,
752 3831 802 3884 ⁴3⁴.
840 3835 889 3887 Sed
906 3836 978 3886 valde
996 3837 1088 3886 isllitur
1105 3837 1219 3899 opinione
1238 3849 1293 3884 sua.
1323 3832 1359 3884 Nc

147 3907 287 3963 stabimus,
305 3905 514 3956 semidiametrum
527 3907 628 3956 umbrae
640 3908 782 3956 intransitu
795 3907 882 3958 Lunae
901 3922 1028 3972 apogaese
1047 3906 1127 3957 adhuc
1145 3909 1264 3956 minorem
1276 3920 1331 3956 asse
1344 3903 1359 3953 'I

217 3976 290 4027 Unde
308 3976 466 4027 menifestum
484 3985 536 4038 est,
568 3978 672 4042 Keplsri
695 3978 841 4042 hypotheses
859 3995 907 4029 uon
929 3981 1010 4029 minus
1028 3979 1139 4029 laborare
1156 3979 1219 4028 ialso
1239 3986 1265 4027 et
1283 3978 1359 4028 absum

148 4048 310 4113 Tychonicaa
353 4046 425 4098 Haec
443 4055 470 4099 et
487 4050 549 4106 alia,
571 4064 636 4114 quse
654 4049 819 4114 Laneberqius
836 4053 862 4101 in
881 4051 1089 4109 „Uranometris”
1109 4057 1196 4100 conus
1212 4049 1349 4112 Kepleruuu

150 4118 231 4177 effert,
250 4118 457 4170 Horroccium
474 4128 608 4178 moverunt,
626 4128 655 4171 ut
666 4120 734 4170 illam
747 4135 865 4174 censurae
877 4136 937 4173 suae
949 4122 1087 4185 subjiceret,
1106 4123 1214 4186 itemque
1233 4121 1359 4186 ..diagrern

154 4199 186 4249 ad
204 4212 308 4250 namen
326 4207 461 4251 revocaret
498 4198 624 4252 Summam
641 4203 802 4267 inquisitionis
820 4217 880 4254 suae
897 4203 936 4253 his
953 4202 1135 4266 complectitur:
1165 4190 1196 4264 1)
1216 4195 1359 4267 hypothes

150 4272 242 4344 hergli
263 4290 317 4327 non
337 4271 438 4344 ubique
458 4272 511 4328 sibi
531 4282 667 4337 coustant,
689 4277 737 4329 sed
757 4278 893 4331 absurdae
914 4282 978 4331 suut
999 4294 1052 4331 uon
1071 4275 1158 4330 minus
1180 4292 1263 4348 quam
1283 4291 1356 4347 quae

153 4351 276 4422 nihilque
295 4351 356 4407 vitii
382 4354 417 4408 ab
442 4353 502 4425 ipso
533 4355 561 4409 in
582 4356 676 4427 quovis
698 4356 753 4411 alio
774 4364 912 4426 repertum
933 4363 988 4420 est,
1011 4358 1080 4426 quod
1101 4373 1155 4411 nou
1175 4355 1204 4410 iu
1226 4356 1283 4410 suis
1304 4357 1359 4411 etis

150 4431 277 4487 thesibus
292 4432 456 4498 inveniatur,
479 4451 511 4491 ac
531 4435 643 4506 proinde
664 4435 724 4507 ipse
744 4437 931 4509 Lausbergius
952 4436 1067 4491 solidam
1088 4436 1298 4509 diagrammatis
1318 4438 1359 4509 Hi]

153 4510 280 4567 notitiam
299 4530 355 4567 nou
378 4513 485 4572 habuit.
527 4511 559 4584 2)
581 4516 666 4571 Nemo
692 4524 736 4571 est
756 4525 984 4582 astronomorum,
1006 4534 1073 4587 quos
1094 4517 1142 4571 ille
1162 4523 1300 4581 recenset,
1321 4535 1359 4589 qu

154 4591 245 4647 omnia
273 4591 402 4659 sciverit,
430 4612 500 4665 quse
521 4613 570 4651 uos
592 4596 640 4651 ille
660 4597 764 4661 docuit,
793 4597 932 4667 Keplerus
960 4606 1052 4652 sutem
1081 4598 1155 4651 solus
1177 4597 1359 4671 diagrammsi

154 4672 306 4745 perfectam
335 4672 547 4748 intelligentiam
572 4678 679 4733 habuit.
723 4672 753 4745 3)
776 4679 953 4747 Hypctheses
973 4678 1022 4743 L.,
1048 4677 1100 4731 etsi
1131 4677 1183 4733 sibi
1204 4679 1359 4735 consentire

153 4762 249 4819 tsmep
269 4753 387 4815 omnium
406 4757 524 4817 maxime
546 4759 622 4814 coelo
643 4758 843 4824 dissentaueae,
864 4758 1053 4830 Keplerianac
1073 4759 1101 4815 iu
1116 4757 1240 4817 omuibus
1253 4761 1359 4819 veritat
