<?xml version="1.0" encoding="UTF-8"?>
<!DOCTYPE html PUBLIC "-//W3C//DTD XHTML 1.0 Transitional//EN"
    "http://www.w3.org/TR/xhtml1/DTD/xhtml1-transitional.dtd">
<html xmlns="http://www.w3.org/1999/xhtml" xml:lang="en" lang="en">
 <head>
  <title>
</title>
<meta http-equiv="Content-Type" content="text/html;charset=utf-8" />
  <meta name='ocr-system' content='tesseract 3.04.00' />
  <meta name='ocr-capabilities' content='ocr_page ocr_carea ocr_par ocr_line ocrx_word'/>
</head>
<body>
  <div class='ocr_page' id='page_1' title='image "./joanniskepleria12frisgoog/joanniskepleria12frisgoog_0518.png"; bbox 0 0 3278 5550; ppageno 0'>
   <div class='ocr_carea' id='block_1_1' title="bbox 486 1208 991 1318">
    <p class='ocr_par' dir='ltr' id='par_1_1' title="bbox 486 1208 991 1318">
     <span class='ocr_line' id='line_1_1' title="bbox 486 1208 991 1318; baseline -0.006 -2"><span class='ocrx_word' id='word_1_1' title='bbox 486 1208 991 1318; x_wconf 59' lang='lat' dir='ltr'><strong>PROOEMIUM,</strong></span> 
     </span>
    </p>
   </div>
   <div class='ocr_carea' id='block_1_2' title="bbox 110 1680 1497 4913">
    <p class='ocr_par' dir='ltr' id='par_1_2' title="bbox 110 1680 1497 4913">
     <span class='ocr_line' id='line_1_2' title="bbox 159 1680 1497 1772; baseline -0.007 -19"><span class='ocrx_word' id='word_1_2' title='bbox 159 1689 282 1754; x_wconf 89' lang='lat' dir='ltr'><strong>Passim</strong></span> <span class='ocrx_word' id='word_1_3' title='bbox 300 1688 330 1750; x_wconf 93' lang='lat' dir='ltr'><strong>in</strong></span> <span class='ocrx_word' id='word_1_4' title='bbox 345 1689 522 1769; x_wconf 79' lang='lat' dir='ltr'><strong>praemissis</strong></span> <span class='ocrx_word' id='word_1_5' title='bbox 538 1682 659 1772; x_wconf 86' lang='lat' dir='ltr'><strong>operum</strong></span> <span class='ocrx_word' id='word_1_6' title='bbox 669 1690 793 1772; x_wconf 87' lang='lat' dir='ltr'><strong>Kepleri</strong></span> <span class='ocrx_word' id='word_1_7' title='bbox 807 1689 1008 1753; x_wconf 90' lang='lat' dir='ltr'><strong>voluminibus</strong></span> <span class='ocrx_word' id='word_1_8' title='bbox 1024 1686 1154 1750; x_wconf 86' lang='lat' dir='ltr'><strong>occurrit</strong></span> <span class='ocrx_word' id='word_1_9' title='bbox 1170 1681 1282 1749; x_wconf 92' lang='lat' dir='ltr'><strong>mentio</strong></span> <span class='ocrx_word' id='word_1_10' title='bbox 1302 1680 1411 1763; x_wconf 85' lang='lat' dir='ltr'><strong>operis,</strong></span> <span class='ocrx_word' id='word_1_11' title='bbox 1494 1691 1497 1698; x_wconf 83' lang='grc'><strong>“</strong></span> 
     </span>
     <span class='ocr_line' id='line_1_3' title="bbox 111 1771 1414 1861; baseline -0.005 -20"><span class='ocrx_word' id='word_1_12' title='bbox 111 1781 148 1844; x_wconf 89' lang='lat' dir='ltr'><strong>od</strong></span> <span class='ocrx_word' id='word_1_13' title='bbox 171 1778 421 1842; x_wconf 86' lang='lat' dir='ltr'><strong>conscribendum</strong></span> <span class='ocrx_word' id='word_1_14' title='bbox 446 1780 503 1842; x_wconf 91' lang='lat' dir='ltr'><strong>sibi</strong></span> <span class='ocrx_word' id='word_1_15' title='bbox 525 1779 681 1861; x_wconf 75' lang='lat' dir='ltr'><strong>proposuit</strong></span> <span class='ocrx_word' id='word_1_16' title='bbox 704 1780 856 1860; x_wconf 89' lang='lat' dir='ltr'><strong>Keplerus</strong></span> <span class='ocrx_word' id='word_1_17' title='bbox 879 1778 1157 1858; x_wconf 88' lang='lat' dir='ltr'><strong>inscribendumque</strong></span> <span class='ocrx_word' id='word_1_18' title='bbox 1180 1774 1300 1839; x_wconf 90' lang='lat' dir='ltr'><strong>censuit</strong></span> <span class='ocrx_word' id='word_1_19' title='bbox 1321 1771 1414 1851; x_wconf 86' lang='lat' dir='ltr'><strong>Hip·</strong></span> 
     </span>
     <span class='ocr_line' id='line_1_4' title="bbox 111 1860 1414 1948; baseline -0.007 -16"><span class='ocrx_word' id='word_1_20' title='bbox 111 1870 261 1934; x_wconf 79' lang='lat' dir='ltr'><strong>rrchum.</strong></span> <span class='ocrx_word' id='word_1_21' title='bbox 308 1867 473 1930; x_wconf 80' lang='lat' dir='ltr'><strong>Volumina</strong></span> <span class='ocrx_word' id='word_1_22' title='bbox 494 1869 521 1932; x_wconf 92' lang='grc' dir='ltr'><strong>Ι.</strong></span> <span class='ocrx_word' id='word_1_23' title='bbox 549 1876 582 1931; x_wconf 82' lang='grc' dir='ltr'>ει</span> <span class='ocrx_word' id='word_1_24' title='bbox 602 1870 675 1932; x_wconf 88' lang='lat' dir='ltr'><strong>XV.</strong></span> <span class='ocrx_word' id='word_1_25' title='bbox 700 1868 974 1948; x_wconf 87' lang='lat' dir='ltr'><strong>Manuscriptorum</strong></span> <span class='ocrx_word' id='word_1_26' title='bbox 1003 1865 1243 1931; x_wconf 77' lang='lat' dir='ltr'><strong>Pulkowensium</strong></span> <span class='ocrx_word' id='word_1_27' title='bbox 1270 1860 1414 1924; x_wconf 76' lang='lat' dir='ltr'>exhibent</span> 
     </span>
     <span class='ocr_line' id='line_1_5' title="bbox 111 1952 1413 2039; baseline -0.007 -18"><span class='ocrx_word' id='word_1_28' title='bbox 111 1978 218 2039; x_wconf 82' lang='lat' dir='ltr'><strong>,quae</strong></span> <span class='ocrx_word' id='word_1_29' title='bbox 241 1975 296 2037; x_wconf 91' lang='lat' dir='ltr'><strong>per</strong></span> <span class='ocrx_word' id='word_1_30' title='bbox 311 1957 421 2019; x_wconf 90' lang='lat' dir='ltr'><strong>multos</strong></span> <span class='ocrx_word' id='word_1_31' title='bbox 436 1976 530 2020; x_wconf 90' lang='lat' dir='ltr'><strong>anuos</strong></span> <span class='ocrx_word' id='word_1_32' title='bbox 544 1958 694 2039; x_wconf 84' lang='lat' dir='ltr'><strong>Keplerns</strong></span> <span class='ocrx_word' id='word_1_33' title='bbox 718 1959 747 2020; x_wconf 92' lang='lat' dir='ltr'><strong>in</strong></span> <span class='ocrx_word' id='word_1_34' title='bbox 770 1958 819 2021; x_wconf 89' lang='lat' dir='ltr'><strong>his</strong></span> <span class='ocrx_word' id='word_1_35' title='bbox 842 1957 951 2021; x_wconf 87' lang='lat' dir='ltr'><strong>studiis</strong></span> <span class='ocrx_word' id='word_1_36' title='bbox 974 1956 1112 2037; x_wconf 78' lang='lat' dir='ltr'><strong>profecit,</strong></span> <span class='ocrx_word' id='word_1_37' title='bbox 1134 1974 1200 2018; x_wconf 88' lang='lat' dir='ltr'><strong>cum</strong></span> <span class='ocrx_word' id='word_1_38' title='bbox 1224 1952 1263 2015; x_wconf 87' lang='lat' dir='ltr'><strong>ad</strong></span> <span class='ocrx_word' id='word_1_39' title='bbox 1286 1952 1413 2014; x_wconf 80' lang='lat' dir='ltr'><strong>formam</strong></span> 
     </span>
     <span class='ocr_line' id='line_1_6' title="bbox 111 2042 1415 2129; baseline -0.007 -18"><span class='ocrx_word' id='word_1_40' title='bbox 111 2050 212 2112; x_wconf 89' lang='lat' dir='ltr'><strong>rdncta</strong></span> <span class='ocrx_word' id='word_1_41' title='bbox 234 2065 311 2120; x_wconf 91' lang='lat' dir='ltr'><strong>eam,</strong></span> <span class='ocrx_word' id='word_1_42' title='bbox 335 2064 410 2125; x_wconf 89' lang='lat' dir='ltr'><strong>quae</strong></span> <span class='ocrx_word' id='word_1_43' title='bbox 434 2047 473 2109; x_wconf 88' lang='lat' dir='ltr'><strong>ed</strong></span> <span class='ocrx_word' id='word_1_44' title='bbox 496 2055 600 2129; x_wconf 84' lang='lat' dir='ltr'><strong>typum</strong></span> <span class='ocrx_word' id='word_1_45' title='bbox 623 2056 696 2128; x_wconf 86' lang='lat' dir='ltr'><strong>apta</strong></span> <span class='ocrx_word' id='word_1_46' title='bbox 718 2047 848 2123; x_wconf 86' lang='lat' dir='ltr'><strong>videtur,</strong></span> <span class='ocrx_word' id='word_1_47' title='bbox 870 2054 933 2110; x_wconf 89' lang='lat' dir='ltr'><strong>tum</strong></span> <span class='ocrx_word' id='word_1_48' title='bbox 955 2046 1085 2109; x_wconf 90' lang='lat' dir='ltr'><strong>nondum</strong></span> <span class='ocrx_word' id='word_1_49' title='bbox 1107 2044 1197 2124; x_wconf 91' lang='lat' dir='ltr'><strong>plane</strong></span> <span class='ocrx_word' id='word_1_50' title='bbox 1218 2042 1356 2123; x_wconf 76' lang='lat' dir='ltr'><strong>perfecta</strong></span> <span class='ocrx_word' id='word_1_51' title='bbox 1382 2046 1415 2102; x_wconf 90' lang='lat' dir='ltr'><strong>et</strong></span> 
     </span>
     <span class='ocr_line' id='line_1_7' title="bbox 111 2134 1415 2219; baseline -0.008 -18"><span class='ocrx_word' id='word_1_52' title='bbox 111 2138 155 2201; x_wconf 87' lang='lat' dir='ltr'><strong>asi</strong></span> <span class='ocrx_word' id='word_1_53' title='bbox 182 2135 318 2199; x_wconf 85' lang='lat' dir='ltr'><strong>limanda</strong></span> <span class='ocrx_word' id='word_1_54' title='bbox 339 2135 379 2197; x_wconf 91' lang='lat' dir='ltr'><strong>ad</strong></span> <span class='ocrx_word' id='word_1_55' title='bbox 400 2136 502 2215; x_wconf 91' lang='lat' dir='ltr'><strong>aptius</strong></span> <span class='ocrx_word' id='word_1_56' title='bbox 525 2143 643 2219; x_wconf 86' lang='lat' dir='ltr'><strong>tempus</strong></span> <span class='ocrx_word' id='word_1_57' title='bbox 665 2144 836 2212; x_wconf 88' lang='lat' dir='ltr'><strong>reservate,</strong></span> <span class='ocrx_word' id='word_1_58' title='bbox 859 2144 923 2199; x_wconf 91' lang='lat' dir='ltr'><strong>tum</strong></span> <span class='ocrx_word' id='word_1_59' title='bbox 945 2134 1072 2216; x_wconf 89' lang='lat' dir='ltr'><strong>denique</strong></span> <span class='ocrx_word' id='word_1_60' title='bbox 1095 2135 1265 2213; x_wconf 79' lang='lat' dir='ltr'><strong>fragmenta</strong></span> <span class='ocrx_word' id='word_1_61' title='bbox 1287 2136 1415 2200; x_wconf 88' lang='lat' dir='ltr'><strong>tantum,</strong></span> 
     </span>
     <span class='ocr_line' id='line_1_8' title="bbox 111 2224 1414 2308; baseline -0.006 -19"><span class='ocrx_word' id='word_1_62' title='bbox 111 2247 174 2290; x_wconf 89' lang='lat' dir='ltr'><strong>rum</strong></span> <span class='ocrx_word' id='word_1_63' title='bbox 206 2225 286 2289; x_wconf 88' lang='lat' dir='ltr'><strong>inter</strong></span> <span class='ocrx_word' id='word_1_64' title='bbox 321 2243 354 2285; x_wconf 91' lang='lat' dir='ltr'><strong>se</strong></span> <span class='ocrx_word' id='word_1_65' title='bbox 378 2225 573 2288; x_wconf 77' lang='lat' dir='ltr'><strong>cohaerentia</strong></span> <span class='ocrx_word' id='word_1_66' title='bbox 600 2226 768 2307; x_wconf 81' lang='lat' dir='ltr'><strong>raptimque</strong></span> <span class='ocrx_word' id='word_1_67' title='bbox 792 2226 973 2308; x_wconf 88' lang='lat' dir='ltr'><strong>conscripta,</strong></span> <span class='ocrx_word' id='word_1_68' title='bbox 996 2232 1032 2287; x_wconf 91' lang='lat' dir='ltr'><strong>ut</strong></span> <span class='ocrx_word' id='word_1_69' title='bbox 1052 2224 1081 2285; x_wconf 90' lang='lat' dir='ltr'><strong>in</strong></span> <span class='ocrx_word' id='word_1_70' title='bbox 1105 2231 1236 2286; x_wconf 86' lang='lat' dir='ltr'><strong>mentem</strong></span> <span class='ocrx_word' id='word_1_71' title='bbox 1259 2226 1414 2294; x_wconf 88' lang='lat' dir='ltr'><strong>venerant,</strong></span> 
     </span>
     <span class='ocr_line' id='line_1_9' title="bbox 111 2306 1414 2396; baseline -0.008 -17"><span class='ocrx_word' id='word_1_72' title='bbox 111 2317 222 2396; x_wconf 88' lang='lat' dir='ltr'><strong>lsoripto</strong></span> <span class='ocrx_word' id='word_1_73' title='bbox 247 2313 312 2388; x_wconf 90' lang='lat' dir='ltr'><strong>die,</strong></span> <span class='ocrx_word' id='word_1_74' title='bbox 336 2332 394 2395; x_wconf 92' lang='lat' dir='ltr'><strong>quo</strong></span> <span class='ocrx_word' id='word_1_75' title='bbox 417 2313 589 2395; x_wconf 85' lang='lat' dir='ltr'><strong>conscripta</strong></span> <span class='ocrx_word' id='word_1_76' title='bbox 611 2323 695 2391; x_wconf 87' lang='lat' dir='ltr'><strong>sunt,</strong></span> <span class='ocrx_word' id='word_1_77' title='bbox 719 2315 803 2378; x_wconf 87' lang='lat' dir='ltr'><strong>velut</strong></span> <span class='ocrx_word' id='word_1_78' title='bbox 824 2315 911 2396; x_wconf 89' lang='lat' dir='ltr'><strong>signo</strong></span> <span class='ocrx_word' id='word_1_79' title='bbox 935 2315 975 2376; x_wconf 88' lang='lat' dir='ltr'><strong>ad</strong></span> <span class='ocrx_word' id='word_1_80' title='bbox 997 2313 1197 2376; x_wconf 91' lang='lat' dir='ltr'><strong>revocandam</strong></span> <span class='ocrx_word' id='word_1_81' title='bbox 1220 2310 1349 2392; x_wconf 78' lang='lat' dir='ltr'><strong>posthae</strong></span> <span class='ocrx_word' id='word_1_82' title='bbox 1371 2306 1414 2370; x_wconf 91' lang='lat' dir='ltr'><strong>rei</strong></span> 
     </span>
     <span class='ocr_line' id='line_1_10' title="bbox 111 2395 1416 2485; baseline -0.005 -17"><span class='ocrx_word' id='word_1_83' title='bbox 111 2405 252 2469; x_wconf 74' lang='lat' dir='ltr'><strong>emonam.</strong></span> <span class='ocrx_word' id='word_1_84' title='bbox 299 2402 515 2467; x_wconf 79' lang='lat' dir='ltr'><strong>Testimonium</strong></span> <span class='ocrx_word' id='word_1_85' title='bbox 544 2405 691 2485; x_wconf 83' lang='lat' dir='ltr'><strong>praebent</strong></span> <span class='ocrx_word' id='word_1_86' title='bbox 720 2404 795 2467; x_wconf 87' lang='lat' dir='ltr'><strong>heeo</strong></span> <span class='ocrx_word' id='word_1_87' title='bbox 817 2406 988 2485; x_wconf 79' lang='lat' dir='ltr'><strong>fragmenta</strong></span> <span class='ocrx_word' id='word_1_88' title='bbox 1010 2422 1077 2466; x_wconf 89' lang='lat' dir='ltr'><strong>cum</strong></span> <span class='ocrx_word' id='word_1_89' title='bbox 1098 2402 1270 2464; x_wconf 81' lang='lat' dir='ltr'><strong>indefessae</strong></span> <span class='ocrx_word' id='word_1_90' title='bbox 1292 2395 1416 2481; x_wconf 66' lang='lat' dir='ltr'><strong>Kquleri</strong></span> 
     </span>
     <span class='ocr_line' id='line_1_11' title="bbox 111 2488 1414 2576; baseline -0.005 -20"><span class='ocrx_word' id='word_1_91' title='bbox 111 2493 237 2558; x_wconf 87' lang='lat' dir='ltr'><strong>dustriae</strong></span> <span class='ocrx_word' id='word_1_92' title='bbox 261 2498 293 2554; x_wconf 87' lang='lat' dir='ltr'><strong>et</strong></span> <span class='ocrx_word' id='word_1_93' title='bbox 315 2511 448 2555; x_wconf 91' lang='lat' dir='ltr'><strong>summae</strong></span> <span class='ocrx_word' id='word_1_94' title='bbox 472 2491 658 2573; x_wconf 82' lang='lat' dir='ltr'><strong>diligentiae,</strong></span> <span class='ocrx_word' id='word_1_95' title='bbox 681 2501 744 2556; x_wconf 92' lang='lat' dir='ltr'><strong>tum</strong></span> <span class='ocrx_word' id='word_1_96' title='bbox 766 2494 928 2576; x_wconf 88' lang='lat' dir='ltr'><strong>peculiaris</strong></span> <span class='ocrx_word' id='word_1_97' title='bbox 951 2493 1045 2556; x_wconf 89' lang='lat' dir='ltr'><strong>libros</strong></span> <span class='ocrx_word' id='word_1_98' title='bbox 1054 2489 1262 2555; x_wconf 89' lang='lat' dir='ltr'><strong>conscribendi</strong></span> <span class='ocrx_word' id='word_1_99' title='bbox 1276 2488 1414 2553; x_wconf 89' lang='lat' dir='ltr'><strong>rationis.</strong></span> 
     </span>
     <span class='ocr_line' id='line_1_12' title="bbox 112 2577 1416 2664; baseline -0.004 -20"><span class='ocrx_word' id='word_1_100' title='bbox 112 2583 184 2646; x_wconf 90' lang='lat' dir='ltr'><strong>illies</strong></span> <span class='ocrx_word' id='word_1_101' title='bbox 206 2581 289 2644; x_wconf 90' lang='lat' dir='ltr'><strong>redit</strong></span> <span class='ocrx_word' id='word_1_102' title='bbox 310 2581 351 2643; x_wconf 91' lang='lat' dir='ltr'><strong>ad</strong></span> <span class='ocrx_word' id='word_1_103' title='bbox 372 2582 498 2643; x_wconf 88' lang='lat' dir='ltr'><strong>eandem</strong></span> <span class='ocrx_word' id='word_1_104' title='bbox 520 2601 593 2658; x_wconf 88' lang='lat' dir='ltr'><strong>rem,</strong></span> <span class='ocrx_word' id='word_1_105' title='bbox 617 2583 643 2644; x_wconf 92' lang='lat' dir='ltr'><strong>si</strong></span> <span class='ocrx_word' id='word_1_106' title='bbox 666 2584 761 2664; x_wconf 88' lang='lat' dir='ltr'><strong>primo</strong></span> <span class='ocrx_word' id='word_1_107' title='bbox 785 2584 899 2664; x_wconf 88' lang='lat' dir='ltr'><strong>impetu</strong></span> <span class='ocrx_word' id='word_1_108' title='bbox 922 2602 989 2645; x_wconf 93' lang='lat' dir='ltr'><strong>eam</strong></span> <span class='ocrx_word' id='word_1_109' title='bbox 1007 2580 1127 2663; x_wconf 88' lang='lat' dir='ltr'><strong>assequi</strong></span> <span class='ocrx_word' id='word_1_110' title='bbox 1142 2599 1200 2644; x_wconf 92' lang='lat' dir='ltr'><strong>non</strong></span> <span class='ocrx_word' id='word_1_111' title='bbox 1214 2578 1322 2660; x_wconf 87' lang='lat' dir='ltr'><strong>potnit,</strong></span> <span class='ocrx_word' id='word_1_112' title='bbox 1345 2577 1416 2640; x_wconf 92' lang='lat' dir='ltr'><strong>mil-</strong></span> 
     </span>
     <span class='ocr_line' id='line_1_13' title="bbox 111 2667 1416 2753; baseline -0.007 -17"><span class='ocrx_word' id='word_1_113' title='bbox 111 2692 131 2735; x_wconf 78' lang='lat' dir='ltr'><strong>a</strong></span> <span class='ocrx_word' id='word_1_114' title='bbox 156 2672 269 2752; x_wconf 88' lang='lat' dir='ltr'><strong>repetit</strong></span> <span class='ocrx_word' id='word_1_115' title='bbox 291 2689 447 2740; x_wconf 89' lang='lat' dir='ltr'><strong>numeros,</strong></span> <span class='ocrx_word' id='word_1_116' title='bbox 473 2673 567 2735; x_wconf 89' lang='lat' dir='ltr'><strong>donec</strong></span> <span class='ocrx_word' id='word_1_117' title='bbox 592 2672 630 2732; x_wconf 91' lang='lat' dir='ltr'><strong>ad</strong></span> <span class='ocrx_word' id='word_1_118' title='bbox 654 2680 830 2753; x_wconf 84' lang='lat' dir='ltr'><strong>exoptatum</strong></span> <span class='ocrx_word' id='word_1_119' title='bbox 852 2672 936 2735; x_wconf 89' lang='lat' dir='ltr'><strong>veuit</strong></span> <span class='ocrx_word' id='word_1_120' title='bbox 958 2674 1056 2748; x_wconf 88' lang='lat' dir='ltr'><strong>linem,</strong></span> <span class='ocrx_word' id='word_1_121' title='bbox 1080 2688 1273 2751; x_wconf 87' lang='lat' dir='ltr'><strong>quamquam,</strong></span> <span class='ocrx_word' id='word_1_122' title='bbox 1297 2667 1416 2749; x_wconf 85' lang='lat' dir='ltr'><strong>etipse</strong></span> 
     </span>
     <span class='ocr_line' id='line_1_14' title="bbox 111 2758 1418 2844; baseline -0.004 -20"><span class='ocrx_word' id='word_1_123' title='bbox 111 2763 192 2844; x_wconf 80' lang='lat' dir='ltr'><strong>epioe</strong></span> <span class='ocrx_word' id='word_1_124' title='bbox 222 2761 353 2834; x_wconf 82' lang='lat' dir='ltr'><strong>letetur,</strong></span> <span class='ocrx_word' id='word_1_125' title='bbox 382 2760 556 2824; x_wconf 88' lang='lat' dir='ltr'><strong>conficiendi</strong></span> <span class='ocrx_word' id='word_1_126' title='bbox 579 2760 688 2823; x_wconf 91' lang='lat' dir='ltr'><strong>calculi</strong></span> <span class='ocrx_word' id='word_1_127' title='bbox 717 2761 858 2825; x_wconf 88' lang='lat' dir='ltr'><strong>nmneriei</strong></span> <span class='ocrx_word' id='word_1_128' title='bbox 881 2761 1041 2841; x_wconf 89' lang='lat' dir='ltr'><strong>plurimum</strong></span> <span class='ocrx_word' id='word_1_129' title='bbox 1064 2759 1122 2840; x_wconf 90' lang='lat' dir='ltr'><strong>ipsi</strong></span> <span class='ocrx_word' id='word_1_130' title='bbox 1145 2758 1339 2822; x_wconf 84' lang='lat' dir='ltr'><strong>lacessebant</strong></span> <span class='ocrx_word' id='word_1_131' title='bbox 1361 2776 1418 2820; x_wconf 90' lang='lat' dir='ltr'><strong>ne·</strong></span> 
     </span>
     <span class='ocr_line' id='line_1_15' title="bbox 111 2846 1417 2932; baseline -0.003 -20"><span class='ocrx_word' id='word_1_132' title='bbox 111 2852 203 2927; x_wconf 70' lang='lat' dir='ltr'><strong>ilium,</strong></span> <span class='ocrx_word' id='word_1_133' title='bbox 232 2857 264 2911; x_wconf 91' lang='lat' dir='ltr'><strong>et</strong></span> <span class='ocrx_word' id='word_1_134' title='bbox 285 2848 434 2929; x_wconf 89' lang='lat' dir='ltr'><strong>Keplerus</strong></span> <span class='ocrx_word' id='word_1_135' title='bbox 467 2849 515 2912; x_wconf 94' lang='lat' dir='ltr'><strong>hic</strong></span> <span class='ocrx_word' id='word_1_136' title='bbox 534 2849 636 2911; x_wconf 89' lang='lat' dir='ltr'><strong>minua</strong></span> <span class='ocrx_word' id='word_1_137' title='bbox 659 2858 773 2914; x_wconf 89' lang='lat' dir='ltr'><strong>eertum</strong></span> <span class='ocrx_word' id='word_1_138' title='bbox 796 2871 828 2913; x_wconf 92' lang='lat' dir='ltr'><strong>se</strong></span> <span class='ocrx_word' id='word_1_139' title='bbox 851 2849 1009 2932; x_wconf 89' lang='lat' dir='ltr'><strong>praebuit,</strong></span> <span class='ocrx_word' id='word_1_140' title='bbox 1034 2868 1123 2930; x_wconf 85' lang='lat' dir='ltr'><strong>quam</strong></span> <span class='ocrx_word' id='word_1_141' title='bbox 1145 2848 1175 2911; x_wconf 83' lang='lat' dir='ltr'><strong>in¹</strong></span> <span class='ocrx_word' id='word_1_142' title='bbox 1197 2846 1417 2929; x_wconf 89' lang='lat' dir='ltr'><strong>philosophicis</strong></span> 
     </span>
     <span class='ocr_line' id='line_1_16' title="bbox 112 2937 1417 3022; baseline -0.004 -19"><span class='ocrx_word' id='word_1_143' title='bbox 112 2937 351 3022; x_wconf 71' lang='lat' dir='ltr'><strong>acquisitionibus,</strong></span> <span class='ocrx_word' id='word_1_144' title='bbox 375 2956 432 3018; x_wconf 89' lang='lat' dir='ltr'><strong>qno</strong></span> <span class='ocrx_word' id='word_1_145' title='bbox 462 2939 492 3000; x_wconf 94' lang='lat' dir='ltr'><strong>in</strong></span> <span class='ocrx_word' id='word_1_146' title='bbox 522 2939 676 3001; x_wconf 86' lang='lat' dir='ltr'><strong>doetrinae</strong></span> <span class='ocrx_word' id='word_1_147' title='bbox 703 2958 813 3021; x_wconf 88' lang='lat' dir='ltr'><strong>genere</strong></span> <span class='ocrx_word' id='word_1_148' title='bbox 841 2939 989 3002; x_wconf 91' lang='lat' dir='ltr'><strong>neminem</strong></span> <span class='ocrx_word' id='word_1_149' title='bbox 1010 2937 1118 3015; x_wconf 84' lang='lat' dir='ltr'><strong>habuit</strong></span> <span class='ocrx_word' id='word_1_150' title='bbox 1138 2956 1251 3018; x_wconf 85' lang='lat' dir='ltr'><strong>parem.</strong></span> <span class='ocrx_word' id='word_1_151' title='bbox 1298 2938 1417 3001; x_wconf 82' lang='lat' dir='ltr'><strong>Intacta</strong></span> 
     </span>
     <span class='ocr_line' id='line_1_17' title="bbox 111 3026 1419 3109; baseline 0 -21"><span class='ocrx_word' id='word_1_152' title='bbox 111 3038 164 3092; x_wconf 79' lang='lat' dir='ltr'><strong>rtea</strong></span> <span class='ocrx_word' id='word_1_153' title='bbox 186 3028 309 3091; x_wconf 87' lang='lat' dir='ltr'><strong>tramite</strong></span> <span class='ocrx_word' id='word_1_154' title='bbox 337 3045 534 3108; x_wconf 85' lang='lat' dir='ltr'><strong>progressus,</strong></span> <span class='ocrx_word' id='word_1_155' title='bbox 566 3046 671 3109; x_wconf 92' lang='lat' dir='ltr'><strong>parum</strong></span> <span class='ocrx_word' id='word_1_156' title='bbox 702 3029 823 3108; x_wconf 87' lang='lat' dir='ltr'><strong>adjutus</strong></span> <span class='ocrx_word' id='word_1_157' title='bbox 855 3027 1131 3104; x_wconf 84' lang='lat' dir='ltr'><strong>observationibus,</strong></span> <span class='ocrx_word' id='word_1_158' title='bbox 1162 3027 1268 3109; x_wconf 90' lang='lat' dir='ltr'><strong>quibus</strong></span> <span class='ocrx_word' id='word_1_159' title='bbox 1289 3026 1419 3090; x_wconf 81' lang='lat' dir='ltr'><strong>&#39;firmiter</strong></span> 
     </span>
     <span class='ocr_line' id='line_1_18' title="bbox 111 3113 1419 3199; baseline 0 -17"><span class='ocrx_word' id='word_1_160' title='bbox 111 3118 162 3182; x_wconf 84' lang='lat' dir='ltr'><strong>niti</strong></span> <span class='ocrx_word' id='word_1_161' title='bbox 185 3125 303 3199; x_wconf 84' lang='lat' dir='ltr'><strong>posset,</strong></span> <span class='ocrx_word' id='word_1_162' title='bbox 326 3136 400 3189; x_wconf 89' lang='lat' dir='ltr'><strong>rem,</strong></span> <span class='ocrx_word' id='word_1_163' title='bbox 423 3135 511 3196; x_wconf 86' lang='lat' dir='ltr'><strong>quam</strong></span> <span class='ocrx_word' id='word_1_164' title='bbox 534 3116 565 3179; x_wconf 92' lang='lat' dir='ltr'><strong>in</strong></span> <span class='ocrx_word' id='word_1_165' title='bbox 588 3117 687 3180; x_wconf 90' lang='lat' dir='ltr'><strong>Marte</strong></span> <span class='ocrx_word' id='word_1_166' title='bbox 711 3118 840 3182; x_wconf 79' lang='lat' dir='ltr'><strong>feliciter</strong></span> <span class='ocrx_word' id='word_1_167' title='bbox 862 3136 1025 3199; x_wconf 87' lang='lat' dir='ltr'><strong>aggressus</strong></span> <span class='ocrx_word' id='word_1_168' title='bbox 1049 3123 1106 3192; x_wconf 90' lang='lat' dir='ltr'><strong>eet,</strong></span> <span class='ocrx_word' id='word_1_169' title='bbox 1129 3116 1345 3180; x_wconf 76' lang='lat' dir='ltr'><strong>absolvendam</strong></span> <span class='ocrx_word' id='word_1_170' title='bbox 1361 3113 1419 3181; x_wconf 86' lang='lat' dir='ltr'><strong>sibi</strong></span> 
     </span>
     <span class='ocr_line' id='line_1_19' title="bbox 111 3204 1417 3290; baseline 0 -20"><span class='ocrx_word' id='word_1_171' title='bbox 111 3206 234 3290; x_wconf 65' lang='lat' dir='ltr'><strong>&#39;oposuit</strong></span> <span class='ocrx_word' id='word_1_172' title='bbox 255 3205 285 3267; x_wconf 94' lang='lat' dir='ltr'><strong>in</strong></span> <span class='ocrx_word' id='word_1_173' title='bbox 308 3204 431 3288; x_wconf 89' lang='lat' dir='ltr'><strong>reliquis</strong></span> <span class='ocrx_word' id='word_1_174' title='bbox 454 3206 594 3287; x_wconf 88' lang='lat' dir='ltr'><strong>planetis,</strong></span> <span class='ocrx_word' id='word_1_175' title='bbox 617 3204 729 3270; x_wconf 88' lang='lat' dir='ltr'><strong>inSole</strong></span> <span class='ocrx_word' id='word_1_176' title='bbox 754 3216 785 3271; x_wconf 89' lang='lat' dir='ltr'><strong>et</strong></span> <span class='ocrx_word' id='word_1_177' title='bbox 806 3207 838 3269; x_wconf 90' lang='lat' dir='ltr'><strong>in</strong></span> <span class='ocrx_word' id='word_1_178' title='bbox 852 3207 948 3282; x_wconf 87' lang='lat' dir='ltr'><strong>Luna,</strong></span> <span class='ocrx_word' id='word_1_179' title='bbox 971 3207 1107 3269; x_wconf 86' lang='lat' dir='ltr'><strong>imitatus</strong></span> <span class='ocrx_word' id='word_1_180' title='bbox 1124 3206 1293 3270; x_wconf 84' lang='lat' dir='ltr'><strong>Ptolemaei</strong></span> <span class='ocrx_word' id='word_1_181' title='bbox 1307 3206 1417 3270; x_wconf 83' lang='lat' dir='ltr'><strong>Alma·</strong></span> 
     </span>
     <span class='ocr_line' id='line_1_20' title="bbox 111 3292 1418 3376; baseline -0.002 -16"><span class='ocrx_word' id='word_1_182' title='bbox 111 3308 204 3360; x_wconf 87' lang='lat' dir='ltr'><strong>stum.</strong></span> <span class='ocrx_word' id='word_1_183' title='bbox 251 3292 420 3370; x_wconf 82' lang='lat' dir='ltr'><strong>Quantum,</strong></span> <span class='ocrx_word' id='word_1_184' title='bbox 445 3296 524 3358; x_wconf 91' lang='lat' dir='ltr'><strong>hune</strong></span> <span class='ocrx_word' id='word_1_185' title='bbox 551 3303 693 3376; x_wconf 88' lang='lat' dir='ltr'><strong>spectans</strong></span> <span class='ocrx_word' id='word_1_186' title='bbox 722 3296 825 3372; x_wconf 88' lang='lat' dir='ltr'><strong>finem,</strong></span> <span class='ocrx_word' id='word_1_187' title='bbox 862 3296 1035 3359; x_wconf 89' lang='lat' dir='ltr'><strong>insumeerit</strong></span> <span class='ocrx_word' id='word_1_188' title='bbox 1061 3295 1176 3359; x_wconf 84' lang='lat' dir='ltr'><strong>laboris</strong></span> <span class='ocrx_word' id='word_1_189' title='bbox 1205 3304 1236 3360; x_wconf 90' lang='lat' dir='ltr'><strong>et</strong></span> <span class='ocrx_word' id='word_1_190' title='bbox 1264 3295 1418 3376; x_wconf 87' lang='lat' dir='ltr'><strong>temporie,</strong></span> 
     </span>
     <span class='ocr_line' id='line_1_21' title="bbox 111 3383 1418 3466; baseline -0.001 -19"><span class='ocrx_word' id='word_1_191' title='bbox 111 3396 191 3450; x_wconf 86' lang='lat' dir='ltr'><strong>anta</strong></span> <span class='ocrx_word' id='word_1_192' title='bbox 219 3383 448 3466; x_wconf 80' lang='lat' dir='ltr'><strong>perseverantia</strong></span> <span class='ocrx_word' id='word_1_193' title='bbox 473 3404 537 3447; x_wconf 91' lang='lat' dir='ltr'><strong>rem</strong></span> <span class='ocrx_word' id='word_1_194' title='bbox 559 3385 651 3448; x_wconf 88' lang='lat' dir='ltr'><strong>toties</strong></span> <span class='ocrx_word' id='word_1_195' title='bbox 674 3394 823 3450; x_wconf 82' lang='lat' dir='ltr'><strong>tentatam</strong></span> <span class='ocrx_word' id='word_1_196' title='bbox 861 3386 969 3449; x_wconf 88' lang='lat' dir='ltr'><strong>iterum</strong></span> <span class='ocrx_word' id='word_1_197' title='bbox 993 3385 1159 3466; x_wconf 87' lang='lat' dir='ltr'><strong>iterumque</strong></span> <span class='ocrx_word' id='word_1_198' title='bbox 1182 3404 1346 3466; x_wconf 86' lang='lat' dir='ltr'><strong>aggressus</strong></span> <span class='ocrx_word' id='word_1_199' title='bbox 1368 3385 1418 3460; x_wconf 86' lang='lat' dir='ltr'><strong>sit,</strong></span> 
     </span>
     <span class='ocr_line' id='line_1_22' title="bbox 111 3474 1419 3558; baseline -0.002 -19"><span class='ocrx_word' id='word_1_200' title='bbox 111 3497 133 3539; x_wconf 92' lang='grc' dir='ltr'><strong>ιι</strong></span> <span class='ocrx_word' id='word_1_201' title='bbox 156 3474 314 3558; x_wconf 88' lang='lat' dir='ltr'><strong>perculsus</strong></span> <span class='ocrx_word' id='word_1_202' title='bbox 338 3474 505 3551; x_wconf 87' lang='lat' dir='ltr'><strong>erroribus,</strong></span> <span class='ocrx_word' id='word_1_203' title='bbox 531 3493 605 3555; x_wconf 90' lang='lat' dir='ltr'><strong>quos</strong></span> <span class='ocrx_word' id='word_1_204' title='bbox 632 3475 860 3538; x_wconf 84' lang='lat' dir='ltr'><strong>observationes</strong></span> <span class='ocrx_word' id='word_1_205' title='bbox 881 3476 979 3539; x_wconf 89' lang='lat' dir='ltr'><strong>minue</strong></span> <span class='ocrx_word' id='word_1_206' title='bbox 1001 3476 1078 3538; x_wconf 90' lang='lat' dir='ltr'><strong>lidae</strong></span> <span class='ocrx_word' id='word_1_207' title='bbox 1102 3476 1319 3551; x_wconf 85' lang='lat' dir='ltr'><strong>causabantur,</strong></span> <span class='ocrx_word' id='word_1_208' title='bbox 1344 3494 1419 3556; x_wconf 89' lang='lat' dir='ltr'><strong>quos</strong></span> 
     </span>
     <span class='ocr_line' id='line_1_23' title="bbox 111 3561 1419 3647; baseline -0.001 -19"><span class='ocrx_word' id='word_1_209' title='bbox 111 3585 138 3628; x_wconf 87' lang='lat' dir='ltr'><strong>se</strong></span> <span class='ocrx_word' id='word_1_210' title='bbox 164 3564 196 3627; x_wconf 93' lang='lat' dir='ltr'><strong>in</strong></span> <span class='ocrx_word' id='word_1_211' title='bbox 219 3561 344 3626; x_wconf 86' lang='lat' dir='ltr'><strong>calculis</strong></span> <span class='ocrx_word' id='word_1_212' title='bbox 367 3563 585 3640; x_wconf 79' lang='lat' dir='ltr'><strong>committebat,</strong></span> <span class='ocrx_word' id='word_1_213' title='bbox 609 3563 684 3647; x_wconf 74' lang='lat' dir='ltr'><strong>haee</strong></span> <span class='ocrx_word' id='word_1_214' title='bbox 706 3573 848 3629; x_wconf 85' lang='lat' dir='ltr'><strong>enarrant</strong></span> <span class='ocrx_word' id='word_1_215' title='bbox 870 3565 989 3647; x_wconf 86' lang='lat' dir='ltr'><strong>singula</strong></span> <span class='ocrx_word' id='word_1_216' title='bbox 1011 3566 1073 3628; x_wconf 84' lang='lat' dir='ltr'><strong>fere</strong></span> <span class='ocrx_word' id='word_1_217' title='bbox 1098 3563 1172 3626; x_wconf 86' lang='lat' dir='ltr'><strong>lolia</strong></span> <span class='ocrx_word' id='word_1_218' title='bbox 1192 3563 1419 3646; x_wconf 89' lang='lat' dir='ltr'><strong>manuscripto-</strong></span> 
     </span>
     <span class='ocr_line' id='line_1_24' title="bbox 111 3652 1419 3739; baseline -0.002 -21"><span class='ocrx_word' id='word_1_219' title='bbox 111 3675 148 3731; x_wconf 91' lang='lat' dir='ltr'><strong>m,</strong></span> <span class='ocrx_word' id='word_1_220' title='bbox 166 3673 241 3734; x_wconf 91' lang='lat' dir='ltr'><strong>quae</strong></span> <span class='ocrx_word' id='word_1_221' title='bbox 257 3652 452 3733; x_wconf 86' lang='lat' dir='ltr'><strong>inspeximus,</strong></span> <span class='ocrx_word' id='word_1_222' title='bbox 475 3660 565 3734; x_wconf 90' lang='lat' dir='ltr'><strong>atque</strong></span> <span class='ocrx_word' id='word_1_223' title='bbox 581 3673 620 3715; x_wconf 80' lang='lat' dir='ltr'><strong>ex</strong></span> <span class='ocrx_word' id='word_1_224' title='bbox 632 3652 680 3717; x_wconf 91' lang='lat' dir='ltr'><strong>his</strong></span> <span class='ocrx_word' id='word_1_225' title='bbox 698 3654 887 3739; x_wconf 79' lang='lat' dir='ltr'><strong>potissimum</strong></span> <span class='ocrx_word' id='word_1_226' title='bbox 902 3673 948 3731; x_wconf 82' lang='lat' dir='ltr'><strong>ea,</strong></span> <span class='ocrx_word' id='word_1_227' title='bbox 963 3674 1039 3737; x_wconf 90' lang='lat' dir='ltr'><strong>quae</strong></span> <span class='ocrx_word' id='word_1_228' title='bbox 1052 3652 1206 3717; x_wconf 88' lang='lat' dir='ltr'><strong>continent</strong></span> <span class='ocrx_word' id='word_1_229' title='bbox 1223 3652 1326 3728; x_wconf 87' lang='lat' dir='ltr'><strong>libros,</strong></span> <span class='ocrx_word' id='word_1_230' title='bbox 1343 3672 1419 3734; x_wconf 86' lang='lat' dir='ltr'><strong>quos</strong></span> 
     </span>
     <span class='ocr_line' id='line_1_25' title="bbox 110 3741 1420 3826; baseline -0.004 -19"><span class='ocrx_word' id='word_1_231' title='bbox 110 3750 239 3826; x_wconf 88' lang='lat' dir='ltr'><strong>quentee</strong></span> <span class='ocrx_word' id='word_1_232' title='bbox 268 3741 411 3804; x_wconf 84' lang='lat' dir='ltr'><strong>exhibent</strong></span> <span class='ocrx_word' id='word_1_233' title='bbox 432 3743 572 3823; x_wconf 81' lang='lat' dir='ltr'><strong>paginae.</strong></span> <span class='ocrx_word' id='word_1_234' title='bbox 623 3743 718 3807; x_wconf 90' lang='lat' dir='ltr'><strong>Iidem</strong></span> <span class='ocrx_word' id='word_1_235' title='bbox 749 3763 821 3807; x_wconf 89' lang='lat' dir='ltr'><strong>vero</strong></span> <span class='ocrx_word' id='word_1_236' title='bbox 844 3743 1018 3824; x_wconf 87' lang='lat' dir='ltr'><strong>Keplemm,</strong></span> <span class='ocrx_word' id='word_1_237' title='bbox 1047 3749 1082 3805; x_wconf 88' lang='lat' dir='ltr'><strong>ut</strong></span> <span class='ocrx_word' id='word_1_238' title='bbox 1106 3742 1250 3815; x_wconf 88' lang='lat' dir='ltr'><strong>diximus,</strong></span> <span class='ocrx_word' id='word_1_239' title='bbox 1281 3742 1311 3804; x_wconf 91' lang='lat' dir='ltr'><strong>in</strong></span> <span class='ocrx_word' id='word_1_240' title='bbox 1333 3741 1420 3806; x_wconf 89' lang='lat' dir='ltr'><strong>libris</strong></span> 
     </span>
     <span class='ocr_line' id='line_1_26' title="bbox 111 3829 1419 3914; baseline -0.002 -18"><span class='ocrx_word' id='word_1_241' title='bbox 111 3831 270 3896; x_wconf 83' lang='lat' dir='ltr'><strong>nticiendia</strong></span> <span class='ocrx_word' id='word_1_242' title='bbox 301 3839 477 3912; x_wconf 89' lang='lat' dir='ltr'><strong>occupatum</strong></span> <span class='ocrx_word' id='word_1_243' title='bbox 506 3832 591 3914; x_wconf 90' lang='lat' dir='ltr'><strong>qnasi</strong></span> <span class='ocrx_word' id='word_1_244' title='bbox 615 3832 708 3895; x_wconf 84' lang='lat' dir='ltr'><strong>oculis</strong></span> <span class='ocrx_word' id='word_1_245' title='bbox 740 3833 965 3914; x_wconf 88' lang='lat' dir='ltr'><strong>adspiciendum</strong></span> <span class='ocrx_word' id='word_1_246' title='bbox 986 3832 1141 3913; x_wconf 83' lang='lat' dir='ltr'><strong>praebent.</strong></span> <span class='ocrx_word' id='word_1_247' title='bbox 1188 3829 1322 3903; x_wconf 83' lang='lat' dir='ltr'><strong>Quorum</strong></span> <span class='ocrx_word' id='word_1_248' title='bbox 1343 3850 1419 3914; x_wconf 89' lang='lat' dir='ltr'><strong>ope-</strong></span> 
     </span>
     <span class='ocr_line' id='line_1_27' title="bbox 111 3920 1421 4009; baseline -0.002 -23"><span class='ocrx_word' id='word_1_249' title='bbox 111 3942 141 3986; x_wconf 87' lang='lat' dir='ltr'><strong>m</strong></span> <span class='ocrx_word' id='word_1_250' title='bbox 175 3920 291 4003; x_wconf 86' lang='lat' dir='ltr'><strong>priores</strong></span> <span class='ocrx_word' id='word_1_251' title='bbox 322 3939 388 3982; x_wconf 88' lang='lat' dir='ltr'><strong>eum</strong></span> <span class='ocrx_word' id='word_1_252' title='bbox 411 3920 577 4000; x_wconf 87' lang='lat' dir='ltr'><strong>inspexeris</strong></span> <span class='ocrx_word' id='word_1_253' title='bbox 599 3921 744 4002; x_wconf 88' lang='lat' dir='ltr'><strong>paginas,</strong></span> <span class='ocrx_word' id='word_1_254' title='bbox 776 3923 917 3986; x_wconf 89' lang='lat' dir='ltr'><strong>absoluta</strong></span> <span class='ocrx_word' id='word_1_255' title='bbox 938 3930 971 3986; x_wconf 87' lang='lat' dir='ltr'><strong>et</strong></span> <span class='ocrx_word' id='word_1_256' title='bbox 992 3923 1081 4009; x_wconf 87' lang='lat' dir='ltr'><strong>plane</strong></span> <span class='ocrx_word' id='word_1_257' title='bbox 1104 3920 1145 3983; x_wconf 90' lang='lat' dir='ltr'><strong>ad</strong></span> <span class='ocrx_word' id='word_1_258' title='bbox 1166 3921 1254 3985; x_wconf 77' lang='grc' dir='ltr'>ιὶιιειιι</span> <span class='ocrx_word' id='word_1_259' title='bbox 1276 3921 1421 4002; x_wconf 85' lang='lat' dir='ltr'><strong>perducta</strong></span> 
     </span>
     <span class='ocr_line' id='line_1_28' title="bbox 111 4008 1420 4092; baseline -0.002 -17"><span class='ocrx_word' id='word_1_260' title='bbox 111 4010 232 4086; x_wconf 88' lang='lat' dir='ltr'><strong>nsebis;</strong></span> <span class='ocrx_word' id='word_1_261' title='bbox 263 4008 391 4091; x_wconf 89' lang='lat' dir='ltr'><strong>primum</strong></span> <span class='ocrx_word' id='word_1_262' title='bbox 424 4011 553 4074; x_wconf 84' lang='lat' dir='ltr'><strong>occurrit</strong></span> <span class='ocrx_word' id='word_1_263' title='bbox 575 4010 698 4088; x_wconf 87' lang='lat' dir='ltr'><strong>titulus,</strong></span> <span class='ocrx_word' id='word_1_264' title='bbox 737 4012 868 4074; x_wconf 90' lang='lat' dir='ltr'><strong>maxima</strong></span> <span class='ocrx_word' id='word_1_265' title='bbox 894 4013 1082 4092; x_wconf 89' lang='lat' dir='ltr'><strong>conscriptus</strong></span> <span class='ocrx_word' id='word_1_266' title='bbox 1110 4008 1285 4090; x_wconf 85' lang='lat' dir='ltr'><strong>diligentie,</strong></span> <span class='ocrx_word' id='word_1_267' title='bbox 1319 4010 1365 4073; x_wconf 85' lang='lat' dir='ltr'><strong>ita</strong></span> <span class='ocrx_word' id='word_1_268' title='bbox 1385 4017 1420 4072; x_wconf 94' lang='grc' dir='ltr'><strong>ιιι</strong></span> 
     </span>
     <span class='ocr_line' id='line_1_29' title="bbox 111 4097 1419 4182; baseline -0.003 -18"><span class='ocrx_word' id='word_1_269' title='bbox 111 4100 171 4164; x_wconf 80' lang='lat' dir='ltr'><strong>riis</strong></span> <span class='ocrx_word' id='word_1_270' title='bbox 200 4098 350 4162; x_wconf 89' lang='lat' dir='ltr'><strong>coloribus</strong></span> <span class='ocrx_word' id='word_1_271' title='bbox 379 4097 491 4178; x_wconf 89' lang='lat' dir='ltr'><strong>depicti</strong></span> <span class='ocrx_word' id='word_1_272' title='bbox 518 4099 580 4163; x_wconf 88' lang='lat' dir='ltr'><strong>sint</strong></span> <span class='ocrx_word' id='word_1_273' title='bbox 606 4099 717 4180; x_wconf 77' lang='lat' dir='ltr'><strong>singuli</strong></span> <span class='ocrx_word' id='word_1_274' title='bbox 748 4119 872 4176; x_wconf 86' lang='lat' dir='ltr'><strong>versus;</strong></span> <span class='ocrx_word' id='word_1_275' title='bbox 908 4101 952 4163; x_wconf 92' lang='lat' dir='ltr'><strong>nil</strong></span> <span class='ocrx_word' id='word_1_276' title='bbox 983 4100 1086 4174; x_wconf 86' lang='lat' dir='ltr'><strong>deest,</strong></span> <span class='ocrx_word' id='word_1_277' title='bbox 1116 4099 1176 4162; x_wconf 86' lang='lat' dir='ltr'><strong>nisi</strong></span> <span class='ocrx_word' id='word_1_278' title='bbox 1197 4118 1305 4163; x_wconf 90' lang='lat' dir='ltr'><strong>nomen</strong></span> <span class='ocrx_word' id='word_1_279' title='bbox 1327 4098 1419 4182; x_wconf 64' lang='lat' dir='ltr'><strong>typo·</strong></span> 
     </span>
     <span class='ocr_line' id='line_1_30' title="bbox 111 4186 1419 4271; baseline 0 -19"><span class='ocrx_word' id='word_1_280' title='bbox 111 4188 197 4271; x_wconf 84' lang='lat' dir='ltr'><strong>ephi.</strong></span> <span class='ocrx_word' id='word_1_281' title='bbox 243 4187 376 4257; x_wconf 86' lang='lat' dir='ltr'><strong>Titulum</strong></span> <span class='ocrx_word' id='word_1_282' title='bbox 399 4187 533 4269; x_wconf 82' lang='lat' dir='ltr'><strong>seqnitur</strong></span> <span class='ocrx_word' id='word_1_283' title='bbox 556 4189 720 4266; x_wconf 90' lang='lat' dir='ltr'><strong>dedicatio,</strong></span> <span class='ocrx_word' id='word_1_284' title='bbox 744 4190 831 4271; x_wconf 86' lang='lat' dir='ltr'><strong>quasi</strong></span> <span class='ocrx_word' id='word_1_285' title='bbox 853 4209 903 4254; x_wconf 86' lang='lat' dir='ltr'><strong>res</strong></span> <span class='ocrx_word' id='word_1_286' title='bbox 925 4190 967 4252; x_wconf 86' lang='lat' dir='ltr'><strong>sit</strong></span> <span class='ocrx_word' id='word_1_287' title='bbox 988 4189 1077 4271; x_wconf 87' lang='lat' dir='ltr'><strong>plane</strong></span> <span class='ocrx_word' id='word_1_288' title='bbox 1097 4189 1240 4252; x_wconf 86' lang='lat' dir='ltr'><strong>absolute</strong></span> <span class='ocrx_word' id='word_1_289' title='bbox 1261 4189 1335 4262; x_wconf 91' lang='lat' dir='ltr'><strong>(non</strong></span> <span class='ocrx_word' id='word_1_290' title='bbox 1349 4186 1419 4270; x_wconf 60' lang='lat' dir='ltr'><strong>qui*</strong></span> 
     </span>
     <span class='ocr_line' id='line_1_31' title="bbox 111 4274 1420 4359; baseline 0.001 -21"><span class='ocrx_word' id='word_1_291' title='bbox 111 4298 146 4340; x_wconf 88' lang='lat' dir='ltr'><strong>mr</strong></span> <span class='ocrx_word' id='word_1_292' title='bbox 168 4277 200 4341; x_wconf 92' lang='lat' dir='ltr'><strong>in</strong></span> <span class='ocrx_word' id='word_1_293' title='bbox 221 4277 408 4359; x_wconf 86' lang='lat' dir='ltr'><strong>Hipparcho,</strong></span> <span class='ocrx_word' id='word_1_294' title='bbox 442 4284 476 4339; x_wconf 87' lang='lat' dir='ltr'><strong>et</strong></span> <span class='ocrx_word' id='word_1_295' title='bbox 497 4277 527 4339; x_wconf 94' lang='lat' dir='ltr'><strong>in</strong></span> <span class='ocrx_word' id='word_1_296' title='bbox 550 4278 626 4351; x_wconf 89' lang='lat' dir='ltr'><strong>alio,</strong></span> <span class='ocrx_word' id='word_1_297' title='bbox 655 4279 728 4343; x_wconf 88' lang='lat' dir='ltr'><strong>item</strong></span> <span class='ocrx_word' id='word_1_298' title='bbox 750 4298 809 4342; x_wconf 90' lang='lat' dir='ltr'><strong>nnn</strong></span> <span class='ocrx_word' id='word_1_299' title='bbox 830 4280 920 4359; x_wconf 85' lang='lat' dir='ltr'><strong>plene</strong></span> <span class='ocrx_word' id='word_1_300' title='bbox 942 4280 982 4341; x_wconf 87' lang='lat' dir='ltr'><strong>ad</strong></span> <span class='ocrx_word' id='word_1_301' title='bbox 1004 4274 1118 4342; x_wconf 89' lang='lat' dir='ltr'><strong>calcem</strong></span> <span class='ocrx_word' id='word_1_302' title='bbox 1139 4278 1284 4359; x_wconf 78' lang='lat' dir='ltr'><strong>perducto</strong></span> <span class='ocrx_word' id='word_1_303' title='bbox 1307 4276 1420 4357; x_wconf 79' lang='lat' dir='ltr'><strong>libello,</strong></span> 
     </span>
     <span class='ocr_line' id='line_1_32' title="bbox 111 4362 1419 4450; baseline 0.003 -22"><span class='ocrx_word' id='word_1_304' title='bbox 111 4384 166 4429; x_wconf 81' lang='lat' dir='ltr'><strong>rem</strong></span> <span class='ocrx_word' id='word_1_305' title='bbox 197 4367 367 4447; x_wconf 88' lang='lat' dir='ltr'><strong>inscripsit:</strong></span> <span class='ocrx_word' id='word_1_306' title='bbox 397 4364 636 4445; x_wconf 78' lang='lat' dir='ltr'><strong>Translormatiq</strong></span> <span class='ocrx_word' id='word_1_307' title='bbox 667 4368 869 4450; x_wconf 76' lang='lat' dir='ltr'><strong>hypotheseos</strong></span> <span class='ocrx_word' id='word_1_308' title='bbox 896 4376 929 4439; x_wconf 78' lang='lat' dir='ltr'><strong>et</strong></span> <span class='ocrx_word' id='word_1_309' title='bbox 954 4368 1027 4431; x_wconf 78' lang='lat' dir='ltr'><strong>taba</strong></span> <span class='ocrx_word' id='word_1_310' title='bbox 1146 4362 1324 4431; x_wconf 76' lang='lat' dir='ltr'><strong>Lunarinm¹</strong></span> <span class='ocrx_word' id='word_1_311' title='bbox 1337 4366 1419 4442; x_wconf 61' lang='lat' dir='ltr'><strong>&amp;ek</strong></span> 
     </span>
     <span class='ocr_line' id='line_1_33' title="bbox 111 4444 1419 4561; baseline 0 -40"><span class='ocrx_word' id='word_1_312' title='bbox 111 4456 186 4521; x_wconf 76' lang='lat' dir='ltr'><strong>unde</strong></span> <span class='ocrx_word' id='word_1_313' title='bbox 218 4456 316 4519; x_wconf 90' lang='lat' dir='ltr'><strong>adhuc</strong></span> <span class='ocrx_word' id='word_1_314' title='bbox 344 4456 430 4518; x_wconf 85' lang='lat' dir='ltr'><strong>lirma</strong></span> <span class='ocrx_word' id='word_1_315' title='bbox 456 4474 545 4519; x_wconf 85' lang='lat' dir='ltr'><strong>mann</strong></span> <span class='ocrx_word' id='word_1_316' title='bbox 574 4456 707 4537; x_wconf 83' lang='lat' dir='ltr'><strong>scriptae</strong></span> <span class='ocrx_word' id='word_1_317' title='bbox 736 4457 878 4521; x_wconf 86' lang='lat' dir='ltr'><strong>exhibent</strong></span> <span class='ocrx_word' id='word_1_318' title='bbox 897 4444 1017 4561; x_wconf 42' lang='grc' dir='ltr'><strong>ψει</strong></span> <span class='ocrx_word' id='word_1_319' title='bbox 1088 4457 1217 4538; x_wconf 82' lang='lat' dir='ltr'><strong>paginae</strong></span> <span class='ocrx_word' id='word_1_320' title='bbox 1239 4456 1419 4538; x_wconf 68' lang='lat' dir='ltr'><strong>operies:-</strong></span> 
     </span>
     <span class='ocr_line' id='line_1_34' title="bbox 111 4544 1419 4699; baseline 0.003 -95"><span class='ocrx_word' id='word_1_321' title='bbox 111 4545 204 4621; x_wconf 84' lang='lat' dir='ltr'><strong>dium,</strong></span> <span class='ocrx_word' id='word_1_322' title='bbox 218 4545 307 4627; x_wconf 78' lang='lat' dir='ltr'><strong>subdi</strong></span> <span class='ocrx_word' id='word_1_323' title='bbox 332 4628 337 4637; x_wconf 31' lang='grc' dir='ltr'>Ι</span> <span class='ocrx_word' id='word_1_324' title='bbox 355 4544 361 4560; x_wconf 85' lang='grc'><strong>’</strong></span> <span class='ocrx_word' id='word_1_325' title='bbox 377 4544 408 4609; x_wconf 91' lang='lat' dir='ltr'><strong>in</strong></span> <span class='ocrx_word' id='word_1_326' title='bbox 418 4545 529 4625; x_wconf 78' lang='lat' dir='ltr'><strong>capita,</strong></span> <span class='ocrx_word' id='word_1_327' title='bbox 540 4544 738 4623; x_wconf 87' lang='lat' dir='ltr'><strong>theoremata,</strong></span> <span class='ocrx_word' id='word_1_328' title='bbox 748 4545 1123 4699; x_wconf 47' lang='lat' dir='ltr'><strong>problemabgtdscriptir</strong></span> <span class='ocrx_word' id='word_1_329' title='bbox 1136 4545 1193 4610; x_wconf 87' lang='lat' dir='ltr'><strong>rite</strong></span> <span class='ocrx_word' id='word_1_330' title='bbox 1203 4544 1419 4629; x_wconf 61' lang='lat' dir='ltr'><strong>numerispb‘ed</strong></span> 
     </span>
     <span class='ocr_line' id='line_1_35' title="bbox 111 4630 1418 4733; baseline 0.002 -38"><span class='ocrx_word' id='word_1_331' title='bbox 111 4633 168 4697; x_wconf 82' lang='lat' dir='ltr'><strong>rulo</strong></span> <span class='ocrx_word' id='word_1_332' title='bbox 182 4641 254 4718; x_wconf 92' lang='lat' dir='ltr'><strong>post</strong></span> <span class='ocrx_word' id='word_1_333' title='bbox 307 4714 310 4719; x_wconf 20' lang='grc' dir='ltr'>Ι</span> <span class='ocrx_word' id='word_1_334' title='bbox 394 4632 549 4718; x_wconf 88' lang='lat' dir='ltr'><strong>magisque</strong></span> <span class='ocrx_word' id='word_1_335' title='bbox 570 4632 711 4733; x_wconf 53' lang='lat' dir='ltr'><strong>sengsdt,</strong></span> <span class='ocrx_word' id='word_1_336' title='bbox 724 4634 866 4723; x_wconf 75' lang='lat' dir='ltr'><strong>studium,</strong></span> <span class='ocrx_word' id='word_1_337' title='bbox 887 4636 941 4701; x_wconf 90' lang='lat' dir='ltr'><strong>lite</strong></span> <span class='ocrx_word' id='word_1_338' title='bbox 958 4654 995 4698; x_wconf 85' lang='lat' dir='ltr'><strong>ae</strong></span> <span class='ocrx_word' id='word_1_339' title='bbox 1017 4643 1175 4719; x_wconf 64' lang='lat' dir='ltr'><strong>occurrent</strong></span> <span class='ocrx_word' id='word_1_340' title='bbox 1195 4635 1292 4698; x_wconf 86' lang='lat' dir='ltr'><strong>minus</strong></span> <span class='ocrx_word' id='word_1_341' title='bbox 1308 4630 1418 4711; x_wconf 78' lang='lat' dir='ltr'><strong>elissae,</strong></span> 
     </span>
     <span class='ocr_line' id='line_1_36' title="bbox 111 4702 1417 4809; baseline 0.003 -26"><span class='ocrx_word' id='word_1_342' title='bbox 111 4723 226 4789; x_wconf 76' lang='lat' dir='ltr'><strong>lauditia</strong></span> <span class='ocrx_word' id='word_1_343' title='bbox 249 4724 286 4787; x_wconf 89' lang='lat' dir='ltr'><strong>de</strong></span> <span class='ocrx_word' id='word_1_344' title='bbox 355 4726 371 4800; x_wconf 89' lang='lat'><strong>‚&#39;</strong></span> <span class='ocrx_word' id='word_1_345' title='bbox 392 4724 539 4807; x_wconf 89' lang='lat' dir='ltr'><strong>paulatim</strong></span> <span class='ocrx_word' id='word_1_346' title='bbox 562 4702 925 4809; x_wconf 35' lang='lat' dir='ltr'><strong>depreffidisgminorem</strong></span> <span class='ocrx_word' id='word_1_347' title='bbox 947 4724 1092 4789; x_wconf 90' lang='lat' dir='ltr'><strong>orationis</strong></span> <span class='ocrx_word' id='word_1_348' title='bbox 1110 4714 1323 4801; x_wconf 73' lang='lat' dir='ltr'><strong>subtilitatem,</strong></span> <span class='ocrx_word' id='word_1_349' title='bbox 1346 4732 1417 4787; x_wconf 86' lang='lat' dir='ltr'><strong>tan-</strong></span> 
     </span>
     <span class='ocr_line' id='line_1_37' title="bbox 111 4790 1417 4913; baseline -0.001 -34"><span class='ocrx_word' id='word_1_350' title='bbox 111 4828 152 4879; x_wconf 70' lang='lat' dir='ltr'><strong>tu</strong></span> <span class='ocrx_word' id='word_1_351' title='bbox 169 4815 270 4883; x_wconf 87' lang='lat' dir='ltr'><strong>subito</strong></span> <span class='ocrx_word' id='word_1_352' title='bbox 288 4813 478 4904; x_wconf 69' lang='lat' dir='ltr'><strong>¹abrumpitur</strong></span> <span class='ocrx_word' id='word_1_353' title='bbox 500 4830 608 4883; x_wconf 72' lang='lat' dir='ltr'><strong>serere.</strong></span> <span class='ocrx_word' id='word_1_354' title='bbox 654 4790 797 4899; x_wconf 58' lang='lat' dir='ltr'><strong>Singula,</strong></span> <span class='ocrx_word' id='word_1_355' title='bbox 820 4835 896 4909; x_wconf 86' lang='lat' dir='ltr'><strong>quae</strong></span> <span class='ocrx_word' id='word_1_356' title='bbox 918 4820 1096 4907; x_wconf 83' lang='lat' dir='ltr'><strong>sequnntur,</strong></span> <span class='ocrx_word' id='word_1_357' title='bbox 1117 4812 1194 4913; x_wconf 78' lang='lat' dir='ltr'><strong>lolia</strong></span> <span class='ocrx_word' id='word_1_358' title='bbox 1214 4813 1417 4896; x_wconf 70' lang='lat' dir='ltr'><strong>testimoninm</strong></span> 
     </span>
    </p>
   </div>
   <div class='ocr_carea' id='block_1_3' title="bbox 0 0 1648 5550">
    <p class='ocr_par' dir='ltr' id='par_1_3' title="bbox 0 0 1648 5550">
     <span class='ocr_line' id='line_1_38' title="bbox 0 0 1648 5550; baseline 0 0"><span class='ocrx_word' id='word_1_359' title='bbox 0 0 1648 5550; x_wconf 95' lang='lat' dir='ltr'><strong> </strong></span> 
     </span>
    </p>
   </div>
  </div>
 </body>
</html>
