3278 5550
152 484 237 548 illam
262 485 488 566 eastwearde
512 484 630 565 gemino
664 486 772 549 stellae
800 489 944 568 perigaeo
968 487 1070 550 causis
1093 487 1163 548 aliis
1185 484 1435 548 concurrentibus
1454 482 1506 545 ad-

147 575 255 655 juvare
278 582 389 656 potest.
435 573 540 637 Simile
564 573 612 635 his
636 583 685 638 est
707 584 738 638 et
754 579 860 658 procul
879 577 969 640 dnbio
985 596 1023 638 ex
1039 577 1144 638 eadem
1161 595 1253 637 eausa
1267 593 1407 648 manans,
1432 572 1506 654 quod

149 665 345 737 Ptolemaeus
369 663 491 745 ejusque
513 664 563 726 hic
587 663 720 726 imitator
743 666 773 728 in
802 666 864 728 alia
892 667 1054 748 hypothesi
1085 665 1271 747 Copernicus
1289 670 1357 734 (Ltt.
1379 667 1439 731 Vl.)
1462 663 1503 723 in-

151 752 332 815 clinationes
354 754 510 833 planomm
534 754 564 814 in
588 746 720 833 planetis
743 754 904 818 libratione
928 756 1039 838 aliqua,
1063 775 1138 836 qnae
1163 755 1204 816 sit
1226 751 1409 815 revolutioni
1427 751 1503 814 Solis

152 841 305 922 ἀναλογος,
328 842 488 904 instabiles
511 842 648 904 reddunt.
695 844 732 904 Id
754 844 827 906 mihi
851 863 969 926 semper
991 845 1122 906 alienum
1144 864 1163 904 a
1186 851 1294 905 natura
1316 842 1427 915 visum,
1452 840 1503 901 etsi

139 932 271 1014 quidem
294 931 487 994 latitudinum
502 930 532 992 in
548 951 614 993 meo
626 932 738 1007 ,libello
753 954 811 995 non
829 935 886 995 feci
901 934 1092 1009 mentionem,
1112 940 1145 994 at
1161 930 1343 1013 deprehendi
1360 931 1392 992 iu
1407 931 1501 991 Marte

149 1020 374 1083 inclinationem
407 1020 491 1101 plani
522 1022 815 1098 constantissimam,
847 1024 965 1106 quoties
996 1024 1025 1084 in
1058 1024 1185 1084 eundem
1217 1021 1314 1082 locum
1347 1017 1501 1081 eceentrici

148 1110 293 1185 recurrit,
318 1109 558 1192 quommcunque
583 1111 678 1172 Terra
700 1112 870 1174 recesserit
909 1113 993 1176 Idem
1016 1113 1182 1174 invenere
1205 1118 1238 1171 et
1252 1110 1404 1173 Mercurio
1429 1109 1502 1169 circa

149 1199 247 1262 nodos
271 1219 374 1262 eorum
398 1201 587 1281 exploratum
609 1200 716 1265 habeo.
1512 1203 1515 1208 '

236 1290 322 1351 Haec
355 1289 382 1350 si
404 1288 528 1369 Magine
561 1289 761 1352 solertissime
795 1289 888 1351 fueris
920 1290 1007 1353 unico
1038 1289 1149 1352 mentis
1182 1289 1290 1350 intuitu
1322 1287 1501 1367 complexus,

146 1396 264 1440 meeum
286 1378 424 1458 equidem
448 1386 574 1453 statues,
599 1380 728 1441 omnium
753 1380 771 1442 7
796 1379 994 1454 theoriarnm,
1027 1379 1107 1460 quod
1130 1387 1229 1440 motus
1253 1378 1385 1438 siderum
1410 1375 1501 1437 reales

148 1467 275 1542 attinet,
292 1468 420 1529 formam
439 1487 506 1529 esse
531 1468 621 1548 plane
641 1469 767 1531 eandem
791 1487 915 1549 eamque
937 1468 1209 1549 simplicissimam
1233 1466 1362 1548 quilibet
1380 1463 1501 1526 enimin

147 1575 208 1619 una
238 1557 424 1619 revolutione
445 1557 724 1620 constantissimum
752 1557 1035 1639 exactissimumqne
1058 1557 1201 1626 circulum
1224 1555 1366 1631 decurrit,
1390 1553 1502 1615 tardius

148 1665 250 1727 snpra,
266 1646 401 1709 velocius
419 1647 499 1708 infra
512 1647 542 1708 h.
558 1666 583 1707 e.
599 1666 691 1728 prope
707 1647 820 1722 Solem,
839 1647 927 1727 idque
944 1667 1004 1710 nou
1018 1666 1072 1729 per
1089 1646 1282 1728 phantasiam
1301 1646 1354 1706 sed
1369 1663 1402 1706 re
1424 1658 1501 1703 vera

147 1736 227 1799 Nam
242 1728 346 1816 Tycho
370 1736 461 1798 etiam
484 1735 515 1797 in
528 1736 615 1798 Luna
631 1745 810 1818 aequantem
824 1736 970 1799 adhibuit.
1009 1737 1058 1798 Ex
1077 1757 1135 1818 qua
1158 1734 1360 1817 concinnitate
1376 1741 1409 1794 et
1433 1732 1502 1793 sim-

147 1824 285 1905 plicitate
317 1826 346 1888 h.
372 1845 397 1886 e.
421 1826 605 1905 perfectione
638 1834 772 1888 motuum
804 1825 979 1887 coelestium
1013 1833 1156 1907 quantum
1190 1825 1356 1905 Oopernico
1389 1821 1504 1884 roboris

148 1914 285 1988 accedat,
309 1914 399 1976 facile
421 1914 579 1996 perspicis.
625 1916 705 1977 Nam
728 1916 788 1977 etsi
810 1915 913 1996 Tycho
938 1915 1138 1997 Copemicum
1160 1933 1249 1996 quam
1272 1914 1409 1994 proxime
1423 1911 1505 1972 'imi-

148 2011 231 2066 tatur
254 2012 286 2064 et
307 2012 517 2085 repraesentat
540 2012 657 2065 retenta
681 2006 777 2066 Terra
799 2005 830 2066 in
853 2004 951 2066 medio
975 2004 1136 2079 immobili,
1169 2003 1246 2071 illud
1274 2012 1376 2065 tamen
1398 2017 1504 2062 cavere

149 2111 210 2154 non
232 2099 354 2173 potest,
379 2092 449 2174 quin
473 2094 550 2169 vias,
573 2112 627 2174 per
650 2114 726 2174 quas
749 2094 943 2174 planetaein
969 2094 1169 2176 liquidissimo
1193 2093 1325 2168 aethere,
1349 2091 1432 2175 quod
1451 2089 1505 2171 ipsi

148 2180 238 2247 facile
262 2182 369 2255 credo,
399 2190 559 2264 gyrantur,
583 2183 614 2244 in
637 2183 737 2264 spiras
759 2182 959 2264 inaequaliter
983 2201 1159 2264 semperque
1183 2183 1274 2244 aliter
1296 2186 1505 2262 contorqueat

146 2272 192 2333 At
214 2290 275 2334 non
299 2271 367 2333 ideo
391 2272 510 2333 facilior
531 2273 584 2334 liet
605 2273 748 2334 calculus.
796 2273 866 2334 Jmo
889 2281 1001 2352 quanto
1032 2281 1121 2354 captu
1151 2272 1270 2353 planior
1296 2272 1373 2333 haec
1403 2279 1506 2332 astro·

148 2360 265 2423 nomiae
290 2361 396 2436 forma,
419 2369 506 2423 tanto
530 2369 702 2442 computatu
725 2361 916 2437 laboriosior,
940 2363 1063 2423 inventu
1086 2361 1265 2423 intricatior.

236 2449 327 2530 Quod
350 2450 615 2513 adinventionem
640 2451 764 2525 attinet,
788 2450 954 2531 periculum
977 2452 1006 2512 in
1030 2453 1156 2513 Marte
1180 2451 1253 2526 feci;
1278 2449 1356 2512 unde
1381 2450 1508 2510 demon·

147 2539 328 2602 strutionum
351 2539 469 2602 initium
491 2541 623 2603 facerem
646 2561 706 2604 uon
729 2540 836 2616 habui,
869 2548 958 2603 erant
985 2543 1085 2603 omnia
1115 2541 1240 2603 incerta.
1288 2537 1406 2610 Quodsi
1441 2537 1507 2619 quis

147 2628 299 2691 fortunam
320 2630 487 2711 periclitari
512 2639 544 2692 et
565 2649 807 2712 praesupponere
831 2630 933 2712 aliqua
956 2649 1010 2693 eeu
1033 2639 1117 2692 certa
1148 2630 1238 2703 velit,
1268 2646 1363 2709 eaque
1393 2647 1507 2708 suppo-

147 2718 257 2781 sitione
279 2718 443 2782 identidem
465 2720 585 2782 variata
607 2722 694 2803 qnasi
717 2738 771 2801 per
794 2721 930 2801 regulam
954 2721 1025 2782 falsi
1047 2720 1194 2802 paulatim
1218 2719 1256 2780 ad
1280 2737 1371 2780 veras
1387 2716 1504 2779 dimen-

146 2806 248 2873 siones
273 2810 468 2883 contendere,
501 2810 547 2871 illi
569 2810 600 2872 in
632 2818 717 2871 tanto
745 2828 869 2871 numero
893 2809 1129 2890 quaerendomm
1159 2828 1220 2871 non
1249 2808 1338 2870 facile
1368 2813 1501 2888 apparet,

146 2917 205 2980 qua
226 2898 259 2959 in
281 2907 368 2977 parte
400 2900 496 2959 lateat
524 2917 621 2973 error;
654 2914 816 2979 processus
848 2918 920 2960 vero
954 2899 1063 2978 singuli
1096 2898 1134 2960 ab
1167 2897 1252 2960 initio
1285 2895 1502 2978 suppositionis

146 3005 242 3068 usque
272 2988 312 3048 ad
343 2988 446 3048 hoeni.
461 3006 539 3068 pene
571 2986 705 3049 infinitae
738 2987 944 3067 longitudinis.
1009 2990 1115 3070 ltaque
1149 2988 1249 3049 divino
1280 3005 1327 3048 rue
1360 2984 1506 3048 beneficio

146 3074 269 3154 Magius
292 3075 556 3156 praestantissime
580 3076 728 3151 afficeres,
754 3076 779 3137 si
803 3095 849 3138 me
873 3077 1004 3138 doceres*
1022 3077 1072 3137 via
1094 3075 1225 3138 faciliori
1249 3075 1397 3157 inquirere
1423 3093 1506 3136 com-

145 3166 263 3245 positas
287 3166 418 3226 eceentri
448 3165 654 3246 aequationes
701 3166 780 3227 Rern
809 3166 929 3247 quidem
960 3185 994 3228 eo
1017 3167 1159 3247 perduxi,
1194 3175 1227 3227 ut
1257 3166 1331 3228 mihi
1354 3185 1415 3226 non
1438 3165 1507 3245 plus

95 3296 98 3303 ι
145 3252 262 3315 duabus
285 3254 587 3335 multiplicationibus
611 3273 686 3336 opus
711 3246 760 3316 sit.
806 3256 852 3317 At
874 3257 944 3317 dum
966 3256 1059 3318 nimia
1078 3256 1241 3337 cupiditate
1262 3256 1342 3317 feror
1356 3254 1387 3315 in
1403 3252 1506 3335 inqui-

147 3341 289 3409 sitionem
311 3343 538 3406 verissimamm
561 3343 797 3425 proportionum,
821 3345 942 3407 tabulas
960 3346 1172 3427 aequationum
1187 3344 1287 3406 nullas
1306 3345 1412 3417 condo,
1438 3342 1507 3424 qui·

146 3430 204 3495 bus
227 3431 258 3495 iu
281 3433 432 3515 operando
457 3434 611 3496 sublever:
638 3454 704 3496 cum
726 3453 787 3497 non
810 3434 854 3496 ita
875 3453 1004 3515 magnus
1026 3455 1099 3498 sane
1123 3435 1209 3497 labor
1232 3435 1287 3510 sit,
1312 3430 1377 3496 360
1398 3432 1507 3495 multi-

147 3522 327 3603 plicationes
350 3543 406 3604 pro
432 3518 514 3587 180⁰
534 3524 693 3605 perticere3
728 3523 830 3599 labor,
864 3524 999 3605 inquam,
1031 3544 1092 3588 nou
1123 3525 1167 3586 ita
1189 3543 1331 3605 magnus,
1361 3523 1387 3584 si
1411 3521 1508 3584 semel

145 3612 358 3694 susciperetur.
392 3613 437 3676 At
459 3613 552 3675 toties
574 3631 683 3676 novam
707 3613 835 3675 condere
858 3614 1003 3689 tabulam,
1027 3613 1145 3696 quoties
1169 3621 1307 3677 assumta
1329 3611 1508 3694 symmetria

147 3702 226 3764 falsa
241 3701 483 3785 deprehenditur,
507 3703 540 3764 id
554 3722 626 3764 vero
642 3703 859 3784 permolestum
873 3711 904 3765 et
918 3703 1143 3785 praestabilius,
1167 3713 1220 3767 tuo
1235 3702 1364 3785 mystico
1380 3718 1506 3765 numero

144 3791 191 3853 uti
213 3791 253 3854 ad
277 3811 330 3854 eas
353 3791 437 3854 solas
461 3792 657 3875 aequationes
680 3792 854 3868 eliciendas,
879 3792 985 3874 quibus
1008 3813 1063 3875 pro
1086 3813 1119 3856 re
1142 3802 1216 3856 nata
1239 3811 1314 3875 opus
1338 3799 1396 3853 est.
1406 3785 1432 3864 ²)
1496 3856 1499 3861 ⁴

234 3879 311 3944 Cum
325 3881 426 3963 itaque
442 3882 493 3944 diu
508 3882 694 3944 laborassem
711 3882 853 3964 variaque
869 3883 1157 3946 demonstrationum
1173 3881 1355 3945 adminicula
1368 3880 1506 3942 effinxis-

145 3988 222 4044 sem,
257 3971 379 4034 tandem
402 3970 432 4033 iu
455 3971 531 4032 haec
554 3971 612 4032 dno
632 3971 825 4052 problemata
847 3973 955 4047 incidi,
989 3991 1065 4054 quae
1094 3973 1133 4035 ad
1163 3990 1227 4034 rem
1249 3971 1378 4047 maxime
1402 3971 1506 4032 facere

143 4062 233 4139 pdto:
258 4078 384 4141 quorum
406 4061 534 4122 altemm
556 4060 625 4141 plus
649 4061 849 4135 certitudinis,
874 4062 1002 4124 alterum
1024 4064 1093 4143 plus
1111 4063 1224 4144 ingenii
1241 4062 1353 4124 habere
1373 4060 1504 4121 videtur.

233 4149 331 4211 Detur
353 4151 483 4230 angulus
504 4158 604 4230 motus
627 4150 718 4212 medii
733 4151 883 4231 planetae
899 4153 1029 4234 itemque
1045 4153 1128 4215 Solis
1144 4153 1224 4214 circa
1239 4160 1351 4231 puncta
1366 4169 1504 4230 aequan-

143 4245 208 4299 tnm
231 4238 270 4300 ad
301 4239 447 4320 temporis
480 4239 635 4322 quodlibet
667 4241 797 4321 spatium
813 4241 1067 4304 determinatum.
1115 4245 1212 4306 Detur
1244 4248 1275 4302 et
1302 4233 1390 4302 loeus'
1417 4240 1505 4302 Solis

134 4345 234 4390 uerus
257 4330 296 4390 ad
319 4336 501 4391 momentum
525 4329 690 4410 quodlibet,
715 4348 781 4392 cum
804 4349 862 4410 qno
885 4331 975 4393 datur
990 4339 1021 4392 et
1036 4350 1202 4413 apogaeum
1218 4339 1250 4392 et
1265 4329 1504 4392 eecentricitatis

143 4418 329 4498 compositae
352 4418 391 4479 ad
415 4419 516 4481 orbem
538 4420 703 4499 proportio.
750 4420 914 4482 Nesciatnr
937 4440 1008 4482 vero
1031 4422 1187 4502 longitudo
1211 4420 1340 4501 simplex
1357 4421 1503 4501 planetae

144 4508 229 4582 (nam
252 4515 283 4568 et
305 4507 386 4569 cirea
404 4508 482 4570 hanc
498 4508 706 4588 corrigendam
721 4507 854 4571 artifices
872 4513 1080 4591 occupantur),
1103 4512 1256 4573 nesciatur
1271 4511 1355 4572 locus
1371 4507 1502 4589 apogaei

147 4595 264 4677 (potius
287 4596 426 4676 ἀφηλιου)
449 4598 607 4678 planetae,
625 4599 777 4660 nesciatur
799 4600 955 4679 proportio
980 4601 1095 4663 orbium
1118 4603 1230 4663 Terrae
1254 4602 1322 4675 (seu
1345 4598 1445 4670 Solis)
1470 4606 1504 4658 et

142 4686 293 4766 planetae,
316 4686 470 4749 nesciatur
483 4689 638 4769 proportio
653 4687 888 4750 eecentricitatis
901 4688 1042 4769 planetae
1057 4691 1095 4752 ad
1111 4690 1213 4752 orbem
1229 4709 1324 4764 suum,
1345 4689 1503 4751 nesciatur

142 4776 297 4856 proportio
319 4775 452 4858 partium
473 4778 562 4859 hujus
586 4777 831 4853 eecentricitatis,
855 4779 1008 4841 nesciatur
1030 4780 1121 4842 ctiam
1140 4780 1170 4841 iu
1192 4772 1311 4842 theoria
1326 4778 1409 4841 Solis
1433 4778 1500 4852 (vel

142 4864 269 4939 Terrae)
290 4865 449 4950 proportio
470 4867 600 4947 partium
624 4867 859 4930 eecentricitatis
881 4869 1075 4950 compositae.
1116 4871 1235 4934 Dentur
1253 4871 1316 4951 jam
1339 4877 1403 4931 tres
1425 4868 1500 4950 pla-

154 299 198 374 40
531 348 534 355 .
572 300 672 360 litterae
690 302 793 373 Kspleri
810 301 961 376 utramnque
978 315 1080 360 mutuae
