3278 5550
251 312 294 387 38
667 309 769 371 tram
786 310 889 382 chleri
907 312 1056 383 aliorumque
1074 318 1175 369 mutuat

249 497 345 573 colui;
369 493 422 561 95.
446 495 579 558 libellum
603 494 693 569 edidi,
717 496 765 557 cni
784 494 891 557 titulus
914 502 963 556 est
983 492 1208 575 Mysterium
1231 491 1598 575 Ooamograpbicnm.

248 587 284 652 Si
307 586 363 649 tibi
385 585 537 666 exemplar
550 585 686 647 Paduam
700 584 911 646 transmissum
928 592 984 659 est,
1008 584 1040 646 id
1053 583 1098 643 ita
1116 590 1150 644 ut
1167 582 1248 645 volui
1264 584 1377 645 facturn
1392 581 1485 656 est.')
1525 583 1599 647 Cum
1632 597 1635 636 ¹

247 695 301 759 per
323 676 429 739 literas
450 672 632 738 Phoenicem
664 681 799 735 nostrum
832 673 1049 754 Tychonem.
1064 671 1248 734 Brabeum
1280 673 1524 752 compellassem
1556 672 1596 737 uu·
1628 686 1635 728 Ι

248 784 333 829 suurn
355 765 407 827 ille
431 783 520 844 super
542 780 579 824 eo
602 761 704 825 libello
723 761 871 841 judicium
892 762 1043 843 proderet,
1067 762 1106 823 ad
1120 761 1359 841 respondendum
1375 762 1477 823 inveni
1494 780 1596 841 prom-
1626 776 1631 817 1

246 855 411 927 tissimum,
444 854 519 915 adeo
541 859 576 913 ut
597 871 644 913 me
668 852 707 911 ad
731 869 798 912 sese
822 869 934 933 suaque
958 852 1058 914 studia
1080 850 1208 913 visenda
1230 850 1383 915 invitaret
1429 851 1544 914 Haesit
1563 869 1595 913 so
1624 900 1627 905 .

245 948 379 1025 tempore
402 943 432 1005 in
456 941 606 1016 Cimbria;
637 940 726 1021 paulo
758 947 830 1021 post
861 948 894 1002 ut
922 941 953 1003 in
974 940 1150 1003 Bobemiam
1172 940 1256 1002 venit
1277 940 1336 1002 iter
1359 941 1495 1021 suscepi,
1526 939 1593 1014 vldi,
1623 958 1635 996 :

244 1032 379 1116 probavi,
402 1031 569 1094 admiratus
593 1049 667 1104 sum,
692 1029 860 1108 concupivi,
885 1029 971 1091 haesi
994 1029 1135 1110 denique:
1170 1037 1201 1089 et
1217 1029 1307 1108 jussu
1332 1028 1492 1103 Caesaris,
1519 1029 1593 1111 qnod

244 1122 378 1205 Tycboni
401 1121 491 1183 credo
514 1118 695 1200 promoturi,
729 1118 875 1180 familiam
907 1137 943 1179 co
966 1119 1117 1180 transtuli.
1166 1118 1227 1181 Onr
1256 1115 1301 1180 ita
1323 1119 1470 1193 facerem,
1503 1119 1593 1179 movit
1625 1136 1635 1153 ·

242 1231 290 1274 me
312 1210 516 1293 potissimum,
540 1207 630 1289 quod,
653 1227 742 1288 quarn
761 1208 826 1287 jam
849 1208 898 1269 diu
921 1208 1051 1270 meditor
1072 1207 1329 1270 Harmonicen
1351 1208 1496 1281 Mundi,
1526 1224 1592 1288 per-
1632 1230 1635 1249 =

243 1301 341 1374 fcere,
363 1299 423 1361 nisi
445 1305 618 1361 restaurata
639 1315 693 1377 per
716 1297 888 1379 Tychonem
912 1297 1097 1359 astronomia
1118 1304 1172 1359 aut
1194 1297 1377 1379 comparatis
1400 1297 1466 1378 ejus
1489 1297 1591 1359 obser·
1627 1324 1635 1354 a

241 1388 413 1452 rationibus
436 1406 496 1450 non
518 1405 651 1467 possum.
698 1385 800 1458 Quid?
829 1386 887 1447 hoc
909 1386 981 1447 mali
1005 1387 1102 1448 dicam
1125 1404 1193 1450 esse
1216 1387 1247 1447 in
1270 1393 1335 1448 arte
1367 1395 1487 1461 nostra,
1521 1405 1590 1469 quae
1623 1406 1635 1447 ε

245 1478 341 1543 omnis
359 1476 498 1557 justitiae
522 1475 648 1556 fideique
672 1495 777 1537 norma
800 1482 848 1536 est
871 1482 902 1536 et
924 1475 1018 1556 origo,
1042 1477 1120 1558 quod
1143 1475 1255 1538 ineam
1278 1475 1399 1537 fraudes
1414 1475 1592 1558 irruperunt,
1625 1510 1635 1537 ε

243 1567 349 1651 quibus
366 1565 491 1646 'decepti
515 1565 682 1627 retinentur
704 1564 762 1626 viri
786 1565 909 1639 summi,
933 1584 991 1646 qno
1015 1566 1112 1627 minus
1135 1573 1169 1626 ut
1190 1584 1246 1646 par
1268 1573 1335 1626 erat
1357 1564 1500 1646 quidquid
1524 1584 1592 1646 pro·
1626 1598 1635 1627 ι

242 1658 340 1720 fecere
363 1655 394 1717 in
417 1673 570 1717 commune
604 1654 777 1728 conferant,
810 1654 841 1716 in
863 1653 1015 1735 publicum
1041 1655 1146 1729 edant,
1170 1654 1343 1736 petentibus
1366 1655 1592 1717 communicent
1625 1680 1635 1719 r

239 1745 356 1810 Premit
387 1743 491 1828 'lycho
524 1743 681 1825 pleraque:
715 1744 905 1837 planetarum
936 1743 1072 1806 theorias
1103 1751 1308 1818 restauratas,
1341 1742 1593 1819 eccentricitatas,
1626 1772 1635 1811 s

240 1835 449 1917 proportiones
480 1833 596 1895 orbium
627 1833 666 1894 ad
699 1832 899 1895 examinanda
931 1853 997 1895 mea
1028 1833 1203 1896 harmonica
1235 1831 1389 1915 quaesivi:
1423 1832 1509 1897 Solis
1544 1832 1593 1895 ille
1626 1870 1631 1899 ι

239 1926 423 2005 lixarumque
456 1940 603 1996 canones,
635 1940 769 2004 quaeque
801 1922 831 1983 in
855 1922 956 1997 Luna,
989 1930 1020 1983 et
1052 1924 1130 2005 quod
1161 1922 1353 2004 potissimum
1385 1923 1535 2003 expetivi,
1566 1921 1593 1984 in
1630 1935 1635 1995 g

239 2013 359 2077 Marte
378 2012 443 2092 jam
468 2010 697 2090 olimpperfecit,
721 2030 758 2071 ea
780 2011 906 2092 profert,
930 2031 997 2099 cum
1021 2013 1205 2075 correctiora
1228 2012 1270 2073 sit
1293 2012 1436 2075 editurus
1477 2011 1592 2076 Obsar-
1632 2047 1635 2087 1

239 2101 378 2165 vationes
410 2098 528 2184 quidem
551 2100 733 2162 lectissimas
756 2100 898 2180 porrigit,
931 2120 990 2165 nou
1021 2109 1122 2163 tamen
1155 2101 1259 2176 aliter,
1291 2120 1379 2183 quam
1408 2101 1490 2163 intra
1524 2119 1593 2164 snos
1628 2101 1635 2176 ιζ

237 2191 380 2275 parietes.
417 2189 549 2264 Laboro,
572 2187 678 2271 inquit,
702 2196 734 2250 tu
759 2208 892 2271 qnoque;
917 2190 1018 2264 credo,
1042 2192 1120 2273 q'uod
1140 2190 1364 2271 Copcrnicsnae
1388 2189 1594 2272 hypotheseos
1631 2230 1635 2265 ,

239 2280 429 2345 defensorem
452 2280 530 2341 alins
553 2278 618 2359 ipse
642 2278 811 2340 sententiae
836 2286 975 2359 spectare
999 2280 1164 2367 constitnit.
1210 2280 1277 2360 Ego
1301 2279 1456 2361 Tychonis
1487 2279 1593 2342 obser·
1629 2316 1633 2353 ς

237 2368 411 2433 rationibus
433 2369 548 2450 potitu‘s
567 2367 633 2448 jam
665 2387 774 2429 annum
804 2367 953 2448 integrum
986 2367 1144 2449 Copemici
1175 2369 1359 2451 hypotheses
1392 2369 1532 2433 examino
1563 2368 1593 2429 in
1631 2409 1635 2450 :

237 2459 366 2522 Marte
388 2458 557 2540 praecipue.
604 2456 729 2519 Interim
761 2465 794 2518 tu
826 2457 866 2518 ad
889 2457 1062 2543 Tychonem
1086 2458 1236 2539 scripsisti
1259 2477 1319 2519 non
1343 2456 1436 2519 semel
1443 2477 1454 2532 3
1489 2457 1593 2520 literas
1631 2502 1635 2539 2

237 2555 308 2609 tuas
329 2547 441 2629 partim
464 2546 542 2628 legi,
565 2547 676 2626 partim
699 2545 800 2609 andivi
823 2545 983 2608 recenseri.
1030 2547 1219 2610 Admiranda
1250 2555 1282 2608 tu
1315 2565 1430 2627 quoqne
1461 2565 1592 2611 comme·

238 2656 349 2712 moras,
373 2636 518 2718 simulque
541 2654 676 2716 premere
699 2635 754 2697 illa
777 2643 809 2697 et
830 2637 895 2717 ipse
913 2637 1074 2718 profiteris.
1113 2636 1223 2700 Orem
1241 2635 1405 2716 indignam,
1428 2636 1506 2698 adeo
1522 2655 1591 2718 per·
1632 2684 1635 2725 ἰ

238 2725 303 2791 dita
326 2745 394 2788 csse
417 2733 564 2808 tempora,
587 2733 622 2786 ut
644 2724 718 2787 viris
739 2724 841 2799 ,doctis
864 2746 981 2808 quoqne
1005 2726 1034 2788 in
1057 2735 1138 2789 metu
1155 2727 1196 2788 sit
1210 2725 1406 2787 versandum!
1445 2724 1589 2798 Quamvis
1633 2784 1635 2806 Ι

237 2823 271 2887 tp
294 2815 413 2897 quidem
436 2835 495 2878 non
519 2814 676 2878 obscuram
693 2833 777 2894 spem
798 2814 918 2890 feceris,
941 2817 1226 2878 communicaturum
1249 2822 1347 2876 tetus
1366 2832 1432 2876 cum
1455 2814 1521 2889 illo,
1544 2811 1588 2895 qui
1633 2867 1635 2895 ,

238 2924 294 2969 sua
315 2904 450 2966 vicissim
472 2911 571 2964 tecum
596 2903 802 2963 communicet.
850 2904 885 2966 ld
909 2922 964 2982 ego
988 2915 1147 2986 postquam
1171 2923 1209 2965 ex
1236 2903 1333 2965 literis
1360 2903 1422 2965 tuis
1446 2901 1591 2977 intellexi,
1633 2958 1635 2973 ,

235 2992 358 3055 mirifice
381 2992 413 3052 in
435 2992 480 3053 tui
503 3009 634 3052 amorem
649 2990 759 3065 exarsi,
783 2992 872 3071 idque
892 2999 977 3053 tanto
992 2994 1100 3073 magis,
1124 3001 1235 3074 quanto
1255 2992 1317 3067 illa,
1334 2992 1454 3073 quaein
1475 3000 1592 3054 secreto

236 3080 347 3144 habere
371 3079 494 3155 dixisti,
526 3099 609 3140 meos
642 3079 763 3140 labores
793 3081 996 3161 astronomiae
1020 3083 1098 3144 forte
1121 3102 1180 3143 non
1204 3081 1325 3143 inutiles
1348 3081 1489 3161 adjutura
1514 3089 1592 3144 sunt

236 3171 285 3235 Ac
308 3169 367 3231 etsi
390 3169 508 3251 quidem
531 3186 578 3243 ea,
601 3187 676 3249 quae
699 3169 873 3250 a'l'ychone
888 3169 996 3244 habeo,
1021 3171 1155 3233 vicissim
1173 3179 1272 3232 tecum
1295 3171 1515 3233 communicare
1534 3191 1591 3233 non

236 3277 360 3342 possum
383 3259 443 3322 nisi
465 3257 531 3339 ipso
555 3257 761 3320 consentiente
785 3259 888 3332 (fidem
912 3279 1038 3342 namque
1063 3280 1152 3342 snper
1179 3260 1236 3322 bac
1259 3280 1291 3321 re
1314 3260 1359 3322 illi
1383 3260 1478 3336 dedi),
1503 3279 1592 3343 spero

239 3356 350 3423 tamen,
366 3355 396 3410 te
411 3348 474 3410 fore
490 3346 564 3411 mihi
581 3365 718 3431 aequum,
742 3347 769 3408 si
783 3366 822 3410 cx
836 3367 946 3435 eorum,
970 3370 1046 3431 quae
1060 3350 1181 3432 proprio
1191 3351 1291 3412 Marte
1307 3348 1457 3426 adinveni,
1472 3349 1592 3413 liberali

240 3437 507 3500 communicatione
531 3434 690 3498 candorem
712 3456 809 3499 meum
831 3440 1040 3519 perspexeris;
1072 3461 1131 3502 non
1161 3439 1242 3521 qnod
1271 3438 1310 3501 iis
1331 3447 1362 3500 te
1384 3440 1511 3501 multum
1535 3439 1591 3501 ad·

236 3520 334 3608 J‘ntum
357 3528 395 3590 iri
418 3545 540 3609 sperare
563 3526 678 3607 possim
702 3528 783 3600 (snm
806 3527 885 3588 enirn
907 3542 994 3590 m'eae
1016 3529 1090 3591 mihi
1111 3528 1269 3591 tenuitatis
1293 3528 1456 3602 conscius),
1480 3530 1537 3592 sed
1558 3534 1593 3592 nt

240 3616 372 3681 animum
394 3625 429 3678 ut
450 3615 513 3679 dixi
536 3634 633 3678 meum
655 3614 770 3678 videas.
816 3616 896 3680 Nam
920 3625 951 3679 et
972 3619 1030 3680 hoc
1053 3617 1180 3694 accedit,
1204 3618 1284 3700 qnod
1308 3625 1392 3680 tanto
1415 3617 1529 3681 rectius
1543 3637 1591 3681 me

237 3706 346 3787 invare
368 3705 494 3788 poteris,
517 3704 569 3767 nbi
590 3704 713 3779 videris,
737 3705 844 3787 quibus
867 3705 898 3768 in
920 3707 1010 3770 rebus
1033 3727 1145 3770 verser.
1186 3707 1221 3771 Si
1244 3708 1281 3769 de
1299 3727 1367 3769 mea
1380 3704 1437 3770 fids
1455 3698 1589 3783 dubitas,

239 3795 335 3858 babes
357 3795 407 3857 hic
429 3793 659 3875 chirographum
682 3812 795 3870 meum,
819 3814 877 3877 quo
900 3795 1054 3859 bonafide
1076 3798 1238 3878 promitto,
1266 3815 1313 3857 me
1336 3796 1477 3878 quicquid
1500 3797 1591 3878 hujus

232 3884 312 3946 'mihi
343 3881 610 3946 communicaveris
641 3883 671 3944 in
705 3887 821 3945 secreto
848 3883 1037 3961 habiturum,
1069 3906 1128 3948 non
1160 3904 1216 3967 pro
1253 3905 1319 3948 meo
1355 3887 1588 3962 venditatumm,

239 3972 315 4039 nulli
336 3972 490 4036 bominum
513 3970 648 4061 quisquis
671 3971 721 4045 ille
746 3974 787 4034 sit
809 3975 1109 4039 communicaturum:
1147 3974 1211 4037 sine
1235 3976 1305 4038 dolo
1334 3976 1429 4050 malo,
1461 3977 1589 4051 sincere,

187 4118 191 4127 .
237 4062 264 4124 si
287 4081 375 4125 secus
398 4063 501 4141 faxim,
524 4062 572 4123 vir
594 4060 769 4124 inhonestus
792 4062 913 4125 habear.

327 4151 413 4224 Quas
436 4160 536 4215 autem
560 4170 617 4232 ego
639 4150 861 4232 deprehendere
883 4153 977 4234 potui,
1000 4142 1086 4216 haec'
1100 4153 1163 4215 fere
1187 4161 1266 4216 sunt.

327 4243 364 4304 In
377 4242 480 4304 libello
494 4261 561 4303 meo
576 4239 833 4322 cosmographico
846 4241 996 4323 peculiare
1012 4250 1103 4323 caput
1124 4251 1181 4318 est,
1205 4236 1270 4306 curn
1285 4242 1389 4305 tabula
1404 4262 1423 4304 a
1437 4243 1587 4306 Maest-

237 4329 315 4397 lino
339 4340 528 4412 computata,
560 4331 591 4393 in
620 4349 679 4411 qua
709 4331 893 4412 hypotheses
917 4331 1076 4412 Copernici
1106 4331 1151 4395 sic
1184 4333 1285 4394 censui
1308 4332 1517 4411 conigendas,
1551 4343 1587 4396 ut

236 4420 426 4501 planetarum
448 4419 689 4483 eccentricitates
711 4439 903 4503 summaeque
926 4421 1048 4502 apsides
1063 4419 1100 4482 ab
1117 4421 1183 4503 ipso
1206 4421 1285 4483 veri
1308 4421 1367 4483 loci
1383 4421 1467 4485 Solis
1481 4429 1586 4484 centm

237 4509 420 4585 deriventur,
447 4530 506 4572 non
535 4532 553 4571 a
576 4509 696 4572 medio
718 4509 785 4571 loco
808 4509 901 4573 Solis.
947 4517 1043 4581 (Prode
1064 4517 1214 4583 oap.1v.;
1238 4517 1295 4568 vol.
1314 4518 1335 4569 Ι,
1354 4533 1380 4583 p.
1401 4516 1460 4568 153.
1498 4518 1584 4584 casp.

238 4604 374 4661 esmant
394 4609 455 4672 cap.
474 4607 520 4670 v.)
560 4600 595 4664 Id
619 4590 786 4661 certissime
817 4598 862 4661 ita
892 4599 1002 4661 habere
1031 4599 1231 4680 deprehendi,
1262 4600 1373 4662 Martis
1404 4589 1585 4663 certissimis

238 4690 499 4754 observationibus
530 4689 570 4751 sd
602 4687 888 4753 demonstrationum
919 4688 1065 4752 calculum
1097 4689 1256 4752 revocatis.
1308 4688 1382 4753 Alio
1415 4690 1482 4770 ejus
1513 4689 1585 4752 libri

240 4781 339 4862 capite
363 4777 906 4854 (tap.xx11.vol.1.p.lssl.)rnonui
938 4779 975 4840 de
1007 4779 1126 4842 theoria
1151 4777 1251 4853 Solis,
1266 4860 1267 4864 Ἰ
1284 4779 1363 4860 qood
1393 4798 1431 4841 ea
1460 4799 1521 4845 non
1549 4788 1586 4841 nt

237 4868 377 4954 planetas
399 4868 493 4934 ceteri
515 4867 555 4932 ab
576 4865 741 4932 artificibus
763 4875 940 4949 aequantem
963 4866 1005 4931 sit
1026 4869 1147 4950 adepta,
1169 4867 1223 4932 sed
1238 4867 1309 4940 sola
1319 4866 1448 4948 simplici
1462 4875 1585 4933 consmt
