3278 5550
226 285 270 358 56
501 258 533 317 ff
647 283 748 340 Literae
765 285 869 355 Keplsri
891 288 1042 354 aliommque
1059 293 1161 338 mutuae

229 489 324 550 opus,
359 466 437 549 quod
461 465 549 527 edere
572 473 671 539 vetor,
704 467 783 546 apud
816 466 1001 529 academiam
1024 467 1182 546 deponere.
1225 470 1323 536 (comp.
1346 471 1400 521 vot.
1419 472 1454 530 11,
1479 488 1505 537 p.
1526 470 1599 540 31.)

226 560 385 622 Refertum
410 563 458 616 est
481 556 668 617 creberrimis
692 568 724 616 et
748 557 919 618 lectissimis
945 556 1094 638 Tychonis
1118 553 1388 616 observationibus.
1427 553 1462 615 Si
1487 554 1600 616 levis.

227 649 305 712 sima
328 666 399 728 spes
422 653 505 706 esset
528 645 565 705 de
589 645 793 724 Tengnaglio‚
825 645 902 726 quod
927 644 1039 724 aliquid
1063 644 1104 706 sit
1126 645 1323 723 prolecturus,
1347 643 1388 705 nil
1413 660 1490 723 opus
1514 663 1603 710 esse

226 745 366 820 putarem
390 753 455 796 meo
488 733 613 794 consilio
637 733 817 815 Tychonicis
853 734 1032 795 observatis.
1080 734 1125 794 At
1148 733 1235 797 crede
1259 731 1350 807 mihi,
1385 751 1444 794 non
1468 732 1526 801 aba
1552 755 1601 798 re

227 837 338 901 metuo,
363 844 399 886 ne
414 842 471 903 quo
495 830 585 901 pacto
610 822 749 885 desertae
772 833 910 902 pereant.
947 821 1069 894 Quaeso
1094 822 1165 904 quid
1188 822 1242 883 tibi
1265 821 1366 894 animi,
1391 821 1599 904 siTychonis

226 917 293 978 loco
317 932 402 976 esses
427 920 458 972 et
480 912 542 973 ista
574 930 728 987 cerneres,
763 932 801 973 an
826 913 917 974 etiam
951 930 1145 975 succenseres
1165 910 1256 988 mihi,
1290 912 1345 972 hoc
1369 931 1479 973 ausuro
1504 916 1595 992 quod

229 1003 337 1085 agito?
374 1002 421 1063 De
446 1000 608 1081 eclipsibus
639 1001 747 1082 scripsi
775 1010 846 1063 uate
876 1021 995 1063 menses
1028 1001 1155 1076 multos,
1186 1008 1221 1061 ut
1243 1007 1275 1061 et
1297 1000 1334 1061 de
1358 1001 1450 1062 stella
1473 997 1587 1082 Cygni.

226 1092 289 1156 Sed
312 1092 381 1153 nolo
397 1099 427 1151 te
443 1109 543 1169 agere,
566 1100 657 1169 tange
673 1110 762 1152 unum
777 1083 880 1153 horum
895 1099 1023 1173 quatuor
1036 1090 1147 1164 verbis,
1171 1090 1276 1170 quibus
1293 1088 1420 1152 totidem
1439 1106 1583 1152 annorum
1619 1116 1622 1121 ’

229 1181 347 1262 culpam
371 1179 485 1242 silentii
509 1181 601 1241 elnes.
647 1179 727 1241 Vale
751 1199 855 1261 meque
879 1200 957 1245 ama.
1003 1181 1122 1260 Pragae
1151 1176 1201 1242 14.
1225 1178 1299 1240 Dec.
1325 1174 1420 1242 1604.

249 1278 251 1282 ‘
790 1270 907 1332 Excell.
937 1270 1019 1331 Tuae

975 1357 1106 1422 Gratias.
1131 1353 1303 1437 Discipulus

1191 1446 1225 1509 J.
1249 1444 1423 1528 Klseppler.
1448 1449 1526 1516 (siet)

322 1589 394 1650 Quae
412 1585 612 1636 Messalinus
631 1587 664 1636 ad
682 1593 732 1637 tres
749 1588 898 1651 praemissas
916 1587 1002 1637 literas
1020 1588 1173 1653 responderit
1191 1584 1228 1649 (d.
1248 1584 1290 1636 28.
1304 1586 1361 1637 Jan.
1377 1583 1459 1648 1805)
1477 1589 1579 1637 maxima

231 1678 262 1714 es
279 1668 350 1726 parte
369 1658 521 1710 exhibuimus
539 1656 596 1706 Vol.
616 1658 649 1709 Π.
668 1674 692 1722 p.
714 1657 755 1716 15,
775 1657 835 1716 582,
854 1656 915 1707 754.
933 1667 1061 1710 reservata
1079 1660 1236 1710 conclusione
1260 1659 1358 1708 illarum
1375 1660 1504 1709 literarum
1520 1659 1580 1719 hune

231 1737 259 1785 in
275 1733 363 1782 loousn.
396 1728 519 1786 Gratulor,
539 1728 625 1792 inquit,
644 1731 803 1780 vehementer
821 1737 847 1780 et
858 1730 965 1796 gaudeo,
984 1731 1073 1782 Martis
1091 1737 1185 1780 motum
1203 1731 1329 1795 hucusque
1347 1744 1363 1779 a
1380 1737 1406 1780 te
1426 1731 1581 1781 constrictum

231 1812 306 1870 teque
323 1805 403 1868 ipsum
421 1814 496 1865 prope
525 1800 669 1852 debellasse.
711 1802 805 1852 Verum
824 1817 888 1867 quae
906 1803 1005 1864 scribis,
1035 1807 1115 1854 fateor
1131 1817 1172 1852 me
1191 1816 1240 1852 non
1260 1803 1358 1851 omniuo
1382 1804 1480 1867 assequi
1507 1815 1583 1869 posse,

234 1876 317 1940 eapite
336 1875 401 1924 enim
419 1886 504 1922 carere
522 1871 643 1922 videntur.
680 1873 752 1923 Unde
771 1874 867 1939 colligo,
886 1880 912 1922 te
930 1882 1008 1924 antea
1026 1888 1120 1939 quoque
1140 1876 1172 1922 de
1190 1873 1276 1923 eodem
1296 1873 1329 1922 ad
1347 1888 1386 1922 me
1405 1875 1542 1937 scripsisse,
1562 1878 1586 1922 et

232 1960 389 1997 numerorum
406 1944 518 2000 illorum,
546 1958 647 2008 quornm
664 1945 704 1995 hic
722 1947 873 2002 meministi,
900 1947 1019 2011 originem
1046 1946 1157 2009 adeoque
1182 1945 1346 1995 fundamenta
1373 1943 1432 1992 mihi
1451 1945 1584 1997 indicasse.

233 2016 327 2069 Verum
345 2016 462 2082 quoniam
479 2013 539 2063 illud
556 2016 673 2079 scriptum
690 2016 750 2065 mihi
768 2032 818 2066 non
837 2016 958 2066 redditum
972 2024 1017 2074 est,
1036 2017 1092 2066 ideo
1110 2016 1173 2066 haec
1186 2031 1251 2080 qnae
1270 2017 1305 2065 eis
1324 2022 1494 2072 annectuntur
1513 2028 1589 2081 aegre

233 2090 349 2155 percipio.
385 2087 416 2137 lu
443 2087 531 2135 ceteris
558 2093 628 2147 tunm
656 2088 784 2137 consilinm
810 2088 892 2152 probo.
930 2087 980 2138 Sed
1006 2088 1075 2137 hisce
1102 2089 1157 2138 sale
1185 2089 1285 2152 optime.
1324 2085 1392 2137 Deus
1410 2094 1437 2137 te
1464 2101 1523 2137 curn
1539 2088 1589 2137 tuis

235 2161 371 2211 elementer
387 2163 524 2213 conservet,
544 2163 572 2205 ut
590 2159 654 2221 quod
673 2160 726 2224 egis
744 2159 849 2209 feliciter
866 2173 986 2225 peragere
1005 2160 1090 2224 possis.

321 2233 414 2280 Actum
431 2228 561 2292 'fobinges
580 2227 626 2282 ac.

321 2302 415 2363 Quibus
438 2299 565 2363 respondit
591 2300 713 2366 Keplerus
741 2302 868 2351 exsultans
895 2302 986 2367 gaudio
1014 2302 1079 2365 quod
1103 2301 1227 2350 edendnm
1250 2299 1377 2351 Maestlinl
1406 2301 1591 2365 quinquennale

231 2372 445 2441 provocationibus
464 2372 513 2419 suis
532 2371 636 2423 assiduis
654 2373 756 2427 taudem
775 2375 876 2438 ruperit,
895 2375 962 2423 brevi
974 2382 1030 2438 post
1048 2381 1166 2437 acceptas
1184 2372 1310 2422 Maestlini
1328 2373 1412 2422 literas
1430 2368 1469 2432 (5.
1482 2370 1590 2433 Martii).

231 2445 363 2499 Exordium
382 2444 454 2507 hujus
471 2444 636 2506 responsionis
654 2446 820 2509 proposuimus
839 2445 895 2494 Vol.
915 2445 950 2495 Il,
969 2446 986 2494 l.
1007 2459 1029 2494 c.
1067 2444 1161 2505 Quibus
1186 2445 1326 2508 praemissis
1348 2445 1430 2509 pergit
1447 2443 1591 2508 Keplerus:

320 2518 367 2579 De
392 2514 524 2576 Martis
557 2526 654 2578 motu
684 2518 814 2580 scribam
845 2517 965 2579 clarius.
1011 2517 1137 2578 Invenio
1167 2516 1197 2577 in
1231 2516 1349 2577 theoria
1376 2517 1490 2577 Terrae
1523 2535 1590 2577 esse

232 2614 413 2693 aequantem
436 2612 467 2665 et
490 2603 555 2684 ejus
578 2607 834 2669 eccentricitatem
850 2602 956 2671 3600:
980 2607 1140 2668 eccentrici
1164 2624 1235 2667 vero
1264 2601 1348 2668 1800
1372 2606 1461 2684 plane
1486 2605 1589 2667 bisec-

232 2696 314 2761 tione
346 2704 550 2774 repugnante,
583 2705 618 2758 nt
648 2697 680 2759 in
711 2697 810 2759 Marte
841 2705 873 2759 et
907 2697 986 2777 apud
1018 2695 1227 2757 Ptolemaeum
1260 2695 1289 2755 in
1322 2694 1460 2756 omnibus
1493 2693 1590 2756 tribus

233 2785 444 2869 superioribus.
492 2783 526 2844 In
552 2781 577 2856 Q
602 2793 633 2847 et
656 2786 678 2864 q
701 2786 758 2848 hoo
781 2787 878 2864 ipsum
911 2785 1047 2866 arguitur
1069 2803 1124 2865 per
1153 2784 1305 2846 circellum
1338 2783 1434 2845 centri
1463 2783 1588 2866 epicycli

232 2877 393 2939 librantem
415 2871 464 2932 vel
488 2870 756 2953 circumagentem‚
787 2884 818 2935 et
840 2894 933 2936 causa
964 2875 1090 2955 pulchra
1121 2882 1266 2953 apparet,
1292 2892 1343 2934 cur
1366 2873 1395 2933 in
1420 2874 1588 2935 contrarias

233 2964 384 3026 Venerius
408 2968 459 3021 eat
481 2959 670 3025 Mercuriali:
695 2962 725 3023 in
749 2964 870 3025 Venere
895 2972 942 3025 est
965 2962 1110 3024 dimensio
1135 2962 1338 3023 exactissima.
1376 2963 1455 3023 Nam
1480 2981 1592 3023 eccen-

233 3053 354 3116 tricitas
379 3046 419 3126 Θ
444 3044 519 3119 417,
543 3050 656 3113 circelli
681 3050 705 3124 Q
731 3053 837 3114 semid.
862 3049 936 3115 208.
983 3052 1169 3133 Hypothesis
1194 3052 1303 3112 Martis
1332 3051 1492 3113 verissima
1517 3053 1593 3112 haec

236 3151 301 3204 est:
325 3137 537 3217 eccentricitas
561 3137 648 3202 9300
671 3142 799 3217 circiter,
826 3140 983 3221 aequantia
1007 3159 1077 3201 vero
1104 3137 1221 3213 18600,
1246 3141 1396 3221 aphelium
1419 3140 1448 3201 in
1473 3137 1537 3204 29⁰
1558 3145 1594 3215 0,

236 3231 332 3293 nodus
363 3228 394 3288 in
429 3221 533 3306 16¹l,⁰
563 3239 607 3307 tlt.
662 3230 861 3310 Deprehendo
894 3230 1079 3303 certissime,
1116 3230 1246 3291 ordinari
1280 3230 1479 3292 eccentricom
1511 3230 1596 3290 circa

236 3338 340 3382 verum
363 3326 471 3396 c'orpus
496 3311 551 3392 Θ,
586 3338 643 3381 666
672 3321 753 3382 circo
784 3327 926 3400 puuctum
956 3319 1046 3381 medii
1070 3320 1128 3381 loci
1152 3318 1234 3380 Solis
1259 3317 1507 3399 Coperuicanum.
1556 3318 1595 3380 Id

238 3429 276 3472 ex
308 3405 569 3470 observationibus
601 3409 736 3489 plurimis
773 3410 867 3490 probo
900 3407 976 3489 Cap.
1010 3408 1063 3473 51.
1121 3408 1279 3487 Propertio
1312 3408 1428 3471 orbium
1461 3405 1595 3471 152500

238 3498 376 3572 circiter,
409 3495 459 3557 ubi
488 3488 570 3574 prius
603 3498 751 3560 habebam
787 3496 932 3572 152650,
964 3517 1030 3559 cum
1059 3518 1078 3557 a
1110 3498 1299 3577 paucioribus
1332 3497 1595 3560 observationibus

238 3596 362 3651 starem.
408 3583 622 3648 Distantiae
647 3608 665 3648 a
689 3587 774 3650 Sole
799 3608 866 3650 non
893 3587 989 3649 utin
1022 3586 1159 3649 circulo
1193 3588 1374 3667 perfecto,
1408 3587 1472 3647 sed
1496 3595 1535 3649 ut
1559 3589 1595 3649 iu

237 3676 357 3750 ovali,
390 3673 491 3753 cnjus
515 3675 604 3739 haec
634 3677 781 3738 taudem
808 3684 892 3758 post
925 3676 1098 3738 infinitos
1129 3676 1275 3737 labores
1310 3676 1514 3759 descriptio
1539 3677 1595 3739 in-

475 3773 586 3827 venta
609 3774 681 3843 est,
705 3774 739 3829 ut
761 3774 944 3828 commutato
964 3765 1132 3827 eccentrico
1152 3765 1181 3826 in
1199 3765 1528 3847 concentr-epicyclum
1551 3768 1597 3829 sit

203 3878 206 3883 ⁴
300 3836 355 3902 ¹²¹3·
375 3832 417 3882 ¹¹·
477 3856 507 3917 A
530 3855 603 3926 Sol,
633 3857 691 3918 AB
715 3857 836 3930 radius,
870 3857 926 3918 BD
950 3851 1056 3928 9300,
1090 3853 1147 3915 ΑΕ
1177 3855 1310 3933 pariter,
1344 3854 1423 3915 etE
1456 3865 1596 3919 centrum

477 3945 672 4026 aequalitatis
694 3945 798 4027 puncti
812 3947 837 4006 B
852 3946 934 4006 circa
947 3946 987 4020 A,
1011 3952 1042 4005 et
1058 3944 1085 4003 D
1101 3945 1182 4005 circa
1195 3944 1231 4019 B,
1256 3943 1344 4024 idque
1365 3945 1426 4007 fere
1451 3945 1595 4018 (accom-

476 4037 565 4097 modo
598 4034 677 4096 enim
709 4054 757 4097 me
787 4034 835 4096 hic
859 4035 900 4096 ud
928 4034 1068 4113 antiquas
1097 4033 1280 4115 hypotheses
1312 4052 1379 4096 cnm
1409 4033 1597 4097 detrimento

478 4124 750 4200 certitudinis),·nt,
772 4124 901 4204 inquam,
917 4123 965 4184 his
980 4123 1023 4184 sic
1038 4122 1193 4184 instructis
1209 4142 1360 4185 sumamus
1373 4142 1428 4204 pro
1443 4124 1597 4207 distantia

479 4212 535 4276 CA
559 4214 736 4276 distantiam
758 4213 825 4276 BA.
864 4211 985 4283 Quanto
1009 4212 1101 4290 igitur
1125 4212 1242 4274 brevior
1266 4220 1313 4274 eet
1331 4213 1389 4275 BA
1412 4231 1499 4293 quam
1525 4212 1596 4288 CA,

478 4310 563 4365 tanto
588 4305 687 4384 spatio
712 4303 811 4365 orbita
839 4303 981 4382 planetae
1012 4300 1113 4362 deficit
1135 4301 1215 4363 circa
1245 4302 1446 4386 longitudines
1476 4305 1597 4366 medias

479 4414 499 4455 a
521 4394 667 4456 circulari.
705 4395 810 4473 Itaque
835 4392 891 4453 hoc
910 4392 1032 4453 tandem
1056 4390 1165 4452 falsum
1189 4392 1340 4454 inventurn
1355 4401 1412 4467 est,
1437 4393 1596 4471 planetam

478 4483 508 4544 16
533 4483 667 4566 epinyclo
691 4483 863 4561 circumagi,
889 4481 967 4562 quod
982 4488 1044 4541 tam
1059 4480 1108 4542 diu
1129 4480 1368 4560 pertinacissime
1392 4482 1508 4556 tuebar,
1536 4483 1595 4544 sed

479 4591 599 4654 semper
622 4573 860 4653 repugnantibus
884 4569 1064 4632 observatis.
1103 4569 1180 4632 .Non
1208 4569 1300 4648 igitur
1329 4572 1541 4652 circumagitur
1563 4573 1599 4635 iu

479 4662 632 4745 epicyclo,
664 4662 718 4723 sed
742 4661 867 4723 libratur
891 4660 921 4721 in
946 4659 1011 4738 ejus
1041 4659 1206 4720 diametro:
1239 4661 1399 4740 quodnisi
1428 4670 1596 4738 statuatur,

482 4749 533 4813 15⁴
559 4760 590 4814 et
614 4751 741 4832 amplius
764 4749 979 4830 discrepabunt
1001 4750 1174 4827 parallaxes
1198 4744 1279 4811 orbis
1309 4750 1398 4813 annui
1421 4751 1461 4812 ab
1484 4752 1597 4814 obser-

479 4841 571 4905 vatis.
619 4840 681 4904 Sed
697 4838 849 4943 ,nequexE
872 4847 922 4901 est
943 4838 1079 4920 praecise
1111 4844 1254 4918 punctum
1283 4840 1493 4921 aequalitatis,
1516 4861 1597 4925 pec·
