3278 5550
243 224 309 300 062
560 244 563 251 ’
856 229 896 285 Da
914 228 995 285 tua

210 438 214 451 ·
245 408 329 477 mo'tu
352 409 495 490 simplici,
520 411 574 472 aed
599 409 723 473 duorum
746 418 952 489 respectuum:
983 418 1130 491 quatenus
1153 409 1250 491 igitur
1275 407 1431 490 simplex,
1454 410 1505 472 dat
1524 430 1590 475 man

244 510 362 585 partem
386 498 591 579 aequationis‚
616 499 756 580 opticam,
783 507 930 580 quatenus
955 501 1078 563 duorum
1100 498 1310 581 respectuum,
1336 499 1397 562 dat
1419 499 1493 562 duas
1512 514 1591 580 partes

246 589 435 672 aequationis
450 589 604 673 physicae.
645 586 707 649 Sed
731 608 806 668 quae
831 609 932 662 causa,
957 591 1036 671 quod
1059 588 1241 651 tantundem
1267 588 1350 650 lacit
1375 588 1506 650 elevatio
1527 610 1591 670 super

246 698 373 760 eorpus,
405 697 494 759 quam
522 695 612 755 super
644 677 786 741 circulum
811 676 1063 740 illuminationis?
1109 679 1158 740 An
1192 678 1311 740 circulo
1349 677 1411 739 toti
1444 679 1591 741 tantundem

246 770 354 835 virium
371 776 429 840 εει,
453 774 596 846 quantum
611 768 724 827 Terrae
741 775 773 828 ιι
792 766 933 848 corpori?
971 765 1034 830 Cur
1057 785 1129 844 ergo
1152 785 1210 828 nou
1237 766 1338 828 etiarn
1361 767 1461 828 trahit
1482 766 1590 836 circulus,
1634 800 1636 817 ι

246 859 315 940 quia
330 856 468 936 ponimus
484 855 740 916 eccentrieitatem
754 856 867 917 nullam
888 874 996 918 novam
1011 855 1094 919 lieri?
1130 858 1179 918 An
1200 856 1319 917 tractio
1341 874 1502 935 corporum
1523 858 1588 917 alier-

245 956 294 1010 tus
319 956 378 1019 est,
401 943 538 1007 incitatio
559 944 649 1005 etiam
673 943 801 1018 luminis,
826 964 899 1005 sane
924 944 993 1024 quia
1016 964 1068 1025 per
1093 944 1222 1024 speciem
1248 944 1584 1024 corporisemanrntra
1626 978 1636 1032 3

245 1042 333 1099 utet
356 1035 455 1095 lumen
479 1042 528 1093 est
551 1033 691 1112 species?
737 1032 794 1093 llla
819 1052 890 1094 vero
915 1035 1023 1095 tractio
1055 1042 1103 1096 est
1124 1053 1178 1114 per
1208 1032 1433 1113 cognationem
1461 1034 1584 1095 internas
1618 1064 1636 1121 q

245 1125 360 1188 Incitat
383 1121 474 1201 igitur
497 1121 596 1181 lumen
611 1122 753 1193 Telluris,
776 1131 866 1201 prout
881 1124 927 1183 vel
945 1124 1062 1184 caritas
1082 1124 1131 1183 vel
1153 1122 1263 1203 gibbus
1287 1122 1330 1184 ab
1359 1122 1498 1183 exilitate
1519 1121 1584 1183 lim

140 1212 143 1217 ’
244 1214 276 1276 in
299 1210 525 1293 amplitudinem
550 1210 713 1290 ellipticnur
738 1220 769 1270 et
793 1211 921 1361 deniqute
943 1212 1119 1275 circularem
1138 1210 1297 1275 excrescit.
1340 1210 1483 1287 Diceres,
1505 1209 1582 1273 urie
1621 1238 1636 1291 χ

245 1302 358 1365 tionem
387 1297 451 1361 fieri
480 1318 534 1377 pro
557 1300 676 1360 ratione
701 1298 894 1378 plraseos,n
879 1301 1008 1380 utquia
1031 1301 1060 1362 in
1086 1300 1210 1362 dimidia
1233 1299 1467 1363 illuminatione
1489 1298 1580 1381 amia

246 1400 295 1453 est
316 1389 474 1461 incitatio,
509 1387 601 1467 igitur
628 1390 657 1449 in
683 1388 772 1466 plena
796 1389 883 1449 Luna
907 1397 955 1450 est
978 1390 1088 1469 dupla,
1120 1399 1152 1450 et
1182 1389 1254 1470 quia
1277 1389 1308 1450 iu
1337 1387 1579 1451 dimidiarum
1619 1432 1636 1489 μ

246 1478 417 1581 simplex,
410 1497 439 1538 ru
464 1485 531 1539 tota
554 1477 646 1554 igitur
670 1477 799 1538 obscura
822 1478 922 1559 dupla.
960 1479 1038 1540 Nam
1055 1477 1202 1541 accrescit
1226 1477 1391 1539 dimidium
1415 1478 1518 1539 eadem
1535 1495 1577 1558 pn
1609 1500 1626 1563 q

245 1566 393 1651 portione,
418 1584 477 1645 qua
493 1566 624 1645 duplum
650 1565 678 1625 id
703 1575 751 1627 est
775 1566 854 1627 linea
876 1586 932 1646 per
954 1575 1037 1628 totas
1061 1567 1214 1647 ellipses
1205 1587 1236 1628 ιιι
1263 1575 1369 1628 totum
1386 1566 1532 1630 cuculum.
1555 1568 1577 1627 lt
1613 1596 1614 1601 ι

245 1657 351 1720 obstat
374 1656 430 1716 hoc
447 1654 510 1717 dre
497 1662 574 1728 uro
599 1655 687 1735 quod,
714 1653 739 1716 si
764 1655 910 1717 obscurae
935 1656 993 1716 vim
1017 1657 1115 1718 tribuo
1140 1657 1309 1719 luminosae
1336 1655 1509 1735 aequalem,
1528 1672 1576 1717 aar
1608 1679 1636 1740 3[

244 1758 299 1827 per
323 1744 415 1823 igitur
438 1762 528 1804 cornu
554 1744 712 1804 obscurum
728 1763 793 1805 cum
808 1744 897 1823 gibbo
918 1744 1073 1819 luminoso,
1098 1753 1130 1807 ει
1153 1743 1289 1806 vicissim
1314 1763 1413 1805 cornu
1439 1744 1576 1807 luminorm
1609 1787 1636 1847 ,ἐ

247 1854 312 1897 cum
314 1832 472 1915 gihbosae
489 1831 565 1892 facie
583 1833 711 1893 obseura
726 1834 839 1893 faciunt
855 1841 950 1895 totum
966 1833 1117 1895 circulum.
1155 1834 1223 1894 Nou
1248 1831 1346 1911 igitur
1370 1833 1492 1894 ratione
1512 1832 1576 1913 dupl
1609 1818 1636 1873 ¹·

247 1923 306 1984 cati
331 1922 380 1982 vel
404 1920 524 1982 luminis
548 1922 594 1981 vel
626 1922 744 1983 obscuri
774 1930 952 2001 conspectus
983 1924 1123 2002 prouenit
1152 1920 1308 2025 duplicata
1341 1921 1525 1996 retardatio,
1546 1920 1575 1982 el
1619 1966 1636 1983 μ

248 2011 364 2074 ratione
390 2009 524 2072 inclinat
502 2010 594 2070 tronis
619 2011 719 2071 circuli
745 2010 982 2085 illuminationis,
1008 2013 1097 2091 plane
1122 2012 1184 2072 ut
1177 2032 1206 2072 ιιι
1231 2010 1416 2071 variatione.
1611 2000 1636 2009 ⁵*

335 2101 384 2161 An
408 2099 488 2160 idem
512 2098 554 2160 sit
583 2100 736 2177 negotium
766 2100 943 2163 variationis
976 2112 1009 2161 et
1037 2099 1151 2163 nutus?
1196 2100 1281 2161 Idem
1316 2100 1444 2181 quidem
1467 2098 1574 2160 circeln
1609 2128 1615 2184 ss

247 2188 331 2251 utilis
356 2196 420 2263 est,
451 2187 481 2248 in
505 2189 696 2249 incrementis
720 2188 859 2268 quidem,
890 2189 973 2250 sinus
995 2189 1067 2264 FB,
1093 2187 1168 2263 OG,
1193 2189 1221 2250 in
1247 2187 1361 2250 effectu
1386 2206 1461 2250 vero
1483 2186 1576 2250 BGrcl
1616 2237 1636 2257 Γ

246 2276 323 2342 HC:
357 2276 436 2339 idem
469 2277 559 2338 etiam
592 2278 721 2338 circulus
752 2277 979 2339 illuminationis
1009 2279 1127 2359 utrique
1157 2297 1330 2340 mensuram
1354 2277 1486 2358 praebet
1506 2276 1577 2338 eodm
1616 2266 1636 2275 ⁸

246 2366 355 2443 modo,
383 2386 451 2428 nam
476 2374 557 2427 totus
582 2367 711 2428 circulus
734 2367 818 2429 valet
841 2366 870 2427 in
896 2367 1087 2431 incrementis
1112 2368 1207 2429 sinum
1231 2367 1303 2441 FB,
1337 2367 1368 2428 in
1393 2363 1577 2441 effectnnilil

246 2455 356 2539 quippe
379 2454 567 2537 principium,
593 2456 670 2516 sicut
687 2455 779 2516 etiam
804 2456 832 2517 in
857 2464 939 2530 nutu,
963 2456 1012 2520 ubi
1037 2466 1119 2520 totus
1143 2464 1191 2517 est
1213 2456 1345 2517 circulus
1369 2453 1576 2525 illuminationis,

245 2545 289 2609 ibi
314 2563 481 2625 apogaeum
505 2552 554 2605 est
578 2544 718 2625 aequatio
740 2544 831 2618 nulla,
856 2544 1040 2609 incrementa
1056 2547 1194 2609 inanima.
1232 2546 1278 2607 At
1299 2543 1443 2608 vicissiin
1465 2545 1576 2607 haeret
1627 2595 1636 2603 .

248 2634 426 2708 differentia,
453 2634 531 2715 quod
556 2634 585 2696 in
610 2641 683 2695 nutu
706 2632 852 2695 distantia
872 2634 897 2705 Ξ)
922 2655 941 2694 a
964 2637 988 2710 ὅ
1013 2634 1232 2717 partes'capit,
1257 2641 1290 2695 ut
1308 2634 1347 2695 de
1373 2634 1504 2717 integris
1522 2627 1576 2702 909

248 2724 278 2787 iu
300 2723 468 2786 variatione
493 2743 564 2785 uero
588 2731 692 2803 partes
717 2723 806 2784 aliter
830 2723 898 2802 capi
923 2744 980 2785 uon
1004 2734 1140 2819 possent,
1165 2723 1315 2803 quamde
1340 2719 1528 2785 ll¹minnsa
1544 2730 1577 2783 ιιι

247 2815 273 2877 si
297 2813 425 2876 maxime
449 2832 501 2891 pro
526 2811 765 2874 accumulatione
790 2812 906 2874 sinuum
930 2809 974 2876 90
997 2813 1209 2893 usurparemus
1232 2811 1316 2873 sinus
1348 2820 1436 2875 totos
1459 2808 1516 2889 90,
1540 2826 1576 2871 ιιι

225 2899 335 2984 'plane
359 2901 481 3003 duplum
503 2901 555 2962 liet
578 2901 628 2973 id,
659 2902 695 2961 de
724 2921 782 2982 qno
806 2910 909 2981 partes
938 2909 1060 2982 caperet
1088 2910 1187 2964 nutus.
1234 2900 1424 2973 Quaerenda
1447 2910 1496 2963 est
1513 2896 1576 2979 igin

246 3011 347 3064 causa,
369 2990 467 3052 curin
487 2998 560 3053 nutu
575 2990 702 3052 ειιειιιιε
721 2990 880 3053 illuminat
859 2991 950 3053 tronis
966 2990 1068 3053 raleat
1082 2999 1177 3052 toturn
1196 2991 1229 3064 (ι
1232 2990 1259 3052 ει
1275 2989 1436 3054 dimidium
1450 2988 1576 3057 sonae)
1624 3035 1636 3043 -

247 3081 279 3145 in
302 3079 471 3142 variatione
496 3081 598 3141 raleat
622 3081 719 3143 miuus
742 3099 830 3160 quam
855 3076 925 3143 209.

791 3273 849 3337 10·
866 3277 943 3357 Apr.
970 3270 1064 3339 1620.

334 3435 423 3498 Anne
441 3432 570 3495 variatio
590 3432 747 3493 deducitur
762 3454 781 3493 a
805 3432 953 3514 quadrato
976 3431 1071 3514 ipsius
1097 3429 1147 3506 19,
1172 3431 1251 3512 quod
1270 3439 1319 3493 cst
1344 3427 1438 3496 361?
1462 3435 1581 3515 quianon
1628 3419 1636 3424 ”

246 3525 360 3599 Terrae
385 3531 502 3585 tantum
525 3521 719 3596 illuminatio,
744 3522 798 3582 sed
822 3523 913 3583 etiarn
937 3522 1040 3584 Lunae
1065 3520 1299 3596 consideranda,
1325 3524 1531 3603 agendumque
1548 3536 1582 3600 prr
1632 3566 1636 3573 -

248 3613 364 3677 sinuum
387 3614 552 3694 quadrata,
587 3620 619 3672 ut
642 3612 739 3689 major
763 3613 815 3672 liat
839 3620 936 3672 motus
961 3612 989 3674 in
1015 3611 1146 3690 copulis,
1177 3610 1274 3671 minor
1296 3609 1420 3673 duratio
1445 3611 1583 3692 eclipsim

250 3703 328 3785 quod
352 3701 510 3783 postulant
533 3701 771 3763 οιεειιιιιιοιιεε.

337 3791 505 3871 Computa:
531 3789 724 3851 Acceleratio
740 3789 917 3870 quadrantis
934 3797 982 3850 est
996 3784 1035 3850 2⁰
1047 3783 1102 3851 40‘
1117 3785 1182 3851 59“
1206 3806 1259 3849 seu
1276 3782 1400 3863 96599,
1427 3787 1470 3850 sit
1491 3781 1585 3852 9680‘.

247 3879 344 3961 Igitur
367 3880 516 3961 quadrata
539 3879 655 3940 sinuum
680 3874 723 3943 90
747 3878 849 3939 ralent
873 3879 949 3939 hane
973 3896 1127 3939 summam.
1177 3876 1253 3949 Quis
1284 3876 1420 3939 docebit
1437 3896 1494 3938 nos
1521 3875 1587 3938 colli

248 3987 319 4048 gere
344 3969 477 4031 breviter
500 3969 628 4048 quadrat
629 3989 648 4028 a
615 3964 814 4029 tsinuum?
860 3966 1016 4028 Extendat
1003 3975 1051 4029 tur
1080 3964 1270 4048 quadrans
1262 3985 1292 4026 ιιι
1315 3974 1435 4027 rectum
1460 3986 1524 4030 cum
1543 3965 1588 4026 ιιι

249 4057 373 4121 sinibus.
409 4057 539 4119 Videtur
560 4057 768 4135 rectangulum
784 4057 936 4118 continere
954 4075 1099 4118 summam
1114 4054 1368 4172 quadratorum
1343 4073 1476 4118 sinuum.
1508 4052 1588 4119 Facile

248 4146 282 4209 fit
303 4146 476 4229 perieulum.
514 4149 594 4225 Aug.
620 4142 681 4208 30⁰
705 4155 752 4207 est
782 4140 811 4229 ¹ss
843 4146 879 4206 de
903 4142 974 4216 909,
998 4145 1063 4224 ejus
1087 4145 1171 4206 sinus
1195 4150 1243 4205 εει
1273 4135 1303 4225 ’,Ι
1333 4144 1370 4203 de
1395 4150 1477 4206 toto.
1514 4143 1589 4209 Atio

249 4235 424 4313 rectangulo
450 4235 532 4297 sinus
556 4254 628 4314 pars
653 4234 792 4296 abscissa
815 4235 873 4296 erit
901 4235 992 4296 etiam
1024 4229 1077 4317 9,,
1108 4253 1175 4295 cum
1201 4240 1303 4294 tamen
1332 4231 1459 4312 quidem
1483 4230 1592 4315 ejussit

255 4318 302 4404 9,.
338 4326 452 4386 Peccat
475 4324 566 4403 igitur
580 4323 761 4404 triangulum
776 4343 913 4385 excessu.
952 4322 1004 4385 Sic
1028 4341 1152 4402 agemus
1175 4340 1229 4402 per
1251 4320 1465 4401 legarithmos.
1501 4320 1592 4403 Dupli-

250 4411 384 4474 cabirnus
408 4413 607 4492 legarithmos
632 4413 761 4474 omnium
786 4413 970 4492 integrorum
1000 4412 1145 4492 graduum
1175 4410 1369 4513 quadrantis,
1402 4428 1473 4475 cum
1496 4414 1531 4476 iis
1551 4430 1592 4472 ει-

250 4516 406 4581 cerpemus
430 4521 569 4564 numeros
594 4521 703 4583 eosque
728 4502 883 4577 addemus,
907 4502 993 4564 initio
1018 4502 1099 4563 facto
1123 4521 1142 4563 a
1163 4500 1305 4563 maximo.

339 4591 479 4653 Praecise
505 4590 692 4674 assequimur
715 4610 869 4653 numerum
893 4588 936 4655 90
961 4600 991 4653 ει
1018 4590 1114 4670 prima
1143 4590 1289 4653 summula
1317 4600 1366 4652 est
1389 4591 1517 4654 ultimae
1538 4607 1593 4671 pars

250 4675 325 4744 45¹⁸
363 4676 398 4743 Si
413 4680 593 4742 acceleratio
608 4677 751 4756 200000,
776 4689 888 4762 quanta
912 4690 960 4742 est
983 4682 1013 4743 in
1041 4677 1085 4755 19,
1110 4688 1278 4742 sumeretur
1293 4680 1456 4760 nonagies,
1481 4680 1594 4761 prodiret

253 4762 437 4887 18000000,
463 4769 584 4856 duplum
609 4788 740 4835 summae
765 4790 802 4833 ex
822 4766 865 4835 90
889 4768 1097 4869 inaequalibus
1121 4769 1277 4851 collectae,
1289 4769 1373 4857 quia
1397 4769 1593 4877 semperque,
