3278 5550
81 360 85 373 Ι
141 290 185 363 82
563 294 664 346 therae
682 294 783 360 Keplerl
802 284 952 362 altorumque
970 298 1072 345 mutuae

142 493 233 558 super
256 496 357 539 arcum
381 472 426 539 10
449 493 503 537 seu
527 474 592 554 ejus
617 475 758 556 angulum
785 475 945 556 genuinum
968 471 1038 537 IPO
1062 492 1116 535 εει]
1139 473 1261 555 planum
1285 469 1373 542 11³0,
1398 469 1443 535 sio
1464 478 1492 534 rt

143 566 311 629 anomaliae
336 565 473 647 simplici,
499 583 575 645 quae
593 572 840 643 repraesentatur
857 565 947 646 plano
962 562 1045 638 ΙΗΟ,
1070 564 1255 645 respondeat
1271 565 1307 626 de
1329 562 1489 625 eccentrico

142 656 188 719 10
212 676 300 718 arcus
323 676 376 717 seu
399 651 469 716 lPO
493 654 637 732 angulus,
671 654 707 715 de
732 663 857 734 aspectu
884 672 956 716 vero
980 651 1055 715 ΙΗΟ
1089 654 1225 732 angulus.
1271 655 1359 715 Haec
1382 651 1409 713 si
1432 650 1486 733 quis

145 745 307 823 diligenter
330 745 368 805 ad
392 743 538 805 calculum
562 753 695 816 revocat,
722 744 747 804 is
767 743 907 815 inveniet,
934 743 1011 804 sicut
1034 763 1067 805 se
1090 742 1184 804 habet
1206 744 1335 824 angulus
1350 738 1485 804 POllad

144 830 228 899 360⁰
250 834 292 895 sic
316 853 348 894 se
374 833 484 894 habere
507 852 595 912 quarn
619 834 753 912 proxime
777 851 879 894 aream
894 830 964 895 IPO
984 832 1022 893 ad
1046 832 1200 903 circulum,
1223 833 1274 913 qui
1289 840 1484 913 repraesentet

144 923 250 985 itemm
282 923 462 985 anomaliam
496 917 586 984 360⁰.
635 920 736 992 Quare
765 923 793 983 in
827 921 884 983 hac
916 921 1077 1005 hypothesi
1107 921 1235 1003 physica
1264 941 1331 985 cnm
1362 919 1482 1002 perfecto

146 1011 256 1075 circulo
281 1012 407 1091 angulus
432 1011 622 1092 aequatiouis
646 1022 678 1073 et
692 1030 763 1073 area
786 1012 928 1091 trianguli
954 1011 1000 1087 sui
1018 1011 1048 1073 in
1069 1010 1126 1072 hac
1151 1011 1248 1073 forma
1269 1011 1396 1094 physica
1410 1026 1481 1091 quan

143 1101 278 1182 proxime
310 1101 426 1163 faciunt
456 1101 594 1181 aequalia
625 1102 759 1181 adeoque
792 1101 987 1175 tantundem,
1021 1110 1151 1182 quantus
1181 1108 1229 1162 est
1260 1101 1387 1180 angulus
1410 1097 1481 1161 ΒΗΑ

145 1197 212 1265 (rig.
232 1192 278 1261 tl)
307 1192 379 1264 fere,
405 1190 454 1251 ubi
478 1190 536 1252 BA
560 1191 680 1269 duplum
705 1197 753 1251 est
776 1189 815 1252 ad
838 1190 903 1251 PH.
949 1190 1031 1268 Ergo
1055 1189 1124 1250 binc
1152 1190 1186 1251 fit
1209 1189 1380 1270 argumenti
1403 1188 1482 1250 forma

144 1277 234 1341 talis:
265 1279 475 1341 eccentricitas
503 1280 633 1342 maxima
661 1280 797 1340 serviens
825 1278 1062 1358 longitudinibus
1091 1278 1198 1340 mediis
1222 1280 1251 1341 in
1277 1278 1385 1340 sitibus
1408 1296 1481 1339 aorc-

143 1368 259 1450 nychiis
284 1377 332 1430 est
356 1369 541 1431 dimidiando
557 1370 624 1448 (pro
641 1369 747 1430 annuis
765 1368 981 1450 paratarum,
1007 1368 1137 1429 testibus
1153 1368 1343 1440 artificibus).
1379 1368 1482 1430 Ecceu·

75 1531 79 1538 Ι
143 1458 262 1520 trinitas
286 1458 426 1534 maxima,
452 1458 478 1520 si
502 1460 555 1520 fiat
578 1478 671 1520 causa
698 1458 888 1538 aequationis
921 1456 1081 1539 physicae,
1115 1458 1206 1520 etiam
1237 1457 1423 1520 dimidiando
1448 1460 1484 1517 est

145 1548 213 1626 (pro
237 1546 398 1609 reddendis
422 1547 659 1628 longitudinibus
683 1547 789 1609 mediis
814 1546 954 1627 aequatis
978 1547 1006 1607 in
1022 1546 1129 1609 sitibus
1153 1547 1370 1631 acronychiis).
1417 1545 1485 1625 Ergo

142 1636 270 1717 physica
293 1636 427 1699 servieus
451 1637 640 1719 acronychiis
668 1637 763 1698 servit
793 1637 883 1699 etiam
907 1635 1113 1717 parallaxibus
1139 1646 1170 1698 et
1192 1636 1317 1718 proinde
1342 1655 1417 1697 vera
1440 1640 1486 1697 est

141 1725 222 1787 Nam
246 1725 403 1788 dimidiata
427 1727 599 1799 (dimidiata
623 1727 652 1787 id
677 1735 724 1788 est
747 1726 887 1788 bilariam
911 1725 1072 1806 dispertita
1094 1726 1173 1787 iuter
1200 1734 1314 1806 puncta
1338 1723 1487 1806 aequantia

142 1814 272 1878 eccentri
297 1823 329 1877 et
352 1816 451 1887 centri,
479 1816 594 1890 muudi)
618 1817 697 1878 sicut
720 1816 749 1877 iu
778 1816 877 1896 priore
910 1815 1080 1896 praemissa
1102 1834 1160 1877 non
1185 1815 1280 1877 servit
1309 1812 1490 1898 acrunyc'biia

144 1902 289 1979 omnibus,
317 1905 457 1987 Tychone
482 1906 663 1968 observante
687 1905 717 1967 in
741 1907 841 1968 Marte
864 1905 1033 1986 praecipue.

219 1994 333 2075 'Atque
360 1995 439 2057 >haec
467 1995 586 2076 quidem
619 2013 816 2074 magnacum
841 1995 950 2075 gaudio
974 1993 1018 2055 sic
1042 1994 1224 2069 inveneram,
1248 1991 1494 2073 persuasissimis

142 2080 216 2144 nihil
239 2083 345 2145 deesse
369 2083 437 2147 huic
461 2083 703 2147 considerationi.
742 2084 786 2146 At
809 2103 866 2146 non
883 2092 1019 2165 poteram
1035 2083 1215 2167 acronychia
1236 2084 1304 2145 loca
1327 2081 1357 2144 in
1383 2080 1495 2144 octavis

143 2170 246 2233 circuli
269 2172 350 2235 intra
374 2170 394 2233 7
418 2174 466 2236 vel
489 2171 522 2237 8‘
545 2173 722 2246 conciliare,
747 2173 773 2234 si
804 2174 853 2234 vel
877 2172 991 2235 centies
1014 2180 1192 2254 repeterem.
1239 2171 1389 2253 Adeoque
1413 2170 1496 2252 plane

143 2260 248 2322 destiti
280 2262 473 2339 existimem,
507 2263 612 2324 vitium
646 2281 712 2324 esse
744 2262 996 2324 observationum.
1043 2261 1208 2323 Duodecim
1232 2270 1333 2323 tamen
1359 2268 1450 2323 erant
1469 2259 1497 2323 in

140 2358 258 2429 promtu
284 2352 351 2412 loca
374 2352 551 2426 observata;
585 2369 676 2431 saepe
701 2352 740 2413 ad
763 2351 906 2413 sicariam
937 2351 1026 2425 redii,
1058 2351 1126 2411 dum
1151 2350 1334 2430 cogitarem,
1358 2349 1447 2411 illam
1464 2366 1497 2411 ex

141 2447 269 2518 quatuor
292 2440 554 2504 observationibus
578 2447 763 2503 exstructam
787 2440 924 2503 omnibns
957 2439 1114 2501 duodecim
1144 2446 1284 2501 accurate
1309 2438 1497 2501 satisfacere

141 2528 264 2591 Interim
289 2529 454 2592 obstabant
477 2532 520 2592 illi
544 2531 717 2613 parallaxes
741 2550 867 2593 annuae.
907 2530 1079 2610 Desperata
1101 2548 1151 2590 res
1175 2540 1251 2592 erat.
1291 2530 1365 2609 lpsa
1389 2528 1497 2609 despe-

140 2617 220 2679 ratio
252 2637 337 2699 spem
370 2618 521 2684 ostendit'
551 2623 674 2682 Manum
690 2620 819 2682 enimde
834 2620 939 2681 tabula
954 2620 1064 2681 tollens
1081 2619 1178 2699 adque
1194 2617 1369 2698 parallaxes
1386 2620 1496 2680 annuis

141 2706 345 2778 transferens,
379 2710 448 2771 dum
480 2709 697 2791 investigarem
728 2709 952 2789 proportionem
984 2707 1135 2770 radiorum
1168 2716 1194 2778 (ς
1230 2716 1261 2769 et
1290 2704 1331 2784 Θ
1367 2706 1435 2782 (vel
1457 2706 1495 2783 ὁ)

142 2795 332 2876 deprehendi,
358 2798 493 2861 mirabile
518 2800 610 2872 dictu,
636 2799 682 2860 IK
706 2804 770 2873 (Fig.
792 2804 838 2869 22)
861 2807 924 2860 tam
948 2797 1068 2877 longam
1088 2816 1165 2871 esse,
1190 2805 1224 2859 ut
1238 2797 1397 2876 descripto
1415 2812 1494 2878 super

141 2885 187 2947 IK
216 2886 404 2949 semicirculo
435 2888 511 2951 INK
543 2889 630 2950 nimis
663 2887 763 2949 brevis
797 2895 880 2949 esset
907 2887 964 2949 hoc
997 2886 1067 2948 situ.
1120 2887 1273 2949 Inciderat
1302 2892 1425 2961 autem,
1451 2900 1493 2946 me

140 2973 187 3034 lK
218 2992 273 3054 per
305 2994 411 3055 corpus
437 2973 476 3053 Θ
503 2977 685 3039 descendere
719 2975 845 3048 iecisse,
879 2995 939 3037 non
961 2994 1016 3056 per
1038 2974 1168 3039 medium
1199 2975 1297 3039 locum
1323 2971 1384 3057 Θ;
1409 2990 1496 3056 qnare

142 3063 273 3143 suspicio
298 3064 411 3140 incidit,
436 3074 548 3145 quanto
572 3065 645 3127 ILK
667 3065 788 3127 deficiat
811 3085 830 3127 a
853 3064 1038 3128 semicirculo
1063 3072 1181 3127 tantum
1196 3064 1274 3128 IOK
1290 3080 1497 3126 excessurum:

140 3151 244 3232 itaque
272 3153 378 3232 pedem
411 3156 613 3216 revocandum
637 3174 691 3216 nec
715 3154 901 3235 alligandum
924 3162 1080 3225 motumrl=
1103 3155 1142 3216 ad
1166 3173 1268 3216 verum
1293 3151 1344 3231 Θ.
1377 3150 1497 3239 Ιδιιιείω

142 3239 244 3320 itaque
268 3241 392 3320 probavi
417 3243 574 3323 invenique
598 3245 703 3305 eadem
727 3251 759 3304 et
790 3244 820 3305 in
849 3245 945 3306 altero
976 3243 1176 3319 semicirculo,
1205 3251 1240 3306 ut
1270 3261 1367 3304 vanus
1403 3248 1497 3305 metm

145 3328 235 3391 suerit
257 3349 385 3410 vereque
409 3333 560 3412 patuerit,
591 3342 617 3405 ὅ
650 3334 688 3394 ad
722 3334 819 3396 latera
850 3333 965 3412 ingredi
988 3333 1135 3414 utrinque.
1183 3331 1294 3394 Incidit
1326 3333 1431 3413 itaque
1463 3330 1497 3393 de

144 3419 295 3480 anomalia
310 3419 371 3481 alia
385 3420 564 3502 longitudini
574 3424 630 3484 LH
645 3422 843 3497 concilianda,
868 3423 983 3501 fecique
998 3420 1073 3484 RHI
1088 3423 1229 3502 angulum
1243 3430 1372 3491 tantum,
1389 3418 1497 3502 quanta

145 3516 211 3569 erat
234 3510 386 3572 anomalia
408 3511 515 3585 media,
541 3531 613 3574 usus
636 3513 694 3574 hac
716 3512 851 3574 fictione:
882 3512 908 3574 si
932 3509 1006 3582 LQI
1030 3518 1113 3573 esset
1135 3511 1339 3591 transpositus
1363 3510 1394 3572 in
1418 3508 1497 3593 Lm.

143 3603 205 3659 tum
229 3597 290 3659 RH
314 3608 345 3660 et
363 3599 422 3662 LH
444 3600 507 3662 sint'
529 3601 621 3664 futuri
645 3602 786 3682 aequales
810 3602 941 3681 (tingens
955 3602 1096 3671 Martem,
1120 3600 1286 3664 numeratis
1310 3600 1398 3681 quasi
1420 3600 1497 3683 circa

140 3685 172 3747 Η
194 3685 297 3748 Solem
321 3689 465 3768 gradibus
489 3690 665 3772 aequalibus
688 3691 858 3753 anomaliae
882 3688 1044 3770 simplicis,
1076 3689 1253 3752 tantundem
1277 3689 1404 3772 epicycli
1433 3688 1497 3769 loge

142 3774 199 3837 LH
232 3776 343 3838 lineam
371 3785 489 3841 curtare
518 3799 571 3842 seu
601 3780 640 3841 ad
672 3781 702 3841 H
732 3780 942 3853 descendere).
989 3779 1055 3840 Hoc
1079 3781 1160 3840 facto
1185 3788 1309 3859 utroque
1340 3779 1372 3840 iu
1406 3777 1497 3841 senri-

57 3924 69 3945 .·
143 3864 269 3936 circulo,
304 3866 393 3947 plane
423 3876 527 3931 tantus
553 3870 619 3949 jam
649 3870 790 3949 apparuit
814 3887 970 3944 excessus,
1002 3875 1131 3953 quantus
1154 3868 1237 3948 prius
1261 3874 1327 3930 erat
1351 3867 1497 3931 deiectus.

140 3952 191 4015 Ex
213 3974 271 4036 quo
295 3955 404 4036 patuit,
427 3976 487 4020 non
510 3958 570 4020 HR
593 3959 646 4020 sed
666 3956 719 4020 HS
743 3958 847 4020 etHL
870 3978 938 4020 esse
962 3951 1122 4039 aequalesl
1144 3957 1201 4018 hoc
1225 3966 1273 4020 est
1286 3957 1420 4020 Martem
1442 3974 1497 4043 non

143 4044 306 4106 secuudum
319 4045 393 4108 RHl
411 4046 530 4109 variare
554 4047 730 4109 distantiam
753 4067 837 4109 suam
853 4044 920 4121 LH,
944 4048 998 4108 sed
1022 4048 1184 4110 secundum
1200 4045 1287 4109 SHI:
1312 4045 1355 4107 sic
1381 4054 1497 4110 eumue

143 4130 209 4205 LH,
234 4153 270 4194 ac
292 4133 318 4194 si
340 4135 437 4198 adhuc
470 4135 595 4198 dimidia
625 4136 803 4216 aequatione
826 4136 948 4199 inferior
962 4144 1151 4216 spectaretur
1175 4155 1213 4197 ex
1227 4134 1299 4199 Sole
1320 4138 1378 4215 per'
1392 4135 1497 4199 lineam

142 4219 207 4291 HS,
230 4221 304 4285 item
319 4243 355 4285 ao
370 4224 396 4286 si
413 4225 537 4288 iecisset
555 4226 623 4306 plus
640 4245 728 4305 quarn
742 4225 812 4288 LPI
826 4226 967 4306 angulum
988 4225 1018 4287 in
1041 4225 1219 4300 eccentrico,
1243 4242 1351 4305 nempe
1376 4223 1497 4289 dimidia

143 4311 324 4390 aequatione
347 4312 425 4377 LPS
448 4316 606 4396 maj0rem,
640 4334 683 4377 sc.
708 4312 788 4391 SPI,
814 4314 862 4395 qui
888 4322 935 4375 est
959 4315 1093 4396 aequalis
1117 4313 1208 4387 LQI,
1242 4333 1329 4394 quern
1351 4313 1497 4386 hactenm

138 4397 287 4477 jussimus
321 4404 500 4465 anomaliam
533 4405 661 4466 mediam
693 4412 934 4485 repraesentare.
987 4404 1039 4467 Sic
1072 4422 1143 4484 ergo
1177 4411 1203 4474 ο·
1237 4404 1397 4484 dispensat
1428 4420 1497 4467 suar

142 4485 306 4550 distantias
324 4490 379 4566 IH,
398 4491 464 4568 LH,
479 4494 540 4556 KH
558 4493 639 4557 circa
655 4489 694 4571 Θ
711 4514 746 4554 ac
770 4493 797 4555 si
821 4493 971 4574 aequabili
994 4501 1076 4555 motu
1091 4494 1171 4555 circa
1186 4493 1211 4553 P
1229 4500 1364 4554 centrum
1389 4512 1497 4557 eccem-

139 4575 211 4638 trici
235 4577 378 4641 ferretur:
405 4588 436 4644 et
448 4600 503 4662 per
518 4582 781 4664 aequipollentiam
797 4591 823 4653 ό
837 4583 866 4644 iu
881 4583 1025 4666 epicyclio
1042 4583 1151 4665 aliquo,
1176 4581 1261 4661 cujus
1276 4581 1497 4646 semidiameter

142 4660 207 4741 PH,
233 4668 410 4749 aequalibus
434 4671 617 4751 temporibus
638 4672 780 4752 aequales
793 4673 947 4752 portiones
962 4673 1101 4746 conticit;
1125 4681 1156 4733 et
1175 4672 1239 4752 jam
1262 4669 1369 4732 statim
1394 4678 1497 4754 aperta

140 4754 212 4818 mibi
226 4754 277 4817 via
290 4756 349 4818 tuit
363 4758 403 4819 ad
417 4778 454 4820 ea
469 4780 544 4840 quae
560 4781 652 4841 supra
665 4760 808 4842 praemisi
824 4768 856 4822 et
870 4782 973 4824 carcer
988 4760 1206 4824 dubitationum
1222 4761 1375 4823 reclusus:
1396 4761 1497 4843 itaque

142 4844 323 4910 continuabo
348 4844 429 4933 jam,
459 4850 536 4930 quod
567 4869 659 4931 supra
685 4868 864 4935 suspensum
895 4859 971 4918 erat.
1017 4849 1051 4913 Si
1080 4851 1232 4935 perlectus
1262 4856 1347 4915 esset
1369 4849 1497 4924 oiroulm
