3278 5550
533 286 717 352 emaum
754 281 983 354 capenum·

599 483 718 583 Caput
743 480 874 556 LVIII.

105 616 230 730 innodo
256 652 361 711 mate
388 645 581 719 libratione,
606 643 708 727 capite
730 641 825 706 LVI.
855 640 1069 704 demonstrata
1091 639 1121 699 ct
1140 635 1284 706 intento,
1311 629 1415 714 possit

105 756 172 804 nen
199 756 290 801 error
321 736 450 799 admitti
478 737 513 798 in
538 739 746 818 praepostera
781 729 961 794 librationis
996 725 1227 812 applicatione,
1262 742 1324 804 qua
1352 721 1415 785 iter

479 822 628 905 planctae
650 823 814 885 baccoeaaa
834 820 992 904 efficiatur.

312 964 408 1026 Malo
437 984 489 1026 me
521 961 687 1026 Galatea
712 961 821 1044 petit,
854 960 998 1022 lascivo
1024 954 1161 1036 puella,

245 1052 293 1115 Et
324 1053 420 1133 fugit
449 1055 493 1115 ad
526 1053 683 1126 salices,
716 1058 752 1113 et
781 1069 818 1112 se
849 1048 952 1130 eupit
984 1053 1067 1107 ante
1099 1040 1230 1104 videri.

155 1178 298 1240 Profecto
321 1195 425 1237 vemm
446 1177 504 1238 hoc
518 1179 555 1238 de
578 1185 685 1239 natura
704 1194 778 1238 cano
796 1193 833 1235 ex
856 1191 906 1234 ore
929 1166 1067 1250 Vergilii.
1106 1166 1174 1239 Quo
1196 1163 1318 1247 propias
1334 1161 1413 1224 enim

105 1266 115 1331 l
133 1267 215 1331 illam
237 1266 368 1340 venitur,
391 1266 446 1327 hoc
461 1266 679 1347 petulantiores
702 1265 788 1327 ludos
812 1263 893 1330 lacit,
918 1262 974 1323 hoc
988 1257 1122 1340 pluribus
1145 1253 1329 1317 anfractibus
1345 1269 1413 1312 sese

105 1376 139 1419 aa
158 1357 409 1436 comprehensura
433 1353 498 1434 jam
517 1357 639 1436 jamque
662 1353 776 1416 tenenti
800 1352 939 1432 surripit:
962 1368 1018 1412 nec
1040 1353 1141 1408 tamen
1163 1344 1290 1407 invitare
1314 1345 1417 1403 cessat

105 1436 166 1509 la
187 1444 506 1526 comprehendendam,
531 1447 617 1526 quasi
641 1445 806 1506 delectetur
828 1441 904 1503 meis
927 1436 1084 1503 erroribus.

160 1531 250 1604 Quod
269 1543 335 1595 toto
355 1533 411 1594 hoc
430 1552 518 1614 opere
543 1533 688 1615 spectavi,
711 1541 746 1595 ut
762 1532 917 1614 physicam
941 1524 1104 1591 invenirem
1127 1519 1316 1604 hypothesin,
1340 1534 1416 1599 quae

105 1641 131 1687 Ι
149 1630 269 1685 anam
293 1622 455 1687 distantias
479 1624 612 1686 efficeret
640 1621 810 1683 observatis
842 1626 1078 1690 consentaneae,
1106 1612 1159 1674 sed
1188 1610 1279 1672 etiam
1301 1625 1416 1687 aequa-

105 1728 167 1775 ntes
189 1712 296 1774 itidem
318 1711 445 1792 probas,-
474 1731 547 1793 quas
575 1712 722 1775 hactenus
745 1731 782 1772 ex
805 1709 920 1772 vicaria
947 1705 1055 1789 capitis
1078 1701 1164 1764 XVI.
1190 1698 1286 1762 coacti
1314 1712 1418 1758 sumus

105 1801 218 1865 maxi:
241 1801 322 1863 idem
336 1801 480 1882 perhanc
503 1801 594 1863 etiam
618 1799 805 1862 verissimam
828 1797 1006 1881 hypothesin
1029 1799 1150 1856 tentans
1172 1789 1250 1853 falsa
1264 1783 1418 1858 methodo,

105 1888 187 1965 'mum
219 1889 258 1951 de
288 1908 388 1952 rerum
417 1898 532 1951 summa
563 1890 715 1970 trepidare
747 1888 841 1970 coepi.
892 1889 936 1952 Ia
961 1886 1048 1950 linea
1348 1932 1351 1939 .

137 1979 145 1997 '
244 1980 363 2042 cm
379 1978 459 2055 A,B
481 1980 661 2043 saibamw·
683 1977 829 2061 aequatae
851 1975 963 2041 areoli
978 1974 1046 2046 GD.
1167 1948 1220 2015 ΗΕ·
1242 1943 1301 1996 ¹¹7'
1332 2052 1340 2073 .

178 2065 292 2150 Sitque
312 2068 370 2130 AB
394 2071 606 2132 eatena-totae
627 2067 741 2132 circali
764 2067 831 2131 GD.
869 2065 923 2130 Sit
944 2073 1048 2145 autem

209 2158 217 2173 '
261 2157 403 2232 occeani,
426 2178 482 2220 eeu
502 2177 652 2221 samace
671 2158 832 2240 paduam
854 2159 928 2240 ejaa
953 2175 1048 2235 arcete

137 2244 204 2311 ,eet
224 2245 304 2319 HK,
333 2264 393 2327 per
419 2246 692 2329 aequipollentiam
721 2267 789 2329 cap.
818 2247 887 2309 111.
936 2245 1047 2307 cento

192 2334 233 2409 K,
257 2335 442 2399 diaconae
465 2337 541 2408 KD,
565 2336 652 2423 qaod
670 2336 813 2418 ipsi-AB
844 2335 886 2396 sit
908 2332 1047 2414 aequale,
1255 2327 1270 2354 “

246 2424 329 2485 LDF
350 2424 519 2508 epioyclaa,
542 2428 597 2506 qai
618 2427 734 2488 secabat
757 2421 909 2488 circulum
934 2420 992 2484 GD
1013 2423 1051 2484 ia
1198 2452 1216 2470 ι

125 2534 187 2599 per
217 2512 495 2596 aequipollentiam
526 2533 594 2597 cap.
624 2513 694 2576 ΙΙΙ.
748 2514 901 2576 Dacatra
932 2511 993 2574 ΑΚ
1022 2518 1051 2574 et

113 2682 116 2687 Ι
147 2603 155 2619 “
221 2609 276 2665 tar
304 2603 402 2666 donec
431 2611 511 2665 secet
539 2601 713 2686 epicyclam
734 2604 770 2666 ia
791 2603 834 2674 L,
865 2608 901 2665 oc
931 2603 972 2664 eit
994 2601 1050 2663 LD
1174 2594 1178 2607 ¹
1211 2642 1215 2674 ,

200 2688 320 2754 similis
349 2691 529 2755 aamnatiae
556 2695 688 2754 ecoattri
718 2690 776 2753 GD
806 2689 855 2754 uel
886 2690 953 2751 HK.
1007 2689 1052 2753 Et
1179 2683 1228 2751 ³¹]

105 2780 321 2847 manueli
344 2800 416 2843 cam
430 2782 469 2842 D.
507 2780 564 2845 Ea
581 2789 696 2863 paacto
718 2800 788 2844 aero
803 2781 831 2841 D
849 2781 1053 2842 demittantur

105 2850 356 2955 benedictiones
373 2871 408 2932 ia
422 2867 492 2945 GA,
507 2870 574 2944 LA,
597 2890 678 2951 qaae
694 2869 837 2943 eiatDO,
853 2868 918 2930 DE.
951 2866 1052 2939 Quare

105 2959 300 3022 thactenus
324 2977 389 3038 cap.
407 2958 490 3021 LVI.
515 2958 731 3032 demonstrata,
754 2958 812 3020 ΑΕ
832 2959 907 3020 citra
928 2966 1052 3020 contro-

105 3048 207 3131 πέρκῃ
232 3045 292 3107 erit
309 3046 395 3126 justa
419 3046 564 3109 distantia
587 3048 626 3110 ad
644 3048 721 3109 hanc
745 3048 924 3110 anomaliam
946 3065 1053 3109 eccen-

105 3132 120 3211 ’Β
142 3136 187 3201 de
211 3154 274 3217 qua
295 3135 456 3215 quaeritur,
479 3144 622 3216 quantum
643 3137 785 3218 temporis
807 3135 958 3199 incasit
980 3155 1053 3199 oon-

105 3234 217 3291 mum.
268 3223 400 3305 Cumque
424 3225 488 3305 ejus
512 3245 600 3288 arcus
622 3226 706 3288 sinus
733 3245 838 3288 versus
862 3222 929 3300 GC,
953 3225 1017 3287 sive
1045 3236 1118 3310 post
1143 3225 1420 3308 multiplicationem

105 3310 262 3397 iablata
284 3333 303 3374 a
326 3312 386 3377 (ΞΑ
408 3315 575 3395 prodiderit
606 3315 781 3377 distantiam
808 3315 864 3377 ΑΕ
890 3315 1024 3394 justam:
1056 3337 1093 3380 ex
1122 3319 1170 3381 his
1202 3315 1319 3378 indiciis
1350 3333 1422 3395 per-

105 3404 240 3476 utebar,
263 3402 422 3464 terminum
444 3403 537 3484 ipsius
559 3404 618 3466 Aa
645 3404 771 3465 alterum
800 3404 999 3484 quaerendum
1027 3426 1175 3469 essenon
1200 3406 1229 3468 in
1251 3403 1307 3467 DC
1331 3403 1422 3478 linea,

105 3493 151 3577 pri
176 3490 372 3553 verissimam
396 3502 498 3554 tamen·
520 3502 595 3568 erat,
619 3494 673 3554 sed
697 3494 726 3554 in
749 3494 803 3555 DB
832 3493 929 3554 lineae
956 3503 1065 3572 puncto
1088 3499 1123 3559 I:
1151 3503 1185 3557 nt
1208 3495 1233 3556 si
1255 3499 1358 3557 centm
1380 3493 1422 3565 A,

105 3578 261 3648 manate
284 3580 355 3655 ΑΕ,
379 3581 517 3643 ducerem
540 3601 641 3645 arcum
663 3583 747 3656 EIF,
770 3582 820 3660 qui
842 3590 926 3643 secet
947 3582 1003 3643 DB
1026 3584 1056 3646 in
1078 3585 1103 3647 L
1147 3585 1241 3646 Esset
1262 3583 1354 3662 igitur
1375 3581 1422 3644 AI

105 3670 244 3739 mudum
275 3668 353 3730 hanc
383 3672 607 3750 persuasionem
633 3672 717 3751 justa
749 3671 893 3733 distantia
921 3672 980 3732 situ
1004 3684 1035 3734 et
1055 3673 1259 3754 longitudine3
1291 3677 1324 3733 et
1344 3668 1423 3732 tna

105 3758 233 3829 unalia
259 3776 331 3819 vere
360 3769 536 3840 coaequata.
581 3760 776 3823 Manifestum
803 3767 851 3821 est
879 3768 993 3836 autem,
1022 3763 1100 3842 quod
1127 3763 1195 3825 EIF
1223 3781 1310 3823 arcus
1340 3765 1424 3821 secet

105 3844 126 3917 ὓ
150 3848 270 3913 lineam
294 3847 359 3909 loco
382 3849 538 3929 superiori,
561 3849 680 3911 scilicet
701 3850 730 3910 in
755 3849 795 3924 F,
818 3849 918 3929 itaque
947 3851 1049 3929 anguli
1070 3849 1148 3914 IAG
1170 3859 1202 3912 et
1223 3848 1311 3913 FAG
1333 3849 1422 3910 dille-

105 3942 143 4005 ἰ
164 3935 343 4018 quantitate
366 3936 445 4001 IAF.
490 3939 597 4001 Erravi
620 3938 724 4018 igitur,
756 3947 900 4018 usurpata
927 3938 1006 4000 linea
1027 3941 1073 4002 AI
1094 3960 1148 4021 pro
1170 3941 1235 4003 AF.
1272 3938 1422 4000 'Errorem

105 4026 206 4093 hum
238 4024 424 4104 experientia
451 4028 642 4107 deprehendi.
688 4028 767 4089 Nam
789 4046 855 4088 cum
883 4028 1087 4107 explorassem
1114 4029 1311 4111 quantitatem
1333 4043 1422 4088 areae

105 4112 169 4185 AG
193 4123 259 4177 tam
274 4132 328 4193 per
350 4115 512 4178 distantias
535 4134 647 4192 omnes,
672 4134 761 4196 quam
774 4134 827 4194 per
850 4117 980 4178 areolam
997 4118 1093 4193 ΗΑΒ,
1115 4125 1222 4199 postea
1240 4115 1309 4179 huic
1332 4132 1422 4176 areae

105 4203 169 4269 AG
193 4203 224 4266 in
249 4210 367 4283 tempus
391 4224 552 4268 conversae
576 4206 849 4268 accommodassem
876 4207 1015 4284 angulum
1037 4205 1114 4270 IAG
1141 4225 1199 4268 non
1223 4203 1328 4268 FAG:
1351 4211 1423 4266 tuno

122 4292 277 4374 superiori
300 4293 476 4357 semicirculi
499 4303 585 4376 parte
609 4294 716 4373 collegi
733 4313 786 4375 per
801 4286 876 4374 5¹l,‘
898 4295 976 4375 plus,
999 4296 1028 4356 in
1047 4295 1180 4358 inferiori
1195 4291 1292 4375 perl‘
1315 4292 1422 4367 minus,

105 4402 170 4447 tam
193 4380 290 4449 dabat
311 4382 426 4445 vicaria
449 4385 525 4446 satis
541 4392 632 4448 certa.
670 4386 774 4464 Itaque
799 4383 1045 4447 dissentientibus
1068 4384 1295 4466 aequationibus
1309 4400 1422 4458 aveto,

105 4471 166 4554 tepi
190 4489 309 4533 rursum
331 4492 472 4535 accusare
496 4474 669 4536 verissimas
691 4473 747 4534 has
766 4472 927 4534 distantias
941 4473 997 4535 ΑΕ
1020 4480 1052 4534 et
1073 4473 1261 4536 librationem
1281 4472 1423 4552 planetae

105 4558 196 4623 nae
220 4559 357 4635 crimine,
383 4561 467 4642 cujus
496 4563 574 4624 falsa
600 4581 667 4623 mea
688 4561 859 4636 methodus,
888 4581 962 4642 quae
985 4562 1001 4623 l
1023 4581 1077 4643 pro
1099 4566 1126 4626 F
1148 4562 1323 4645 spectabat,
1356 4567 1425 4623 erat

105 4665 146 4714 ta.
187 4648 269 4721 Quid
293 4651 421 4713 multis?
443 4652 517 4733 Ipsa
539 4650 652 4714 veritas
671 4659 702 4712 et
714 4670 812 4712 rerum
835 4659 943 4712 natura
965 4651 1121 4729 repudiata
1137 4660 1170 4715 et
1192 4651 1311 4714 exulare
1335 4650 1424 4731 jussa

105 4756 135 4801 er
162 4737 313 4819 posticum
342 4759 374 4802 se
403 4741 503 4803 furtim
531 4760 647 4803 rursum
675 4740 788 4821 recepit
819 4739 896 4802 intro
926 4748 957 4801 et
986 4738 1040 4801 sub
1067 4741 1171 4804 habitu
1204 4741 1300 4802 alieno
1329 4758 1348 4799 a
1375 4756 1422 4799 me

105 4836 206 4915 erepte
234 4827 300 4894 fuit
358 4829 465 4894 Missis
496 4831 617 4914 inquam
652 4828 859 4897 librationibns
891 4827 1029 4895 diametri
1060 4830 1133 4910 LE,
1166 4829 1250 4915 coepi
1280 4844 1422 4895 revocare
