3278 5550
145 478 163 527 'vl

209 282 277 353 234
695 283 734 339 De
750 284 860 341 Motibus
879 283 973 339 Stellae
989 284 1080 338 Martis

298 463 376 527 Hinc
397 462 511 540 videas,
535 463 646 527 nullam
660 464 778 526 omniuo
793 464 823 526 in
841 464 955 527 usitato
969 464 1085 527 calculo
1105 466 1195 546 (puts
1212 461 1372 546 inMagini
1384 461 1518 545 sptem

211 555 314 630 dibus)
347 554 520 634 contingere
544 555 783 634 conjunctionem
806 555 921 627 Martis¹
940 563 972 616 et
994 554 1091 630 Solis,
1117 575 1192 637 quae
1217 574 1275 617 non
1300 555 1344 617 sit
1366 553 1425 627 (uti
1446 552 1518 616 dcun

210 664 265 726 per
288 663 405 724 corpus.
452 641 542 714 Quod
565 644 591 705 si
614 662 716 707 verum
739 645 790 720 sit,
816 646 930 709 frustra
951 652 1059 706 natura
1083 652 1357 725 temperamentum
1373 639 1518 706 latitudini

212 733 396 802 confinxerit,
419 752 456 794 ne
471 732 676 813 corporalibus
691 732 947 814 conjunctionibus
961 733 1065 797 crebro
1080 734 1324 816 contingentibus
1339 732 1449 796 nimiae
1462 750 1518 795 esse

211 823 431 904 exagitatioues
454 822 657 885 sublunarium
680 823 834 886 virtutum.

300 910 493 993 Oopemicus,
518 911 689 975 divitiarum
713 932 833 976 suarum
856 913 922 994 ipse
943 914 1076 995 iguams,
1099 913 1306 976 Ptolemaeum
1321 912 1380 975 sibi
1395 910 1518 992 exprime

211 1003 280 1067 dum
303 1001 422 1065 omuino
445 1001 570 1077 sumsit,
595 1021 653 1064 non
678 1021 775 1064 rerum
798 1011 953 1079 naturam,
977 1004 1016 1065 ad
1040 1021 1127 1084 quam
1151 1010 1254 1065 tamen
1277 1002 1409 1064 omnium
1431 999 1518 1081 proxir

211 1099 392 1157 accesserat.
430 1088 499 1162 Qua
521 1091 559 1152 de
581 1110 614 1153 re
638 1092 704 1172 lege
727 1091 888 1155 Rheticum
910 1094 940 1155 in¹
965 1092 1200 1170 „Narratione.“
1233 1091 1367 1155 Gavisus
1391 1091 1518 1165 enimsi

213 1180 553 1264 appropinquationibus
577 1180 705 1243 Telluris
729 1181 768 1243 ad
791 1182 891 1244 sidera
908 1182 1099 1245 latitudinum
1121 1181 1238 1263 species
1255 1181 1369 1261 augeri,
1392 1188 1518 1243 nontam

211 1292 302 1335 ausus
326 1278 390 1345 est,
426 1270 549 1332 residua
571 1270 762 1332 latitudinum
793 1280 956 1350 augmenta
978 1272 1166 1334 Ptolemaios
1188 1273 1281 1353 (quae
1303 1273 1380 1333 haec
1404 1267 1518 1350 appropi

212 1360 314 1443 quatio
338 1359 468 1422 Telluris
483 1378 543 1421 non
562 1362 788 1440 assequeretur)
803 1361 938 1440 rejicere,
963 1363 1017 1423 sed
1037 1363 1086 1434 (ut
1101 1369 1133 1423 et
1148 1362 1204 1423 illa
1218 1360 1416 1442 exprimeret)
1431 1357 1518 1420 librati

211 1470 267 1514 nes
296 1450 453 1531 planomm
486 1449 720 1511 eccentricomm
750 1450 911 1524 confinxit,
935 1451 1040 1531 quibus
1064 1450 1268 1513 inclinationis
1292 1449 1422 1530 angulus
1445 1447 1518 1522 (Ptol

213 1559 299 1603 maeo
324 1546 466 1600 constans
496 1547 526 1599 et
549 1533 639 1617 fixus)
664 1538 846 1615 variaretur,
877 1548 967 1620 atque
990 1541 1017 1602 is
1041 1542 1135 1621 (qnod
1159 1541 1284 1603 monstri
1307 1538 1408 1602 simile
1431 1538 1481 1612 sit)
1501 1556 1518 1598 n

213 1631 253 1693 ad
276 1630 359 1708 leges
382 1635 516 1689 motuum
539 1628 699 1690 eccentrici
722 1629 849 1709 proprii,
879 1630 932 1691 sed
956 1630 1086 1693 Telluris
1116 1629 1197 1693 orbis
1224 1630 1315 1711 plane
1340 1628 1442 1691 alieni.
1483 1623 1518 1687 Tr

213 1717 411 1800 Gopernicum
435 1716 501 1779 libr.
526 1717 583 1778 VI.
608 1735 674 1797 cap.
702 1716 730 1780 l.
1241 1732 1245 1739 ·

302 1807 378 1871 Cum
399 1806 457 1868 bac
479 1805 681 1886 impertineuti
706 1807 890 1869 diversomm
915 1807 1029 1869 orbium
1052 1805 1244 1887 colligatione
1268 1825 1364 1868 causa
1386 1800 1518 1875 motusffl

213 1896 393 1960 credulitate
408 1914 475 1957 mea
490 1898 640 1970 armatus)
660 1914 778 1976 semper
792 1897 931 1976 pugnavi,
956 1896 1085 1959 nondum
1100 1897 1192 1958 etiam
1214 1897 1288 1958 visis
1309 1888 1518 1958 observationi

214 1985 374 2069 Tychouis.
419 1983 488 2056 Quo
511 1985 673 2064 impensius
696 1985 768 2046 mihi
791 1987 941 2066 gratulor,
965 1978 1193 2051 observationes
1218 2003 1335 2048 mecum
1357 1991 1456 2061 stare,
1477 1988 1518 2045 ut*

214 2074 316 2140 multis
339 2074 407 2137 aliis
430 2075 658 2155 praeconceptis
681 2074 880 2155 opinionibus.
1508 2084 1517 2091 “

302 2163 365 2228 Sed
388 2180 424 2226 ue
449 2163 513 2244 quis
537 2163 574 2225 ob
592 2163 649 2226 hoc
672 2162 768 2244 ipsum
791 2164 862 2226 mihi
887 2164 974 2226 fidem
998 2165 1139 2247 deroget,
1164 2165 1243 2245 quod
1257 2163 1518 2227 observationem

213 2253 398 2337 praejudicio
420 2261 558 2330 tractem,
583 2273 619 2315 en
639 2253 704 2333 jam
728 2252 908 2316 solidissime
932 2255 1153 2330 demonstravi,
1188 2253 1367 2316 librationes
1395 2252 1518 2338 inclinat

214 2364 285 2408 num
317 2342 447 2406 eccentri
477 2343 575 2406 nullas
603 2362 681 2405 esse.
738 2343 845 2406 Tribus
878 2345 956 2405 enirn
988 2345 1084 2407 modis
1107 2343 1338 2423 investigandae
1361 2337 1518 2405 inclinet·

216 2433 362 2496 maximae
389 2431 570 2514 propositis,
603 2432 633 2495 iu
661 2432 755 2512 primo
780 2431 833 2494 Sol
861 2441 927 2495 erat
953 2434 1034 2496 circa
1063 2434 1187 2496 sextiles
1215 2440 1246 2494 et
1278 2432 1422 2514 quintiles
1444 2430 1518 2494 lde:

214 2525 271 2587 hoc
294 2531 419 2585 cattam
432 2522 615 2603 propinquus
632 2521 831 2602 conjunctioni
845 2523 966 2599 Martis,
991 2543 1078 2605 quam
1094 2541 1186 2603 prope
1202 2522 1287 2583 Mars
1301 2522 1398 2584 videri
1414 2531 1444 2584 et
1456 2519 1518 2583 obn

212 2613 277 2676 vari
301 2612 439 2692 expedite
462 2619 579 2692 potest3
603 2611 635 2673 in
657 2612 788 2673 secundo
813 2612 931 2675 eratin
955 2613 1101 2692 quadrato
1125 2613 1226 2685 Mars;
1253 2611 1284 2673 in
1309 2612 1402 2674 tertio
1426 2611 1518 2692 plane

214 2702 352 2785 opposito
375 2701 450 2781 ejus.
496 2702 542 2763 At
564 2701 593 2762 in
618 2702 753 2763 omnibus
777 2701 873 2763 tribus
897 2700 973 2763 locis
995 2701 1067 2764 Sole
1090 2709 1247 2776 versante,
1282 2708 1308 2771 ο·
1332 2701 1363 2761 iu
1388 2702 1484 2762 eodem

215 2791 339 2855 centrici
363 2790 409 2853 sui
432 2790 497 2852 loco
520 2789 703 2866 consistens,
739 2810 828 2853 unam
858 2798 889 2852 et
911 2792 1037 2853 eandem
1060 2791 1283 2853 inclinationem
1307 2789 1413 2853 limitis
1436 2778 1483 2864 (ίο

215 2883 350 2955 circiter)
382 2879 411 2940 in
440 2879 572 2954 boream,
603 2889 635 2942 et
661 2880 691 2940 in
722 2881 861 2961 opposito
895 2881 960 2943 loco
989 2881 1166 2943 tantundem
1198 2879 1227 2940 in
1252 2886 1389 2941 austrum
1412 2870 1518 2960 prode!

216 2969 269 3034 Sic
291 2969 390 3048 capite
413 2967 486 3031 ΧΠ.
511 2970 611 3030 Marte
634 2977 716 3030 motu
740 2969 906 3031 eccentrico
930 2970 959 3031 in
985 2971 1070 3032 nodis
1094 2977 1235 3031 versante
1260 2969 1412 3049 apparuit,
1437 2984 1513 3050 quocr

217 3078 273 3142 que
296 3059 362 3120 loco
385 3058 432 3120 sui
454 3057 534 3120 orbis
558 3057 613 3120 Sol
635 3057 826 3120 constitisset
849 3061 917 3130 (seu
940 3059 1093 3140 proximus
1108 3059 1202 3120 Marti
1225 3077 1278 3119 seu
1303 3058 1343 3120 ab
1367 3077 1403 3120 eo
1426 3056 1518 3121 remo!

216 3148 328 3211 nnllam
350 3166 480 3227 unquam
502 3147 599 3208 visam
622 3166 688 3208 esse
705 3147 814 3209 Martis
828 3149 1028 3210 latitudinem.
1060 3149 1109 3210 Et
1121 3148 1200 3210 infra
1213 3155 1299 3228 parte
1319 3148 1426 3228 quinta
1439 3141 1518 3228 plunl

217 3237 401 3319 probabitur,
417 3245 606 3298 constantem
616 3256 682 3297 esse
693 3237 923 3299 declinationem
933 3239 1038 3319 cuique
1049 3238 1113 3299 loco
1125 3237 1242 3299 orbitae
1248 3236 1358 3298 Martis
1369 3238 1409 3299 ab
1420 3233 1518 3317 eclipd·

305 3327 412 3407 Itaque
446 3326 502 3387 hoc
534 3326 703 3388 firmissime
727 3328 956 3402 concludamus,
989 3327 1213 3389 inclinationem
1242 3327 1401 3406 planorum
1424 3332 1518 3389 eccent

219 3435 320 3479 corum
349 3415 388 3477 ad
417 3415 586 3495 eclipticam
610 3416 677 3488 (cur
700 3415 777 3477 enim
801 3435 858 3477 uon
882 3415 911 3477 in
935 3436 1044 3496 genere
1068 3416 1259 3488 concludam,
1284 3415 1361 3495 qnod
1386 3425 1420 3478 ut
1442 3414 1518 3478 uuir

218 3506 360 3588 planetae
383 3504 470 3580 insit,
496 3524 617 3567 canaam
640 3505 751 3566 nullam
775 3506 891 3567 habet?
922 3506 1056 3586 quamvis
1080 3505 1159 3567 idem
1183 3513 1214 3566 et
1237 3505 1265 3565 in
1290 3505 1412 3568 Venere
1436 3514 1467 3568 et
1488 3504 1518 3568 ld

219 3597 301 3659 curio
339 3614 376 3657 ex
408 3594 665 3657 observationibus
698 3595 936 3658 demonstratum
968 3595 1110 3669 habeam)
1139 3594 1227 3676 plane
1256 3592 1330 3655 nibil
1358 3594 1480 3658 variari.

219 3686 268 3766 qui
291 3685 497 3746 Ptolemaeum
521 3683 663 3765 seqnitur,
687 3683 712 3745 is
736 3684 804 3745 binc
828 3684 935 3759 discat,
960 3685 1081 3764 planum
1105 3683 1231 3766 epicycli
1255 3683 1422 3762 parallelon
1447 3704 1514 3747 csse

217 3777 339 3856 planum
362 3772 519 3853 eclipticae
542 3781 696 3852 perpetuo.
727 3774 808 3835 Nam
831 3774 861 3836 id
880 3774 909 3835 in
932 3773 1076 3836 limitibus
1096 3782 1198 3835 centro
1213 3780 1355 3834 versante
1365 3773 1431 3852 jam
1448 3774 1518 3836 deun

219 3872 348 3927 stratum
378 3870 444 3924 est:
477 3863 507 3924 in
531 3863 617 3924 nodis
640 3882 711 3924 vero
735 3872 876 3924 versante
900 3871 1017 3939 centro,
1047 3863 1211 3945 epicyclnm
1234 3861 1323 3944 plane
1347 3862 1377 3922 in
1403 3863 1518 3945 ecliptie

219 3954 355 4018 omuibus
376 3952 513 4034 partibus
536 3959 705 4032 competere
729 3969 821 4031 supra
843 3971 908 4032 cap.
933 3953 1005 4015 XII.
1029 3952 1188 4032 probatum
1212 3959 1268 4013 est.

307 4043 379 4105 Jam
400 4042 467 4123 quis
489 4040 562 4103 mihi
586 4043 697 4103 iontem
719 4041 854 4120 porriget
876 4042 1079 4111 lacrimarum,
1112 4041 1218 4122 quibus
1246 4058 1284 4101 ex
1306 4038 1415 4101 merito
1439 4058 1496 4103 suo

219 4133 334 4214 plorem
355 4131 556 4195 miserabilem
578 4130 736 4211 Apiani
759 4130 1022 4212 iudustriam,‘qni
1045 4132 1074 4192 in
1092 4149 1145 4193 suo
1170 4128 1294 4209 Opere
1319 4126 1518 4193 Caesareo

223 4221 389 4285 Ptolemaei
410 4221 498 4283 fidem
520 4229 642 4283 secutus
667 4227 713 4281 tot
735 4220 829 4281 bonas
851 4220 941 4282 horas
965 4220 1123 4300 impendit,
1155 4226 1203 4280 tot
1224 4217 1489 4298 ingeniosissimus
1511 4238 1518 4285 r

222 4309 384 4373 ditationes
405 4309 553 4391 perdidit,
582 4317 616 4371 ut
648 4307 737 4388 spiris
766 4315 799 4370 et
820 4310 941 4372 corollis
965 4317 997 4371 et
1019 4308 1164 4371 helicibns
1188 4314 1219 4369 et
1242 4304 1353 4369 volutis
1375 4316 1409 4369 et
1432 4308 1518 4373 univr

220 4399 273 4461 illo
295 4398 585 4462 intricatissimomm
608 4399 738 4460 flexuum
760 4398 930 4481 labyrintho
956 4401 1098 4479 figmenta
1116 4397 1266 4458 homiuum
1280 4395 1477 4475 exprimeret,
1500 4418 1518 4483 q

222 4495 332 4551 natura
355 4506 454 4550 rerum
475 4488 609 4568 proauis
633 4488 722 4569 plane
747 4507 804 4550 non
829 4489 991 4567 agnoscit?
1030 4486 1092 4549 Sed
1115 4485 1249 4548 ostendit
1271 4483 1358 4546 nobis
1380 4485 1429 4548 vir
1451 4487 1518 4565 ille,

223 4576 332 4641 divinis
362 4576 473 4657 ingenii
502 4576 754 4659 perspicacissimi
788 4576 908 4638 dotibus
938 4577 1027 4640 facile
1055 4583 1180 4638 naturae
1204 4590 1307 4656 parem
1330 4592 1399 4636 esse
1423 4578 1518 4657 potuit

223 4668 260 4729 de
284 4672 384 4729 cetero
409 4665 537 4728 animum
560 4666 725 4728 oblectavit
747 4685 833 4728 suum
854 4665 1027 4747 praestigiis
1041 4665 1123 4727 hisce
1139 4666 1183 4737 (in
1199 4663 1304 4745 quibus
1319 4670 1462 4730 naturam
1476 4668 1518 4749 ipr

222 4754 455 4838 provocaverat)
478 4756 641 4820 fortissime
664 4756 816 4836 superatis
840 4761 872 4817 ct
893 4756 923 4817 in
947 4757 1104 4819 schemata
1122 4753 1278 4833 conjectis,
1300 4752 1519 4837 palmamqnei

225 4847 325 4910 lemae
347 4841 487 4928 perennis
509 4851 560 4909 ert
581 4845 726 4925 adeptus,
757 4841 895 4926 quicquid
919 4845 1058 4928 operibus
1081 4843 1156 4925 ipsis
1176 4842 1295 4907 tortum
1317 4841 1379 4905 ista
1401 4842 1518 4915 detrim
