<?xml version="1.0" encoding="UTF-8"?>
<!DOCTYPE html PUBLIC "-//W3C//DTD XHTML 1.0 Transitional//EN"
    "http://www.w3.org/TR/xhtml1/DTD/xhtml1-transitional.dtd">
<html xmlns="http://www.w3.org/1999/xhtml" xml:lang="en" lang="en">
 <head>
  <title>
</title>
<meta http-equiv="Content-Type" content="text/html;charset=utf-8" />
  <meta name='ocr-system' content='tesseract 3.04.00' />
  <meta name='ocr-capabilities' content='ocr_page ocr_carea ocr_par ocr_line ocrx_word'/>
</head>
<body>
  <div class='ocr_page' id='page_1' title='image "./joanniskepleria12frisgoog/joanniskepleria12frisgoog_0088.png"; bbox 0 0 3278 5550; ppageno 0'>
   <div class='ocr_carea' id='block_1_1' title="bbox 439 272 1410 349">
    <p class='ocr_par' dir='ltr' id='par_1_1' title="bbox 439 272 1410 349">
     <span class='ocr_line' id='line_1_1' title="bbox 439 272 1410 349; baseline -0.002 -12"><span class='ocrx_word' id='word_1_1' title='bbox 439 284 470 337; x_wconf 84' lang='lat' dir='ltr'><strong>ds</strong></span> <span class='ocrx_word' id='word_1_2' title='bbox 487 282 677 339; x_wconf 58' lang='lat' dir='ltr'><strong>&amp;mauis</strong></span> <span class='ocrx_word' id='word_1_3' title='bbox 695 284 726 337; x_wconf 88' lang='lat' dir='ltr'><strong>de</strong></span> <span class='ocrx_word' id='word_1_4' title='bbox 744 291 813 338; x_wconf 86' lang='lat' dir='ltr'><strong>motu</strong></span> <span class='ocrx_word' id='word_1_5' title='bbox 830 286 918 338; x_wconf 81' lang='lat' dir='ltr'><strong>atellae</strong></span> <span class='ocrx_word' id='word_1_6' title='bbox 936 283 1033 336; x_wconf 72' lang='lat' dir='ltr'><strong>Martis.</strong></span> <span class='ocrx_word' id='word_1_7' title='bbox 1108 272 1112 281; x_wconf 54' lang='lat'><em>¹</em></span> <span class='ocrx_word' id='word_1_8' title='bbox 1170 323 1174 332; x_wconf 93' lang='lat'><strong>.</strong></span> <span class='ocrx_word' id='word_1_9' title='bbox 1368 273 1410 349; x_wconf 77' lang='grc'><strong>79</strong></span> 
     </span>
    </p>
   </div>
   <div class='ocr_carea' id='block_1_2' title="bbox 8 458 1501 4915">
    <p class='ocr_par' dir='ltr' id='par_1_2' title="bbox 8 458 1410 2687">
     <span class='ocr_line' id='line_1_2' title="bbox 8 458 1409 544; baseline -0.001 -17"><span class='ocrx_word' id='word_1_10' title='bbox 8 472 28 509; x_wconf 51' lang='grc' dir='ltr'>ἰ</span> <span class='ocrx_word' id='word_1_11' title='bbox 82 462 154 527; x_wconf 82' lang='lat' dir='ltr'><strong>nulla</strong></span> <span class='ocrx_word' id='word_1_12' title='bbox 175 463 315 526; x_wconf 88' lang='lat' dir='ltr'><strong>anomala</strong></span> <span class='ocrx_word' id='word_1_13' title='bbox 337 463 523 544; x_wconf 86' lang='lat' dir='ltr'><strong>contingent.</strong></span> <span class='ocrx_word' id='word_1_14' title='bbox 570 463 793 529; x_wconf 82' lang='lat' dir='ltr'><strong>Occurrendum</strong></span> <span class='ocrx_word' id='word_1_15' title='bbox 817 473 866 527; x_wconf 88' lang='lat' dir='ltr'><strong>est</strong></span> <span class='ocrx_word' id='word_1_16' title='bbox 888 465 979 527; x_wconf 89' lang='lat' dir='ltr'><strong>etiam</strong></span> <span class='ocrx_word' id='word_1_17' title='bbox 1009 459 1052 524; x_wconf 88' lang='lat' dir='ltr'><strong>sio</strong></span> <span class='ocrx_word' id='word_1_18' title='bbox 1076 467 1146 535; x_wconf 80' lang='lat' dir='ltr'><strong>tuae</strong></span> <span class='ocrx_word' id='word_1_19' title='bbox 1170 458 1349 542; x_wconf 87' lang='lat' dir='ltr'><strong>suspicioni:</strong></span> <span class='ocrx_word' id='word_1_20' title='bbox 1382 462 1409 525; x_wconf 90' lang='lat' dir='ltr'><strong>si</strong></span> 
     </span>
     <span class='ocr_line' id='line_1_3' title="bbox 17 551 1409 637; baseline -0.002 -21"><span class='ocrx_word' id='word_1_21' title='bbox 17 582 23 616; x_wconf 77' lang='lat' dir='ltr'><strong>e</strong></span> <span class='ocrx_word' id='word_1_22' title='bbox 81 575 150 616; x_wconf 82' lang='lat' dir='ltr'><strong>causa</strong></span> <span class='ocrx_word' id='word_1_23' title='bbox 172 553 314 634; x_wconf 89' lang='lat' dir='ltr'><strong>ancipitis</strong></span> <span class='ocrx_word' id='word_1_24' title='bbox 337 554 540 637; x_wconf 77' lang='lat' dir='ltr'><strong>hypotheseos</strong></span> <span class='ocrx_word' id='word_1_25' title='bbox 564 557 672 635; x_wconf 85' lang='lat' dir='ltr'><strong>(quam</strong></span> <span class='ocrx_word' id='word_1_26' title='bbox 692 564 792 616; x_wconf 86' lang='lat' dir='ltr'><strong>tamen</strong></span> <span class='ocrx_word' id='word_1_27' title='bbox 812 555 877 633; x_wconf 87' lang='lat' dir='ltr'><strong>jam</strong></span> <span class='ocrx_word' id='word_1_28' title='bbox 900 551 1065 633; x_wconf 83' lang='lat' dir='ltr'>explicavi)</span> <span class='ocrx_word' id='word_1_29' title='bbox 1099 559 1183 613; x_wconf 91' lang='lat' dir='ltr'><strong>esset</strong></span> <span class='ocrx_word' id='word_1_30' title='bbox 1205 551 1234 613; x_wconf 93' lang='lat' dir='ltr'><strong>in</strong></span> <span class='ocrx_word' id='word_1_31' title='bbox 1258 553 1409 614; x_wconf 87' lang='lat' dir='ltr'><strong>eccentri-</strong></span> 
     </span>
     <span class='ocr_line' id='line_1_4' title="bbox 8 640 1409 725; baseline -0.003 -19"><span class='ocrx_word' id='word_1_32' title='bbox 8 648 30 687; x_wconf 91' lang='lat'>&#39;···</span> <span class='ocrx_word' id='word_1_33' title='bbox 80 645 150 706; x_wconf 80' lang='lat' dir='ltr'><strong>ritate</strong></span> <span class='ocrx_word' id='word_1_34' title='bbox 174 641 273 714; x_wconf 91' lang='lat' dir='ltr'><strong>Solis,</strong></span> <span class='ocrx_word' id='word_1_35' title='bbox 296 652 380 704; x_wconf 89' lang='lat' dir='ltr'><strong>certe</strong></span> <span class='ocrx_word' id='word_1_36' title='bbox 402 663 537 725; x_wconf 90' lang='lat' dir='ltr'><strong>apogaeo</strong></span> <span class='ocrx_word' id='word_1_37' title='bbox 563 653 588 715; x_wconf 69' lang='grc' dir='ltr'><strong>(ς</strong></span> <span class='ocrx_word' id='word_1_38' title='bbox 612 653 643 705; x_wconf 91' lang='lat' dir='ltr'><strong>et</strong></span> <span class='ocrx_word' id='word_1_39' title='bbox 667 642 707 722; x_wconf 97' lang='grc' dir='ltr'>Θ</span> <span class='ocrx_word' id='word_1_40' title='bbox 732 640 794 707; x_wconf 78' lang='grc' dir='ltr'><strong>48ο</strong></span> <span class='ocrx_word' id='word_1_41' title='bbox 815 644 960 707; x_wconf 84' lang='lat' dir='ltr'><strong>distanti:</strong></span> <span class='ocrx_word' id='word_1_42' title='bbox 983 640 1168 720; x_wconf 88' lang='lat' dir='ltr'><strong>impossibile</strong></span> <span class='ocrx_word' id='word_1_43' title='bbox 1193 640 1283 720; x_wconf 87' lang='lat' dir='ltr'><strong>igitur</strong></span> <span class='ocrx_word' id='word_1_44' title='bbox 1315 648 1409 711; x_wconf 89' lang='lat' dir='ltr'><strong>esset,</strong></span> 
     </span>
     <span class='ocr_line' id='line_1_5' title="bbox 79 726 1410 814; baseline -0.001 -20"><span class='ocrx_word' id='word_1_45' title='bbox 79 732 183 794; x_wconf 87' lang='lat' dir='ltr'><strong>rtmihi</strong></span> <span class='ocrx_word' id='word_1_46' title='bbox 206 733 289 794; x_wconf 91' lang='lat' dir='ltr'><strong>idem</strong></span> <span class='ocrx_word' id='word_1_47' title='bbox 310 732 342 793; x_wconf 91' lang='lat' dir='ltr'><strong>in</strong></span> <span class='ocrx_word' id='word_1_48' title='bbox 365 750 423 793; x_wconf 91' lang='lat' dir='ltr'><strong>uno</strong></span> <span class='ocrx_word' id='word_1_49' title='bbox 447 733 633 795; x_wconf 72' lang='lat' dir='ltr'><strong>semicirculo</strong></span> <span class='ocrx_word' id='word_1_50' title='bbox 657 733 804 813; x_wconf 89' lang='lat' dir='ltr'><strong>prodiret,</strong></span> <span class='ocrx_word' id='word_1_51' title='bbox 829 732 878 814; x_wconf 91' lang='lat' dir='ltr'><strong>qui</strong></span> <span class='ocrx_word' id='word_1_52' title='bbox 901 731 1037 794; x_wconf 89' lang='lat' dir='ltr'><strong>continet</strong></span> <span class='ocrx_word' id='word_1_53' title='bbox 1059 748 1225 809; x_wconf 78' lang='lat' dir='ltr'><strong>apogaeum</strong></span> <span class='ocrx_word' id='word_1_54' title='bbox 1250 726 1305 806; x_wconf 90' lang='grc' dir='ltr'><strong>Θ,</strong></span> <span class='ocrx_word' id='word_1_55' title='bbox 1331 732 1410 811; x_wconf 90' lang='lat' dir='ltr'><strong>quod</strong></span> 
     </span>
     <span class='ocr_line' id='line_1_6' title="bbox 9 818 1409 904; baseline 0 -22"><span class='ocrx_word' id='word_1_56' title='bbox 9 826 36 867; x_wconf 60' lang='grc' dir='ltr'><strong>Γ-</strong></span> <span class='ocrx_word' id='word_1_57' title='bbox 78 821 220 895; x_wconf 86' lang='lat' dir='ltr'><strong>inaltero,</strong></span> <span class='ocrx_word' id='word_1_58' title='bbox 246 821 297 902; x_wconf 91' lang='lat' dir='ltr'><strong>qui</strong></span> <span class='ocrx_word' id='word_1_59' title='bbox 319 821 492 901; x_wconf 65' lang='lat' dir='ltr'><strong>paerigaeum</strong></span> <span class='ocrx_word' id='word_1_60' title='bbox 517 820 556 900; x_wconf 98' lang='grc' dir='ltr'>Θ</span> <span class='ocrx_word' id='word_1_61' title='bbox 581 822 683 884; x_wconf 90' lang='lat' dir='ltr'><strong>habet.</strong></span> <span class='ocrx_word' id='word_1_62' title='bbox 730 822 832 904; x_wconf 86' lang='lat' dir='ltr'>Atque</span> <span class='ocrx_word' id='word_1_63' title='bbox 856 841 942 897; x_wconf 89' lang='lat' dir='ltr'><strong>ecce,</strong></span> <span class='ocrx_word' id='word_1_64' title='bbox 967 821 996 880; x_wconf 91' lang='lat' dir='ltr'><strong>in</strong></span> <span class='ocrx_word' id='word_1_65' title='bbox 1020 818 1214 899; x_wconf 89' lang='lat' dir='ltr'><strong>sequentihus</strong></span> <span class='ocrx_word' id='word_1_66' title='bbox 1237 828 1269 880; x_wconf 93' lang='lat' dir='ltr'><strong>tu</strong></span> <span class='ocrx_word' id='word_1_67' title='bbox 1288 827 1324 880; x_wconf 86' lang='lat' dir='ltr'><strong>te</strong></span> <span class='ocrx_word' id='word_1_68' title='bbox 1344 819 1409 899; x_wconf 89' lang='lat' dir='ltr'><strong>ipss</strong></span> 
     </span>
     <span class='ocr_line' id='line_1_7' title="bbox 8 906 1410 993; baseline -0.003 -20"><span class='ocrx_word' id='word_1_69' title='bbox 8 912 35 941; x_wconf 48' lang='grc' dir='ltr'><strong>ἶ*</strong></span> <span class='ocrx_word' id='word_1_70' title='bbox 78 910 160 991; x_wconf 81' lang='lat' dir='ltr'><strong>arripis</strong></span> <span class='ocrx_word' id='word_1_71' title='bbox 177 909 295 990; x_wconf 89' lang='lat' dir='ltr'><strong>tibique</strong></span> <span class='ocrx_word' id='word_1_72' title='bbox 309 911 415 990; x_wconf 86' lang='lat' dir='ltr'><strong>objicis</strong></span> <span class='ocrx_word' id='word_1_73' title='bbox 431 911 500 992; x_wconf 90' lang='lat' dir='ltr'><strong>ipsi,</strong></span> <span class='ocrx_word' id='word_1_74' title='bbox 517 923 673 992; x_wconf 88' lang='lat' dir='ltr'><strong>utramque</strong></span> <span class='ocrx_word' id='word_1_75' title='bbox 688 911 935 993; x_wconf 73' lang='lat' dir='ltr'><strong>inaequalitatem</strong></span> <span class='ocrx_word' id='word_1_76' title='bbox 951 910 989 971; x_wconf 89' lang='lat' dir='ltr'><strong>ab</strong></span> <span class='ocrx_word' id='word_1_77' title='bbox 1007 908 1231 970; x_wconf 89' lang='lat' dir='ltr'><strong>eccentricitate</strong></span> <span class='ocrx_word' id='word_1_78' title='bbox 1247 916 1278 970; x_wconf 87' lang='lat' dir='ltr'><strong>et</strong></span> <span class='ocrx_word' id='word_1_79' title='bbox 1289 906 1328 985; x_wconf 96' lang='grc' dir='ltr'>Θ</span> <span class='ocrx_word' id='word_1_80' title='bbox 1341 916 1410 980; x_wconf 71' lang='lat' dir='ltr'><strong>ets</strong></span> 
     </span>
     <span class='ocr_line' id='line_1_8' title="bbox 17 997 1409 1081; baseline 0 -20"><span class='ocrx_word' id='word_1_81' title='bbox 17 1002 37 1075; x_wconf 54' lang='grc' dir='ltr'><strong>’ἦ</strong></span> <span class='ocrx_word' id='word_1_82' title='bbox 77 1018 137 1061; x_wconf 86' lang='lat' dir='ltr'><strong>ssuo</strong></span> <span class='ocrx_word' id='word_1_83' title='bbox 146 999 281 1081; x_wconf 89' lang='lat' dir='ltr'><strong>incipere</strong></span> <span class='ocrx_word' id='word_1_84' title='bbox 291 999 437 1080; x_wconf 88' lang='lat' dir='ltr'><strong>principio</strong></span> <span class='ocrx_word' id='word_1_85' title='bbox 449 1010 480 1062; x_wconf 89' lang='lat' dir='ltr'><strong>et</strong></span> <span class='ocrx_word' id='word_1_86' title='bbox 491 1001 628 1062; x_wconf 87' lang='lat' dir='ltr'><strong>confundi</strong></span> <span class='ocrx_word' id='word_1_87' title='bbox 640 1007 674 1070; x_wconf 78' lang='lat' dir='ltr'><strong>(v.</strong></span> <span class='ocrx_word' id='word_1_88' title='bbox 688 1024 706 1058; x_wconf 82' lang='lat' dir='ltr'><strong>s.</strong></span> <span class='ocrx_word' id='word_1_89' title='bbox 718 1025 742 1074; x_wconf 81' lang='lat' dir='ltr'><strong>p.</strong></span> <span class='ocrx_word' id='word_1_90' title='bbox 753 1007 808 1071; x_wconf 81' lang='lat'><strong>71),</strong></span> <span class='ocrx_word' id='word_1_91' title='bbox 819 1000 955 1081; x_wconf 86' lang='lat' dir='ltr'><strong>quamvis</strong></span> <span class='ocrx_word' id='word_1_92' title='bbox 966 1006 997 1060; x_wconf 90' lang='lat' dir='ltr'><strong>tu</strong></span> <span class='ocrx_word' id='word_1_93' title='bbox 1008 997 1037 1058; x_wconf 93' lang='lat' dir='ltr'><strong>in</strong></span> <span class='ocrx_word' id='word_1_94' title='bbox 1053 997 1114 1058; x_wconf 89' lang='lat' dir='ltr'><strong>alia</strong></span> <span class='ocrx_word' id='word_1_95' title='bbox 1128 997 1256 1059; x_wconf 89' lang='lat' dir='ltr'><strong>materia</strong></span> <span class='ocrx_word' id='word_1_96' title='bbox 1270 1017 1409 1079; x_wconf 87' lang='lat' dir='ltr'><strong>usurpas.</strong></span> 
     </span>
     <span class='ocr_line' id='line_1_9' title="bbox 11 1084 1410 1171; baseline 0.001 -20"><span class='ocrx_word' id='word_1_97' title='bbox 11 1084 36 1169; x_wconf 51' lang='lat' dir='ltr'><strong>Fi</strong></span> <span class='ocrx_word' id='word_1_98' title='bbox 76 1090 168 1169; x_wconf 85' lang='lat' dir='ltr'><strong>llempe</strong></span> <span class='ocrx_word' id='word_1_99' title='bbox 206 1107 263 1171; x_wconf 91' lang='lat' dir='ltr'><strong>per</strong></span> <span class='ocrx_word' id='word_1_100' title='bbox 303 1108 468 1169; x_wconf 83' lang='lat' dir='ltr'><strong>apogaeum</strong></span> <span class='ocrx_word' id='word_1_101' title='bbox 494 1088 534 1168; x_wconf 95' lang='grc' dir='ltr'>Θ</span> <span class='ocrx_word' id='word_1_102' title='bbox 564 1109 669 1169; x_wconf 88' lang='lat' dir='ltr'><strong>speras</strong></span> <span class='ocrx_word' id='word_1_103' title='bbox 706 1099 885 1168; x_wconf 86' lang='lat' dir='ltr'><strong>aequantem</strong></span> <span class='ocrx_word' id='word_1_104' title='bbox 917 1088 1028 1150; x_wconf 88' lang='lat' dir='ltr'><strong>Martis</strong></span> <span class='ocrx_word' id='word_1_105' title='bbox 1056 1087 1177 1160; x_wconf 90' lang='lat' dir='ltr'><strong>tollere,</strong></span> <span class='ocrx_word' id='word_1_106' title='bbox 1212 1087 1325 1148; x_wconf 85' lang='lat' dir='ltr'><strong>frustra</strong></span> <span class='ocrx_word' id='word_1_107' title='bbox 1352 1088 1410 1153; x_wconf 81' lang='lat' dir='ltr'><strong>hoc</strong></span> 
     </span>
     <span class='ocr_line' id='line_1_10' title="bbox 15 1173 1406 1259; baseline -0.001 -21"><span class='ocrx_word' id='word_1_108' title='bbox 15 1194 25 1219; x_wconf 88' lang='lat'><strong>··</strong></span> <span class='ocrx_word' id='word_1_109' title='bbox 75 1178 119 1257; x_wconf 89' lang='lat' dir='ltr'><strong>ipso</strong></span> <span class='ocrx_word' id='word_1_110' title='bbox 140 1185 332 1257; x_wconf 87' lang='lat' dir='ltr'><strong>argumento,</strong></span> <span class='ocrx_word' id='word_1_111' title='bbox 347 1178 435 1259; x_wconf 88' lang='lat' dir='ltr'><strong>quod</strong></span> <span class='ocrx_word' id='word_1_112' title='bbox 459 1198 592 1259; x_wconf 89' lang='lat' dir='ltr'><strong>aequans</strong></span> <span class='ocrx_word' id='word_1_113' title='bbox 608 1198 645 1240; x_wconf 87' lang='lat' dir='ltr'><strong>ex</strong></span> <span class='ocrx_word' id='word_1_114' title='bbox 659 1177 747 1239; x_wconf 90' lang='lat' dir='ltr'><strong>nudis</strong></span> <span class='ocrx_word' id='word_1_115' title='bbox 768 1178 956 1259; x_wconf 86' lang='lat' dir='ltr'><strong>acronychiis</strong></span> <span class='ocrx_word' id='word_1_116' title='bbox 982 1176 1154 1250; x_wconf 83' lang='lat' dir='ltr'><strong>exstruitur,</strong></span> <span class='ocrx_word' id='word_1_117' title='bbox 1180 1175 1229 1235; x_wconf 89' lang='lat' dir='ltr'><strong>uhi</strong></span> <span class='ocrx_word' id='word_1_118' title='bbox 1251 1173 1292 1252; x_wconf 93' lang='grc' dir='ltr'>Θ</span> <span class='ocrx_word' id='word_1_119' title='bbox 1316 1177 1406 1258; x_wconf 88' lang='lat' dir='ltr'><strong>plane</strong></span> 
     </span>
     <span class='ocr_line' id='line_1_11' title="bbox 15 1265 1408 1348; baseline 0 -21"><span class='ocrx_word' id='word_1_120' title='bbox 15 1298 22 1307; x_wconf 91' lang='lat'>·</span> <span class='ocrx_word' id='word_1_121' title='bbox 74 1266 124 1328; x_wconf 89' lang='lat' dir='ltr'><strong>nihil</strong></span> <span class='ocrx_word' id='word_1_122' title='bbox 147 1267 235 1336; x_wconf 82' lang='lat' dir='ltr'><strong>iacit.</strong></span> <span class='ocrx_word' id='word_1_123' title='bbox 258 1268 313 1329; x_wconf 91' lang='lat' dir='ltr'><strong>sed</strong></span> <span class='ocrx_word' id='word_1_124' title='bbox 337 1275 395 1340; x_wconf 92' lang='lat' dir='ltr'><strong>est,</strong></span> <span class='ocrx_word' id='word_1_125' title='bbox 419 1286 455 1330; x_wconf 91' lang='lat' dir='ltr'><strong>ac</strong></span> <span class='ocrx_word' id='word_1_126' title='bbox 479 1269 506 1330; x_wconf 90' lang='lat' dir='ltr'><strong>si</strong></span> <span class='ocrx_word' id='word_1_127' title='bbox 529 1276 555 1338; x_wconf 68' lang='grc' dir='ltr'><em>ἀ</em></span> <span class='ocrx_word' id='word_1_128' title='bbox 578 1287 616 1329; x_wconf 84' lang='lat' dir='ltr'><strong>ex</strong></span> <span class='ocrx_word' id='word_1_129' title='bbox 640 1269 704 1348; x_wconf 93' lang='lat' dir='ltr'><strong>ipso</strong></span> <span class='ocrx_word' id='word_1_130' title='bbox 729 1277 831 1329; x_wconf 92' lang='lat' dir='ltr'><strong>centro</strong></span> <span class='ocrx_word' id='word_1_131' title='bbox 854 1268 955 1329; x_wconf 93' lang='lat' dir='ltr'><strong>mundi</strong></span> <span class='ocrx_word' id='word_1_132' title='bbox 974 1273 1173 1347; x_wconf 87' lang='lat' dir='ltr'><strong>spectaretur.</strong></span> <span class='ocrx_word' id='word_1_133' title='bbox 1210 1265 1253 1326; x_wconf 87' lang='lat' dir='ltr'><strong>Mi</strong></span> <span class='ocrx_word' id='word_1_134' title='bbox 1267 1265 1408 1327; x_wconf 83' lang='lat' dir='ltr'><strong>Fabrici:</strong></span> 
     </span>
     <span class='ocr_line' id='line_1_12' title="bbox 9 1349 1410 1436; baseline 0.001 -21"><span class='ocrx_word' id='word_1_135' title='bbox 9 1368 24 1415; x_wconf 73' lang='lat' dir='ltr'><strong>u·</strong></span> <span class='ocrx_word' id='word_1_136' title='bbox 72 1356 181 1429; x_wconf 70' lang='lat' dir='ltr'><strong>naham</strong></span> <span class='ocrx_word' id='word_1_137' title='bbox 215 1356 338 1436; x_wconf 91' lang='lat' dir='ltr'><strong>quidem</strong></span> <span class='ocrx_word' id='word_1_138' title='bbox 370 1365 501 1419; x_wconf 90' lang='lat' dir='ltr'><strong>meretur</strong></span> <span class='ocrx_word' id='word_1_139' title='bbox 531 1366 614 1420; x_wconf 89' lang='lat' dir='ltr'><strong>tuum</strong></span> <span class='ocrx_word' id='word_1_140' title='bbox 646 1355 785 1418; x_wconf 86' lang='lat' dir='ltr'><strong>veritatis</strong></span> <span class='ocrx_word' id='word_1_141' title='bbox 818 1357 949 1419; x_wconf 90' lang='lat' dir='ltr'><strong>studium</strong></span> <span class='ocrx_word' id='word_1_142' title='bbox 977 1367 1009 1418; x_wconf 85' lang='lat' dir='ltr'><strong>et</strong></span> <span class='ocrx_word' id='word_1_143' title='bbox 1038 1354 1218 1416; x_wconf 88' lang='lat' dir='ltr'><strong>sollicitudo.</strong></span> <span class='ocrx_word' id='word_1_144' title='bbox 1266 1349 1410 1416; x_wconf 81' lang='lat' dir='ltr'><strong>Ceterum</strong></span> 
     </span>
     <span class='ocr_line' id='line_1_13' title="bbox 70 1443 1410 1527; baseline -0.001 -20"><span class='ocrx_word' id='word_1_145' title='bbox 70 1446 125 1507; x_wconf 82' lang='lat' dir='ltr'><strong>haec</strong></span> <span class='ocrx_word' id='word_1_146' title='bbox 149 1464 199 1507; x_wconf 91' lang='lat' dir='ltr'><strong>res</strong></span> <span class='ocrx_word' id='word_1_147' title='bbox 223 1464 288 1506; x_wconf 89' lang='lat' dir='ltr'><strong>non</strong></span> <span class='ocrx_word' id='word_1_148' title='bbox 309 1445 408 1525; x_wconf 89' lang='lat' dir='ltr'><strong>agitur</strong></span> <span class='ocrx_word' id='word_1_149' title='bbox 431 1447 611 1527; x_wconf 90' lang='lat' dir='ltr'><strong>conjecturis</strong></span> <span class='ocrx_word' id='word_1_150' title='bbox 636 1453 667 1507; x_wconf 88' lang='lat' dir='ltr'><strong>et</strong></span> <span class='ocrx_word' id='word_1_151' title='bbox 690 1446 909 1524; x_wconf 87' lang='lat' dir='ltr'><strong>suspicionibus</strong></span> <span class='ocrx_word' id='word_1_152' title='bbox 933 1445 1056 1507; x_wconf 89' lang='lat' dir='ltr'><strong>talibus.</strong></span> <span class='ocrx_word' id='word_1_153' title='bbox 1102 1443 1137 1504; x_wconf 93' lang='lat' dir='ltr'><strong>Iu</strong></span> <span class='ocrx_word' id='word_1_154' title='bbox 1157 1451 1312 1506; x_wconf 89' lang='lat' dir='ltr'><strong>aeteruum</strong></span> <span class='ocrx_word' id='word_1_155' title='bbox 1336 1443 1410 1506; x_wconf 92' lang='lat' dir='ltr'><strong>nihil</strong></span> 
     </span>
     <span class='ocr_line' id='line_1_14' title="bbox 67 1532 1408 1617; baseline 0 -22"><span class='ocrx_word' id='word_1_156' title='bbox 67 1534 124 1596; x_wconf 86' lang='lat' dir='ltr'><strong>certi</strong></span> <span class='ocrx_word' id='word_1_157' title='bbox 146 1534 403 1609; x_wconf 90' lang='lat' dir='ltr'><strong>nancisceremur‚</strong></span> <span class='ocrx_word' id='word_1_158' title='bbox 428 1535 485 1599; x_wconf 89' lang='lat' dir='ltr'><strong>nisi</strong></span> <span class='ocrx_word' id='word_1_159' title='bbox 508 1537 609 1617; x_wconf 88' lang='lat' dir='ltr'><strong>aliqua</strong></span> <span class='ocrx_word' id='word_1_160' title='bbox 632 1541 717 1596; x_wconf 87' lang='lat' dir='ltr'><strong>certa</strong></span> <span class='ocrx_word' id='word_1_161' title='bbox 741 1545 772 1596; x_wconf 92' lang='lat' dir='ltr'><strong>et</strong></span> <span class='ocrx_word' id='word_1_162' title='bbox 784 1536 870 1596; x_wconf 88' lang='lat' dir='ltr'><strong>firma</strong></span> <span class='ocrx_word' id='word_1_163' title='bbox 891 1534 1163 1614; x_wconf 89' lang='lat' dir='ltr'><strong>praemitteremus.</strong></span> <span class='ocrx_word' id='word_1_164' title='bbox 1200 1532 1247 1595; x_wconf 90' lang='lat' dir='ltr'><strong>At</strong></span> <span class='ocrx_word' id='word_1_165' title='bbox 1261 1541 1293 1594; x_wconf 89' lang='lat' dir='ltr'><strong>tu</strong></span> <span class='ocrx_word' id='word_1_166' title='bbox 1307 1541 1408 1612; x_wconf 88' lang='lat' dir='ltr'><strong>putas,</strong></span> 
     </span>
     <span class='ocr_line' id='line_1_15' title="bbox 9 1620 1409 1707; baseline -0.001 -23"><span class='ocrx_word' id='word_1_167' title='bbox 9 1658 12 1675; x_wconf 83' lang='lat'><strong>·</strong></span> <span class='ocrx_word' id='word_1_168' title='bbox 65 1624 126 1701; x_wconf 87' lang='lat' dir='ltr'><strong>quod</strong></span> <span class='ocrx_word' id='word_1_169' title='bbox 150 1642 209 1704; x_wconf 90' lang='lat' dir='ltr'><strong>ego</strong></span> <span class='ocrx_word' id='word_1_170' title='bbox 234 1625 317 1705; x_wconf 87' lang='lat' dir='ltr'><strong>prius</strong></span> <span class='ocrx_word' id='word_1_171' title='bbox 341 1624 413 1685; x_wconf 93' lang='lat' dir='ltr'><strong>mihi</strong></span> <span class='ocrx_word' id='word_1_172' title='bbox 436 1626 546 1706; x_wconf 88' lang='lat' dir='ltr'><strong>fingam</strong></span> <span class='ocrx_word' id='word_1_173' title='bbox 563 1626 692 1705; x_wconf 91' lang='lat' dir='ltr'><strong>aliquam</strong></span> <span class='ocrx_word' id='word_1_174' title='bbox 707 1625 881 1686; x_wconf 86' lang='lat' dir='ltr'><strong>concinnam</strong></span> <span class='ocrx_word' id='word_1_175' title='bbox 902 1620 1091 1707; x_wconf 87' lang='lat' dir='ltr'><strong>hypothesin,</strong></span> <span class='ocrx_word' id='word_1_176' title='bbox 1119 1620 1148 1682; x_wconf 94' lang='lat' dir='ltr'><strong>in</strong></span> <span class='ocrx_word' id='word_1_177' title='bbox 1172 1640 1209 1682; x_wconf 89' lang='lat' dir='ltr'><strong>ea</strong></span> <span class='ocrx_word' id='word_1_178' title='bbox 1232 1622 1409 1684; x_wconf 86' lang='lat' dir='ltr'><strong>exornanda</strong></span> 
     </span>
     <span class='ocr_line' id='line_1_16' title="bbox 62 1711 1407 1794; baseline -0.001 -20"><span class='ocrx_word' id='word_1_179' title='bbox 62 1713 119 1774; x_wconf 90' lang='lat' dir='ltr'><strong>nihi</strong></span> <span class='ocrx_word' id='word_1_180' title='bbox 141 1712 204 1791; x_wconf 94' lang='lat' dir='ltr'><strong>ipsi</strong></span> <span class='ocrx_word' id='word_1_181' title='bbox 230 1713 422 1792; x_wconf 89' lang='lat' dir='ltr'><strong>applaudam,</strong></span> <span class='ocrx_word' id='word_1_182' title='bbox 447 1723 555 1794; x_wconf 89' lang='lat' dir='ltr'><strong>postea</strong></span> <span class='ocrx_word' id='word_1_183' title='bbox 578 1715 695 1775; x_wconf 88' lang='lat' dir='ltr'><strong>demum</strong></span> <span class='ocrx_word' id='word_1_184' title='bbox 718 1713 801 1775; x_wconf 92' lang='lat' dir='ltr'><strong>illam</strong></span> <span class='ocrx_word' id='word_1_185' title='bbox 825 1714 862 1775; x_wconf 90' lang='lat' dir='ltr'><strong>ad</strong></span> <span class='ocrx_word' id='word_1_186' title='bbox 886 1712 1113 1775; x_wconf 88' lang='lat' dir='ltr'><strong>observationes</strong></span> <span class='ocrx_word' id='word_1_187' title='bbox 1137 1711 1314 1772; x_wconf 86' lang='lat' dir='ltr'><strong>examinem.</strong></span> <span class='ocrx_word' id='word_1_188' title='bbox 1360 1711 1407 1773; x_wconf 77' lang='lat' dir='ltr'><strong>Ae</strong></span> 
     </span>
     <span class='ocr_line' id='line_1_17' title="bbox 61 1801 1408 1884; baseline -0.001 -20"><span class='ocrx_word' id='word_1_189' title='bbox 61 1803 134 1882; x_wconf 90' lang='lat' dir='ltr'><strong>longe</strong></span> <span class='ocrx_word' id='word_1_190' title='bbox 160 1802 292 1863; x_wconf 79' lang='lat' dir='ltr'><strong>falleris.</strong></span> <span class='ocrx_word' id='word_1_191' title='bbox 331 1803 445 1864; x_wconf 89' lang='lat' dir='ltr'><strong>Verum</strong></span> <span class='ocrx_word' id='word_1_192' title='bbox 469 1814 525 1877; x_wconf 89' lang='lat' dir='ltr'><strong>est,</strong></span> <span class='ocrx_word' id='word_1_193' title='bbox 551 1804 599 1864; x_wconf 94' lang='lat' dir='ltr'><strong>ubi</strong></span> <span class='ocrx_word' id='word_1_194' title='bbox 623 1804 798 1884; x_wconf 81' lang='lat' dir='ltr'><strong>hypothesis</strong></span> <span class='ocrx_word' id='word_1_195' title='bbox 822 1801 1082 1883; x_wconf 83' lang='lat' dir='ltr'><strong>observationibus</strong></span> <span class='ocrx_word' id='word_1_196' title='bbox 1098 1808 1255 1861; x_wconf 86' lang='lat' dir='ltr'><strong>exstructa</strong></span> <span class='ocrx_word' id='word_1_197' title='bbox 1278 1811 1310 1860; x_wconf 88' lang='lat' dir='ltr'><strong>et</strong></span> <span class='ocrx_word' id='word_1_198' title='bbox 1332 1819 1408 1863; x_wconf 92' lang='lat' dir='ltr'><strong>con-</strong></span> 
     </span>
     <span class='ocr_line' id='line_1_18' title="bbox 58 1889 1408 1972; baseline -0.001 -19"><span class='ocrx_word' id='word_1_199' title='bbox 58 1892 168 1953; x_wconf 87' lang='lat' dir='ltr'><strong>irmata</strong></span> <span class='ocrx_word' id='word_1_200' title='bbox 191 1898 260 1965; x_wconf 88' lang='lat' dir='ltr'><strong>est,</strong></span> <span class='ocrx_word' id='word_1_201' title='bbox 286 1898 395 1971; x_wconf 90' lang='lat' dir='ltr'><strong>postea</strong></span> <span class='ocrx_word' id='word_1_202' title='bbox 418 1892 538 1954; x_wconf 81' lang='lat' dir='ltr'><strong>mirifice</strong></span> <span class='ocrx_word' id='word_1_203' title='bbox 562 1893 674 1972; x_wconf 90' lang='lat' dir='ltr'><strong>gestio,</strong></span> <span class='ocrx_word' id='word_1_204' title='bbox 706 1893 732 1960; x_wconf 90' lang='lat' dir='ltr'><strong>si</strong></span> <span class='ocrx_word' id='word_1_205' title='bbox 756 1892 784 1953; x_wconf 93' lang='lat' dir='ltr'><strong>in</strong></span> <span class='ocrx_word' id='word_1_206' title='bbox 809 1910 845 1953; x_wconf 87' lang='lat' dir='ltr'><strong>ea</strong></span> <span class='ocrx_word' id='word_1_207' title='bbox 869 1900 993 1953; x_wconf 90' lang='lat' dir='ltr'><strong>naturae</strong></span> <span class='ocrx_word' id='word_1_208' title='bbox 1017 1889 1149 1969; x_wconf 89' lang='lat' dir='ltr'><strong>aliquam</strong></span> <span class='ocrx_word' id='word_1_209' title='bbox 1172 1889 1408 1952; x_wconf 86' lang='lat' dir='ltr'><strong>concinnitatem</strong></span> 
     </span>
     <span class='ocr_line' id='line_1_19' title="bbox 57 1978 1410 2062; baseline -0.001 -20"><span class='ocrx_word' id='word_1_210' title='bbox 57 1980 209 2042; x_wconf 78' lang='lat' dir='ltr'><strong>nveniam.</strong></span> <span class='ocrx_word' id='word_1_211' title='bbox 259 1981 306 2041; x_wconf 86' lang='lat' dir='ltr'><strong>At</strong></span> <span class='ocrx_word' id='word_1_212' title='bbox 328 1999 478 2061; x_wconf 93' lang='lat' dir='ltr'><strong>nunquam</strong></span> <span class='ocrx_word' id='word_1_213' title='bbox 502 1990 593 2044; x_wconf 86' lang='lat' dir='ltr'><strong>autea</strong></span> <span class='ocrx_word' id='word_1_214' title='bbox 616 1982 705 2062; x_wconf 90' lang='lat' dir='ltr'><strong>plane</strong></span> <span class='ocrx_word' id='word_1_215' title='bbox 729 1981 882 2043; x_wconf 91' lang='lat' dir='ltr'><strong>concludo.</strong></span> <span class='ocrx_word' id='word_1_216' title='bbox 928 1981 996 2060; x_wconf 83' lang='lat' dir='ltr'><strong>Ego</strong></span> <span class='ocrx_word' id='word_1_217' title='bbox 1019 1979 1199 2059; x_wconf 90' lang='lat' dir='ltr'><strong>sesquiauuo</strong></span> <span class='ocrx_word' id='word_1_218' title='bbox 1223 1979 1305 2058; x_wconf 88' lang='lat' dir='ltr'><strong>prius</strong></span> <span class='ocrx_word' id='word_1_219' title='bbox 1336 1978 1410 2040; x_wconf 92' lang='lat' dir='ltr'><strong>mihi</strong></span> 
     </span>
     <span class='ocr_line' id='line_1_20' title="bbox 57 2068 1409 2152; baseline -0.001 -21"><span class='ocrx_word' id='word_1_220' title='bbox 57 2069 283 2132; x_wconf 90' lang='lat' dir='ltr'><strong>debisectione</strong></span> <span class='ocrx_word' id='word_1_221' title='bbox 307 2070 543 2132; x_wconf 86' lang='lat' dir='ltr'><strong>eccentricitatis</strong></span> <span class='ocrx_word' id='word_1_222' title='bbox 568 2071 685 2133; x_wconf 89' lang='lat' dir='ltr'><strong>somnia</strong></span> <span class='ocrx_word' id='word_1_223' title='bbox 708 2071 833 2152; x_wconf 87' lang='lat' dir='ltr'><strong>physica</strong></span> <span class='ocrx_word' id='word_1_224' title='bbox 855 2070 941 2144; x_wconf 84' lang='lat' dir='ltr'><strong>finxi,</strong></span> <span class='ocrx_word' id='word_1_225' title='bbox 972 2088 1060 2151; x_wconf 90' lang='lat' dir='ltr'><strong>quam</strong></span> <span class='ocrx_word' id='word_1_226' title='bbox 1089 2069 1178 2147; x_wconf 89' lang='lat' dir='ltr'><strong>plane</strong></span> <span class='ocrx_word' id='word_1_227' title='bbox 1201 2068 1409 2130; x_wconf 88' lang='lat' dir='ltr'><strong>concluserim.</strong></span> 
     </span>
     <span class='ocr_line' id='line_1_21' title="bbox 56 2155 1410 2242; baseline -0.001 -21"><span class='ocrx_word' id='word_1_228' title='bbox 56 2158 125 2221; x_wconf 83' lang='lat' dir='ltr'><strong>liam</strong></span> <span class='ocrx_word' id='word_1_229' title='bbox 147 2176 207 2239; x_wconf 91' lang='lat' dir='ltr'><strong>pro</strong></span> <span class='ocrx_word' id='word_1_230' title='bbox 230 2155 317 2222; x_wconf 87' lang='grc'>1800</span> <span class='ocrx_word' id='word_1_231' title='bbox 332 2178 449 2241; x_wconf 91' lang='lat' dir='ltr'><strong>semper</strong></span> <span class='ocrx_word' id='word_1_232' title='bbox 463 2157 552 2224; x_wconf 84' lang='grc'>2300</span> <span class='ocrx_word' id='word_1_233' title='bbox 570 2160 741 2242; x_wconf 86' lang='lat' dir='ltr'><strong>prodibant.</strong></span> <span class='ocrx_word' id='word_1_234' title='bbox 779 2159 963 2223; x_wconf 74' lang='lat' dir='ltr'><strong>aceneres</strong></span> <span class='ocrx_word' id='word_1_235' title='bbox 987 2165 1074 2220; x_wconf 88' lang='lat' dir='ltr'><strong>erant</strong></span> <span class='ocrx_word' id='word_1_236' title='bbox 1096 2157 1126 2218; x_wconf 93' lang='lat' dir='ltr'><strong>in</strong></span> <span class='ocrx_word' id='word_1_237' title='bbox 1151 2156 1410 2219; x_wconf 86' lang='lat' dir='ltr'><strong>observationibus</strong></span> 
     </span>
     <span class='ocr_line' id='line_1_22' title="bbox 55 2246 1409 2329; baseline -0.004 -17"><span class='ocrx_word' id='word_1_238' title='bbox 55 2249 123 2312; x_wconf 85' lang='lat' dir='ltr'><strong>usle</strong></span> <span class='ocrx_word' id='word_1_239' title='bbox 146 2247 297 2309; x_wconf 87' lang='lat' dir='ltr'><strong>deductis</strong></span> <span class='ocrx_word' id='word_1_240' title='bbox 321 2248 359 2308; x_wconf 88' lang='lat' dir='ltr'><strong>ad</strong></span> <span class='ocrx_word' id='word_1_241' title='bbox 384 2249 567 2329; x_wconf 90' lang='lat' dir='ltr'><strong>eclipticam,</strong></span> <span class='ocrx_word' id='word_1_242' title='bbox 599 2268 673 2328; x_wconf 89' lang='lat' dir='ltr'><strong>quas</strong></span> <span class='ocrx_word' id='word_1_243' title='bbox 705 2255 791 2310; x_wconf 86' lang='lat' dir='ltr'><strong>tanto</strong></span> <span class='ocrx_word' id='word_1_244' title='bbox 819 2256 891 2329; x_wconf 86' lang='lat' dir='ltr'><strong>post</strong></span> <span class='ocrx_word' id='word_1_245' title='bbox 912 2256 1047 2327; x_wconf 89' lang='lat' dir='ltr'><strong>tempore</strong></span> <span class='ocrx_word' id='word_1_246' title='bbox 1071 2247 1188 2308; x_wconf 92' lang='lat' dir='ltr'><strong>demum</strong></span> <span class='ocrx_word' id='word_1_247' title='bbox 1214 2246 1409 2326; x_wconf 86' lang='lat' dir='ltr'><strong>deprehendi.</strong></span> 
     </span>
     <span class='ocr_line' id='line_1_23' title="bbox 55 2334 1410 2418; baseline -0.003 -18"><span class='ocrx_word' id='word_1_248' title='bbox 55 2338 90 2400; x_wconf 84' lang='lat' dir='ltr'><strong>hs</strong></span> <span class='ocrx_word' id='word_1_249' title='bbox 109 2334 246 2400; x_wconf 85' lang='lat' dir='ltr'><strong>sublatis</strong></span> <span class='ocrx_word' id='word_1_250' title='bbox 271 2336 427 2398; x_wconf 90' lang='lat' dir='ltr'><strong>celerrime</strong></span> <span class='ocrx_word' id='word_1_251' title='bbox 453 2336 538 2402; x_wconf 89' lang='grc'>1800</span> <span class='ocrx_word' id='word_1_252' title='bbox 560 2339 706 2418; x_wconf 85' lang='lat' dir='ltr'><strong>prodiere,</strong></span> <span class='ocrx_word' id='word_1_253' title='bbox 732 2346 763 2399; x_wconf 91' lang='lat' dir='ltr'><strong>et</strong></span> <span class='ocrx_word' id='word_1_254' title='bbox 787 2356 824 2399; x_wconf 91' lang='lat' dir='ltr'><strong>ex</strong></span> <span class='ocrx_word' id='word_1_255' title='bbox 839 2338 975 2399; x_wconf 89' lang='lat' dir='ltr'><strong>omnibus</strong></span> <span class='ocrx_word' id='word_1_256' title='bbox 990 2335 1177 2416; x_wconf 86' lang='lat' dir='ltr'><strong>pragmatiis,</strong></span> <span class='ocrx_word' id='word_1_257' title='bbox 1204 2354 1329 2415; x_wconf 88' lang='lat' dir='ltr'><strong>quarum</strong></span> <span class='ocrx_word' id='word_1_258' title='bbox 1351 2353 1410 2397; x_wconf 93' lang='lat' dir='ltr'><strong>non</strong></span> 
     </span>
     <span class='ocr_line' id='line_1_24' title="bbox 56 2425 1410 2506; baseline -0.002 -17"><span class='ocrx_word' id='word_1_259' title='bbox 56 2428 141 2489; x_wconf 87' lang='lat' dir='ltr'><strong>uinus</strong></span> <span class='ocrx_word' id='word_1_260' title='bbox 162 2444 235 2501; x_wconf 88' lang='lat' dir='ltr'><strong>sex,</strong></span> <span class='ocrx_word' id='word_1_261' title='bbox 261 2425 410 2506; x_wconf 89' lang='lat' dir='ltr'><strong>quasdam</strong></span> <span class='ocrx_word' id='word_1_262' title='bbox 433 2429 514 2489; x_wconf 90' lang='lat' dir='ltr'><strong>senis</strong></span> <span class='ocrx_word' id='word_1_263' title='bbox 537 2429 701 2490; x_wconf 92' lang='lat' dir='ltr'><strong>instructus</strong></span> <span class='ocrx_word' id='word_1_264' title='bbox 725 2426 959 2489; x_wconf 88' lang='lat' dir='ltr'><strong>revolutionibus</strong></span> <span class='ocrx_word' id='word_1_265' title='bbox 986 2425 1183 2505; x_wconf 86' lang='lat' dir='ltr'><strong>pertractavi.</strong></span> <span class='ocrx_word' id='word_1_266' title='bbox 1229 2425 1312 2485; x_wconf 90' lang='lat' dir='ltr'><strong>Tunc</strong></span> <span class='ocrx_word' id='word_1_267' title='bbox 1334 2443 1410 2486; x_wconf 87' lang='lat' dir='ltr'><strong>sane</strong></span> 
     </span>
     <span class='ocr_line' id='line_1_25' title="bbox 61 2513 1410 2595; baseline -0.002 -16"><span class='ocrx_word' id='word_1_268' title='bbox 61 2515 183 2579; x_wconf 71' lang='lat' dir='ltr'><strong>nubem</strong></span> <span class='ocrx_word' id='word_1_269' title='bbox 210 2515 298 2595; x_wconf 89' lang='lat' dir='ltr'><strong>apud</strong></span> <span class='ocrx_word' id='word_1_270' title='bbox 322 2534 369 2576; x_wconf 91' lang='lat' dir='ltr'><strong>me</strong></span> <span class='ocrx_word' id='word_1_271' title='bbox 389 2523 471 2578; x_wconf 90' lang='lat' dir='ltr'><strong>ortus</strong></span> <span class='ocrx_word' id='word_1_272' title='bbox 487 2525 535 2579; x_wconf 90' lang='lat' dir='ltr'><strong>est</strong></span> <span class='ocrx_word' id='word_1_273' title='bbox 549 2536 721 2589; x_wconf 90' lang='lat' dir='ltr'><strong>consensus,</strong></span> <span class='ocrx_word' id='word_1_274' title='bbox 739 2515 982 2577; x_wconf 89' lang='lat' dir='ltr'><strong>concurrentibus</strong></span> <span class='ocrx_word' id='word_1_275' title='bbox 997 2514 1154 2576; x_wconf 86' lang='lat' dir='ltr'><strong>confertim</strong></span> <span class='ocrx_word' id='word_1_276' title='bbox 1169 2521 1281 2574; x_wconf 84' lang='lat' dir='ltr'><strong>etcum</strong></span> <span class='ocrx_word' id='word_1_277' title='bbox 1296 2513 1410 2594; x_wconf 85' lang='lat' dir='ltr'><strong>impetu</strong></span> 
     </span>
     <span class='ocr_line' id='line_1_26' title="bbox 66 2603 1104 2687; baseline -0.001 -22"><span class='ocrx_word' id='word_1_278' title='bbox 66 2605 161 2665; x_wconf 81' lang='lat' dir='ltr'><strong>mentis</strong></span> <span class='ocrx_word' id='word_1_279' title='bbox 175 2605 253 2666; x_wconf 91' lang='lat' dir='ltr'><strong>hinc</strong></span> <span class='ocrx_word' id='word_1_280' title='bbox 279 2604 533 2681; x_wconf 86' lang='lat' dir='ltr'><strong>observationum,</strong></span> <span class='ocrx_word' id='word_1_281' title='bbox 559 2605 626 2667; x_wconf 91' lang='lat' dir='ltr'><strong>inde</strong></span> <span class='ocrx_word' id='word_1_282' title='bbox 649 2605 788 2687; x_wconf 91' lang='lat' dir='ltr'><strong>physices</strong></span> <span class='ocrx_word' id='word_1_283' title='bbox 811 2603 1104 2666; x_wconf 89' lang='lat' dir='ltr'><strong>ratiocinationibus.</strong></span> 
     </span>
    </p>

    <p class='ocr_par' dir='ltr' id='par_1_3' title="bbox 58 2687 1392 3218">
     <span class='ocr_line' id='line_1_27' title="bbox 143 2687 1360 2774; baseline -0.003 -19"><span class='ocrx_word' id='word_1_284' title='bbox 143 2691 215 2755; x_wconf 79' lang='lat' dir='ltr'><strong>llam</strong></span> <span class='ocrx_word' id='word_1_285' title='bbox 231 2699 270 2755; x_wconf 88' lang='lat' dir='ltr'><strong>ut</strong></span> <span class='ocrx_word' id='word_1_286' title='bbox 287 2702 340 2754; x_wconf 87' lang='lat' dir='ltr'><strong>tua</strong></span> <span class='ocrx_word' id='word_1_287' title='bbox 363 2696 569 2774; x_wconf 89' lang='lat' dir='ltr'><strong>quaestionum</strong></span> <span class='ocrx_word' id='word_1_288' title='bbox 592 2695 722 2772; x_wconf 86' lang='lat' dir='ltr'><strong>vestigia</strong></span> <span class='ocrx_word' id='word_1_289' title='bbox 745 2694 884 2755; x_wconf 89' lang='lat' dir='ltr'><strong>contiuuo</strong></span> <span class='ocrx_word' id='word_1_290' title='bbox 908 2712 1044 2754; x_wconf 89' lang='lat' dir='ltr'><strong>sermone</strong></span> <span class='ocrx_word' id='word_1_291' title='bbox 1068 2709 1192 2771; x_wconf 92' lang='lat' dir='ltr'><strong>sequar:</strong></span> <span class='ocrx_word' id='word_1_292' title='bbox 1242 2694 1297 2759; x_wconf 68' lang='lat' dir='ltr'><strong>fig.</strong></span> <span class='ocrx_word' id='word_1_293' title='bbox 1317 2687 1360 2739; x_wconf 86' lang='lat'><strong>²⁰·</strong></span> 
     </span>
     <span class='ocr_line' id='line_1_28' title="bbox 69 2780 1392 2865; baseline -0.002 -22"><span class='ocrx_word' id='word_1_294' title='bbox 69 2780 133 2843; x_wconf 84' lang='lat' dir='ltr'><strong>scito</strong></span> <span class='ocrx_word' id='word_1_295' title='bbox 157 2786 204 2857; x_wconf 89' lang='lat' dir='ltr'><strong>(et</strong></span> <span class='ocrx_word' id='word_1_296' title='bbox 239 2789 317 2862; x_wconf 87' lang='lat' dir='ltr'><strong>puto</strong></span> <span class='ocrx_word' id='word_1_297' title='bbox 347 2801 394 2845; x_wconf 93' lang='lat' dir='ltr'><strong>me</strong></span> <span class='ocrx_word' id='word_1_298' title='bbox 421 2784 486 2863; x_wconf 88' lang='lat' dir='ltr'><strong>jam</strong></span> <span class='ocrx_word' id='word_1_299' title='bbox 515 2785 636 2865; x_wconf 89' lang='lat' dir='ltr'><strong>saepius</strong></span> <span class='ocrx_word' id='word_1_300' title='bbox 667 2783 859 2856; x_wconf 90' lang='lat' dir='ltr'><strong>inculcasse),</strong></span> <span class='ocrx_word' id='word_1_301' title='bbox 890 2781 1047 2864; x_wconf 84' lang='lat' dir='ltr'><strong>aequantia</strong></span> <span class='ocrx_word' id='word_1_302' title='bbox 1071 2799 1193 2843; x_wconf 89' lang='lat' dir='ltr'><strong>causam</strong></span> <span class='ocrx_word' id='word_1_303' title='bbox 1327 2809 1330 2817; x_wconf 91' lang='lat'>·</span> <span class='ocrx_word' id='word_1_304' title='bbox 1374 2810 1392 2862; x_wconf 55' lang='grc' dir='ltr'>ρ</span> 
     </span>
     <span class='ocr_line' id='line_1_29' title="bbox 65 2865 1267 2953; baseline -0.002 -21"><span class='ocrx_word' id='word_1_305' title='bbox 65 2890 122 2932; x_wconf 84' lang='lat' dir='ltr'><strong>esse</strong></span> <span class='ocrx_word' id='word_1_306' title='bbox 148 2892 377 2949; x_wconf 68' lang='lat' dir='ltr'><strong>mercatorne:</strong></span> <span class='ocrx_word' id='word_1_307' title='bbox 409 2892 466 2935; x_wconf 94' lang='lat' dir='ltr'><strong>nou</strong></span> <span class='ocrx_word' id='word_1_308' title='bbox 502 2881 602 2935; x_wconf 88' lang='lat' dir='ltr'><strong>tamen</strong></span> <span class='ocrx_word' id='word_1_309' title='bbox 640 2873 703 2952; x_wconf 88' lang='lat' dir='ltr'><strong>ejus</strong></span> <span class='ocrx_word' id='word_1_310' title='bbox 737 2872 911 2953; x_wconf 85' lang='lat' dir='ltr'><strong>aequantia,</strong></span> <span class='ocrx_word' id='word_1_311' title='bbox 950 2890 1007 2952; x_wconf 89' lang='lat' dir='ltr'><strong>quo</strong></span> <span class='ocrx_word' id='word_1_312' title='bbox 1041 2870 1125 2932; x_wconf 89' lang='lat' dir='ltr'><strong>nobis</strong></span> <span class='ocrx_word' id='word_1_313' title='bbox 1155 2869 1194 2930; x_wconf 94' lang='lat' dir='ltr'><strong>ad</strong></span> <span class='ocrx_word' id='word_1_314' title='bbox 1249 2865 1267 2912; x_wconf 68' lang='grc' dir='ltr'><strong>Ρ</strong></span> 
     </span>
     <span class='ocr_line' id='line_1_30' title="bbox 60 2960 1194 3042; baseline -0.002 -21"><span class='ocrx_word' id='word_1_315' title='bbox 60 2961 229 3042; x_wconf 84' lang='lat' dir='ltr'><strong>compendia</strong></span> <span class='ocrx_word' id='word_1_316' title='bbox 258 2961 369 3023; x_wconf 90' lang='lat' dir='ltr'><strong>calculi</strong></span> <span class='ocrx_word' id='word_1_317' title='bbox 393 2971 440 3023; x_wconf 90' lang='lat' dir='ltr'><strong>est</strong></span> <span class='ocrx_word' id='word_1_318' title='bbox 468 2964 620 3024; x_wconf 92' lang='lat' dir='ltr'><strong>utendum.</strong></span> <span class='ocrx_word' id='word_1_319' title='bbox 667 2962 746 3023; x_wconf 86' lang='lat' dir='ltr'><strong>Nam</strong></span> <span class='ocrx_word' id='word_1_320' title='bbox 767 2962 794 3022; x_wconf 90' lang='lat' dir='ltr'><strong>is</strong></span> <span class='ocrx_word' id='word_1_321' title='bbox 818 2980 871 3040; x_wconf 91' lang='lat' dir='ltr'><strong>per</strong></span> <span class='ocrx_word' id='word_1_322' title='bbox 893 2981 979 3022; x_wconf 87' lang='lat' dir='ltr'><strong>suam</strong></span> <span class='ocrx_word' id='word_1_323' title='bbox 1003 2960 1096 3040; x_wconf 87' lang='lat' dir='ltr'><strong>ipsius</strong></span> <span class='ocrx_word' id='word_1_324' title='bbox 1120 2978 1194 3019; x_wconf 87' lang='lat' dir='ltr'><strong>can-</strong></span> 
     </span>
     <span class='ocr_line' id='line_1_31' title="bbox 58 3049 1389 3131; baseline -0.002 -21"><span class='ocrx_word' id='word_1_325' title='bbox 58 3068 131 3125; x_wconf 76' lang='lat' dir='ltr'><strong>seru,</strong></span> <span class='ocrx_word' id='word_1_326' title='bbox 164 3068 231 3131; x_wconf 90' lang='lat' dir='ltr'><strong>qua</strong></span> <span class='ocrx_word' id='word_1_327' title='bbox 261 3049 337 3110; x_wconf 90' lang='lat' dir='ltr'><strong>locis</strong></span> <span class='ocrx_word' id='word_1_328' title='bbox 370 3051 545 3114; x_wconf 88' lang='lat' dir='ltr'><strong>eccentricis</strong></span> <span class='ocrx_word' id='word_1_329' title='bbox 578 3053 756 3113; x_wconf 88' lang='lat' dir='ltr'><strong>satisfacere</strong></span> <span class='ocrx_word' id='word_1_330' title='bbox 790 3052 1032 3123; x_wconf 73' lang='lat' dir='ltr'><strong>demonstratur,¹</strong></span> <span class='ocrx_word' id='word_1_331' title='bbox 1062 3049 1196 3128; x_wconf 81' lang='lat' dir='ltr'><strong>arguitur</strong></span> <span class='ocrx_word' id='word_1_332' title='bbox 1228 3118 1231 3125; x_wconf 32' lang='grc' dir='ltr'>Ι</span> <span class='ocrx_word' id='word_1_333' title='bbox 1371 3054 1389 3102; x_wconf 77' lang='lat'>¹</span> 
     </span>
     <span class='ocr_line' id='line_1_32' title="bbox 59 3136 1193 3218; baseline -0.004 -18"><span class='ocrx_word' id='word_1_334' title='bbox 59 3138 198 3201; x_wconf 77' lang='lat' dir='ltr'><strong>falsitatis</strong></span> <span class='ocrx_word' id='word_1_335' title='bbox 229 3139 313 3201; x_wconf 89' lang='lat' dir='ltr'><strong>circa</strong></span> <span class='ocrx_word' id='word_1_336' title='bbox 344 3140 601 3218; x_wconf 89' lang='lat' dir='ltr'><strong>dispensationem</strong></span> <span class='ocrx_word' id='word_1_337' title='bbox 633 3140 841 3202; x_wconf 90' lang='lat' dir='ltr'><strong>distantiarum</strong></span> <span class='ocrx_word' id='word_1_338' title='bbox 875 3147 907 3201; x_wconf 89' lang='lat' dir='ltr'><strong>et</strong></span> <span class='ocrx_word' id='word_1_339' title='bbox 938 3139 1005 3201; x_wconf 90' lang='lat' dir='ltr'><strong>viae</strong></span> <span class='ocrx_word' id='word_1_340' title='bbox 1042 3136 1193 3218; x_wconf 87' lang='lat' dir='ltr'><strong>plan&#39;etae.</strong></span> 
     </span>
    </p>

    <p class='ocr_par' dir='ltr' id='par_1_4' title="bbox 57 3224 1274 3400">
     <span class='ocr_line' id='line_1_33' title="bbox 57 3224 1274 3310; baseline -0.002 -20"><span class='ocrx_word' id='word_1_341' title='bbox 57 3224 222 3309; x_wconf 81' lang='lat' dir='ltr'><strong>Reqdirant</strong></span> <span class='ocrx_word' id='word_1_342' title='bbox 261 3229 460 3310; x_wconf 86' lang='lat' dir='ltr'><strong>acronychiae</strong></span> <span class='ocrx_word' id='word_1_343' title='bbox 504 3230 760 3292; x_wconf 89' lang='lat' dir='ltr'><strong>eccentricitatem</strong></span> <span class='ocrx_word' id='word_1_344' title='bbox 804 3229 873 3302; x_wconf 89' lang='lat' dir='ltr'><strong>AB,</strong></span> <span class='ocrx_word' id='word_1_345' title='bbox 917 3236 1094 3309; x_wconf 88' lang='lat' dir='ltr'><strong>aequantem</strong></span> <span class='ocrx_word' id='word_1_346' title='bbox 1130 3225 1194 3300; x_wconf 85' lang='lat' dir='ltr'><strong>BC,</strong></span> <span class='ocrx_word' id='word_1_347' title='bbox 1254 3259 1274 3306; x_wconf 54' lang='grc' dir='ltr'><em>Ε</em></span> 
     </span>
     <span class='ocr_line' id='line_1_34' title="bbox 58 3317 1193 3400; baseline -0.004 -20"><span class='ocrx_word' id='word_1_348' title='bbox 58 3317 166 3380; x_wconf 87' lang='lat' dir='ltr'><strong>docebo</strong></span> <span class='ocrx_word' id='word_1_349' title='bbox 190 3334 250 3396; x_wconf 90' lang='lat' dir='ltr'><strong>ego</strong></span> <span class='ocrx_word' id='word_1_350' title='bbox 281 3337 318 3378; x_wconf 91' lang='lat' dir='ltr'><strong>ex</strong></span> <span class='ocrx_word' id='word_1_351' title='bbox 348 3336 441 3380; x_wconf 88' lang='lat' dir='ltr'><strong>causa</strong></span> <span class='ocrx_word' id='word_1_352' title='bbox 468 3318 593 3400; x_wconf 91' lang='lat' dir='ltr'><strong>physica</strong></span> <span class='ocrx_word' id='word_1_353' title='bbox 615 3318 680 3380; x_wconf 91' lang='lat' dir='ltr'><strong>sine</strong></span> <span class='ocrx_word' id='word_1_354' title='bbox 702 3319 899 3398; x_wconf 87' lang='lat' dir='ltr'><strong>parallaxium</strong></span> <span class='ocrx_word' id='word_1_355' title='bbox 930 3317 1040 3379; x_wconf 88' lang='lat' dir='ltr'><strong>auxilio</strong></span> <span class='ocrx_word' id='word_1_356' title='bbox 1073 3317 1193 3395; x_wconf 91' lang='lat' dir='ltr'><strong>(quam-</strong></span> 
     </span>
    </p>

    <p class='ocr_par' dir='ltr' id='par_1_5' title="bbox 57 3405 1194 3489">
     <span class='ocr_line' id='line_1_35' title="bbox 57 3405 1194 3489; baseline -0.003 -22"><span class='ocrx_word' id='word_1_357' title='bbox 57 3405 99 3467; x_wconf 73' lang='lat' dir='ltr'><strong>vis</strong></span> <span class='ocrx_word' id='word_1_358' title='bbox 132 3406 194 3468; x_wconf 80' lang='lat' dir='ltr'><strong>hae</strong></span> <span class='ocrx_word' id='word_1_359' title='bbox 228 3424 278 3466; x_wconf 91' lang='lat' dir='ltr'><strong>me</strong></span> <span class='ocrx_word' id='word_1_360' title='bbox 309 3406 437 3489; x_wconf 89' lang='lat' dir='ltr'><strong>primum</strong></span> <span class='ocrx_word' id='word_1_361' title='bbox 467 3408 637 3477; x_wconf 75' lang='lat' dir='ltr'><strong>docuerint)</strong></span> <span class='ocrx_word' id='word_1_362' title='bbox 667 3427 704 3469; x_wconf 88' lang='lat' dir='ltr'><strong>ex</strong></span> <span class='ocrx_word' id='word_1_363' title='bbox 733 3408 804 3481; x_wconf 91' lang='lat' dir='ltr'><strong>AB,</strong></span> <span class='ocrx_word' id='word_1_364' title='bbox 832 3405 885 3467; x_wconf 88' lang='lat' dir='ltr'><strong>BC</strong></span> <span class='ocrx_word' id='word_1_365' title='bbox 918 3407 1065 3486; x_wconf 86' lang='lat' dir='ltr'><strong>inquirere</strong></span> <span class='ocrx_word' id='word_1_366' title='bbox 1099 3425 1194 3484; x_wconf 89' lang='lat' dir='ltr'><strong>quan-</strong></span> 
     </span>
    </p>

    <p class='ocr_par' dir='ltr' id='par_1_6' title="bbox 56 3493 1197 3576">
     <span class='ocr_line' id='line_1_36' title="bbox 56 3493 1197 3576; baseline -0.004 -19"><span class='ocrx_word' id='word_1_367' title='bbox 56 3495 173 3557; x_wconf 78' lang='lat' dir='ltr'><strong>titatem</strong></span> <span class='ocrx_word' id='word_1_368' title='bbox 208 3494 267 3556; x_wconf 82' lang='lat' dir='ltr'><strong>DE</strong></span> <span class='ocrx_word' id='word_1_369' title='bbox 300 3514 390 3558; x_wconf 87' lang='lat' dir='ltr'><strong>verae</strong></span> <span class='ocrx_word' id='word_1_370' title='bbox 423 3498 676 3565; x_wconf 85' lang='lat' dir='ltr'><strong>eccentricitatis‚</strong></span> <span class='ocrx_word' id='word_1_371' title='bbox 707 3516 782 3576; x_wconf 90' lang='lat' dir='ltr'><strong>quae</strong></span> <span class='ocrx_word' id='word_1_372' title='bbox 813 3506 862 3556; x_wconf 91' lang='lat' dir='ltr'><strong>est</strong></span> <span class='ocrx_word' id='word_1_373' title='bbox 894 3495 1045 3556; x_wconf 90' lang='lat' dir='ltr'><strong>dimidium</strong></span> <span class='ocrx_word' id='word_1_374' title='bbox 1078 3493 1114 3554; x_wconf 88' lang='lat' dir='ltr'><strong>de</strong></span> <span class='ocrx_word' id='word_1_375' title='bbox 1142 3493 1197 3553; x_wconf 83' lang='lat' dir='ltr'><strong>DF</strong></span> 
     </span>
    </p>

    <p class='ocr_par' dir='ltr' id='par_1_7' title="bbox 58 3578 1198 3665">
     <span class='ocr_line' id='line_1_37' title="bbox 58 3578 1198 3665; baseline -0.004 -20"><span class='ocrx_word' id='word_1_376' title='bbox 58 3585 145 3665; x_wconf 75' lang='lat' dir='ltr'><strong>paulo</strong></span> <span class='ocrx_word' id='word_1_377' title='bbox 175 3584 316 3647; x_wconf 87' lang='lat' dir='ltr'><strong>breviore</strong></span> <span class='ocrx_word' id='word_1_378' title='bbox 344 3605 432 3665; x_wconf 90' lang='lat' dir='ltr'><strong>quam</strong></span> <span class='ocrx_word' id='word_1_379' title='bbox 460 3584 528 3647; x_wconf 74' lang='lat' dir='ltr'><strong>Ab.</strong></span> <span class='ocrx_word' id='word_1_380' title='bbox 575 3588 658 3647; x_wconf 90' lang='lat' dir='ltr'><strong>Haec</strong></span> <span class='ocrx_word' id='word_1_381' title='bbox 689 3584 745 3646; x_wconf 83' lang='lat' dir='ltr'><strong>DE</strong></span> <span class='ocrx_word' id='word_1_382' title='bbox 778 3578 850 3645; x_wconf 84' lang='lat' dir='ltr'><strong>vera</strong></span> <span class='ocrx_word' id='word_1_383' title='bbox 882 3583 1090 3647; x_wconf 89' lang='lat' dir='ltr'><strong>eccentricitas</strong></span> <span class='ocrx_word' id='word_1_384' title='bbox 1114 3580 1198 3642; x_wconf 91' lang='lat' dir='ltr'><strong>dabit</strong></span> 
     </span>
    </p>

    <p class='ocr_par' dir='ltr' id='par_1_8' title="bbox 58 3664 1389 3826">
     <span class='ocr_line' id='line_1_38' title="bbox 58 3664 1389 3755; baseline -0.001 -25"><span class='ocrx_word' id='word_1_385' title='bbox 58 3691 143 3735; x_wconf 78' lang='lat' dir='ltr'><strong>seras</strong></span> <span class='ocrx_word' id='word_1_386' title='bbox 175 3673 343 3735; x_wconf 87' lang='lat' dir='ltr'><strong>distantias</strong></span> <span class='ocrx_word' id='word_1_387' title='bbox 377 3682 409 3736; x_wconf 91' lang='lat' dir='ltr'><strong>et</strong></span> <span class='ocrx_word' id='word_1_388' title='bbox 439 3675 515 3736; x_wconf 89' lang='lat' dir='ltr'><strong>viam</strong></span> <span class='ocrx_word' id='word_1_389' title='bbox 544 3683 694 3745; x_wconf 64' lang='lat' dir='ltr'><strong>&amp;veram</strong></span> <span class='ocrx_word' id='word_1_390' title='bbox 728 3684 817 3755; x_wconf 90' lang='lat' dir='ltr'><strong>atque</strong></span> <span class='ocrx_word' id='word_1_391' title='bbox 846 3673 936 3735; x_wconf 89' lang='lat' dir='ltr'><strong>etiam</strong></span> <span class='ocrx_word' id='word_1_392' title='bbox 967 3675 1035 3734; x_wconf 89' lang='lat' dir='ltr'><strong>loca</strong></span> <span class='ocrx_word' id='word_1_393' title='bbox 1061 3679 1086 3740; x_wconf 74' lang='lat' dir='ltr'><strong>&lt;t</strong></span> <span class='ocrx_word' id='word_1_394' title='bbox 1115 3690 1195 3744; x_wconf 88' lang='lat' dir='ltr'><strong>vera,</strong></span> <span class='ocrx_word' id='word_1_395' title='bbox 1259 3665 1277 3711; x_wconf 67' lang='grc' dir='ltr'><strong><em>Β</em></strong></span> <span class='ocrx_word' id='word_1_396' title='bbox 1367 3664 1389 3717; x_wconf 64' lang='lat' dir='ltr'>A</span> 
     </span>
     <span class='ocr_line' id='line_1_39' title="bbox 60 3761 382 3826; baseline 0.009 -3"><span class='ocrx_word' id='word_1_397' title='bbox 60 3763 109 3824; x_wconf 87' lang='lat' dir='ltr'><strong>sed</strong></span> <span class='ocrx_word' id='word_1_398' title='bbox 132 3761 382 3826; x_wconf 85' lang='lat' dir='ltr'><strong>laboriosissime.</strong></span> 
     </span>
    </p>

    <p class='ocr_par' dir='ltr' id='par_1_9' title="bbox 58 3844 1501 4915">
     <span class='ocr_line' id='line_1_40' title="bbox 142 3844 1411 3932; baseline -0.004 -19"><span class='ocrx_word' id='word_1_399' title='bbox 142 3852 192 3913; x_wconf 85' lang='lat' dir='ltr'><strong>De</strong></span> <span class='ocrx_word' id='word_1_400' title='bbox 225 3852 491 3915; x_wconf 85' lang='lat' dir='ltr'><strong>latitudinibus</strong></span> <span class='ocrx_word' id='word_1_401' title='bbox 513 3853 624 3914; x_wconf 84' lang='lat' dir='ltr'><strong>Martis</strong></span> <span class='ocrx_word' id='word_1_402' title='bbox 657 3853 733 3913; x_wconf 89' lang='lat' dir='ltr'><strong>satis</strong></span> <span class='ocrx_word' id='word_1_403' title='bbox 765 3851 906 3932; x_wconf 89' lang='lat' dir='ltr'><strong>inquiete.</strong></span> <span class='ocrx_word' id='word_1_404' title='bbox 953 3850 1040 3911; x_wconf 88' lang='lat' dir='ltr'><strong>Prius</strong></span> <span class='ocrx_word' id='word_1_405' title='bbox 1072 3849 1253 3928; x_wconf 79' lang='lat' dir='ltr'><strong>placuerum.</strong></span> <span class='ocrx_word' id='word_1_406' title='bbox 1301 3844 1336 3909; x_wconf 91' lang='lat' dir='ltr'><strong>Si</strong></span> <span class='ocrx_word' id='word_1_407' title='bbox 1359 3847 1411 3908; x_wconf 88' lang='lat' dir='ltr'><strong>via</strong></span> 
     </span>
     <span class='ocr_line' id='line_1_41' title="bbox 58 3939 1411 4022; baseline -0.002 -21"><span class='ocrx_word' id='word_1_408' title='bbox 58 3941 265 4021; x_wconf 89' lang='lat' dir='ltr'><strong>longitudinis,</strong></span> <span class='ocrx_word' id='word_1_409' title='bbox 289 3941 398 4022; x_wconf 90' lang='lat' dir='ltr'><strong>inquis,</strong></span> <span class='ocrx_word' id='word_1_410' title='bbox 422 3951 470 4002; x_wconf 90' lang='lat' dir='ltr'><strong>est</strong></span> <span class='ocrx_word' id='word_1_411' title='bbox 494 3941 600 4015; x_wconf 88' lang='lat' dir='ltr'><strong>uvalis,</strong></span> <span class='ocrx_word' id='word_1_412' title='bbox 623 3941 736 4021; x_wconf 88' lang='lat' dir='ltr'><strong>poterit</strong></span> <span class='ocrx_word' id='word_1_413' title='bbox 759 3948 790 4002; x_wconf 88' lang='lat' dir='ltr'><strong>et</strong></span> <span class='ocrx_word' id='word_1_414' title='bbox 812 3943 863 4001; x_wconf 89' lang='lat' dir='ltr'><strong>via</strong></span> <span class='ocrx_word' id='word_1_415' title='bbox 880 3939 1050 4000; x_wconf 89' lang='lat' dir='ltr'><strong>latitudinis</strong></span> <span class='ocrx_word' id='word_1_416' title='bbox 1065 3957 1132 3999; x_wconf 88' lang='lat' dir='ltr'><strong>esse</strong></span> <span class='ocrx_word' id='word_1_417' title='bbox 1149 3945 1293 4008; x_wconf 82' lang='lat' dir='ltr'><strong>tortuosa,</strong></span> <span class='ocrx_word' id='word_1_418' title='bbox 1320 3955 1411 4016; x_wconf 86' lang='lat' dir='ltr'><strong>quare</strong></span> 
     </span>
     <span class='ocr_line' id='line_1_42' title="bbox 59 4027 1447 4113; baseline -0.004 -21"><span class='ocrx_word' id='word_1_419' title='bbox 59 4030 192 4092; x_wconf 80' lang='lat' dir='ltr'><strong>reductio</strong></span> <span class='ocrx_word' id='word_1_420' title='bbox 207 4028 360 4113; x_wconf 75' lang='lat' dir='ltr'><strong>Tychoms</strong></span> <span class='ocrx_word' id='word_1_421' title='bbox 379 4048 460 4105; x_wconf 89' lang='lat' dir='ltr'><strong>vera,</strong></span> <span class='ocrx_word' id='word_1_422' title='bbox 485 4039 538 4093; x_wconf 87' lang='lat' dir='ltr'><strong>tua</strong></span> <span class='ocrx_word' id='word_1_423' title='bbox 559 4050 641 4104; x_wconf 87' lang='lat' dir='ltr'><strong>vero,</strong></span> <span class='ocrx_word' id='word_1_424' title='bbox 665 4031 805 4109; x_wconf 90' lang='lat' dir='ltr'><strong>Keplere,</strong></span> <span class='ocrx_word' id='word_1_425' title='bbox 829 4029 928 4109; x_wconf 90' lang='lat' dir='ltr'><strong>opinio</strong></span> <span class='ocrx_word' id='word_1_426' title='bbox 952 4028 1092 4109; x_wconf 92' lang='lat' dir='ltr'><strong>impingit</strong></span> <span class='ocrx_word' id='word_1_427' title='bbox 1113 4028 1142 4088; x_wconf 93' lang='lat' dir='ltr'><strong>in</strong></span> <span class='ocrx_word' id='word_1_428' title='bbox 1167 4027 1277 4087; x_wconf 91' lang='lat' dir='ltr'><strong>malam</strong></span> <span class='ocrx_word' id='word_1_429' title='bbox 1302 4043 1411 4087; x_wconf 83' lang='lat' dir='ltr'><strong>escen·</strong></span> <span class='ocrx_word' id='word_1_430' title='bbox 1444 4074 1447 4079; x_wconf 94' lang='lat'><strong>.</strong></span> 
     </span>
     <span class='ocr_line' id='line_1_43' title="bbox 59 4115 1412 4201; baseline -0.004 -19"><span class='ocrx_word' id='word_1_431' title='bbox 59 4119 204 4182; x_wconf 84' lang='lat' dir='ltr'><strong>tricitatis</strong></span> <span class='ocrx_word' id='word_1_432' title='bbox 228 4118 457 4183; x_wconf 88' lang='lat' dir='ltr'><strong>ordinationem.</strong></span> <span class='ocrx_word' id='word_1_433' title='bbox 503 4118 530 4181; x_wconf 95' lang='grc' dir='ltr'>Ο</span> <span class='ocrx_word' id='word_1_434' title='bbox 554 4121 778 4200; x_wconf 86' lang='lat' dir='ltr'><strong>praedatorem!</strong></span> <span class='ocrx_word' id='word_1_435' title='bbox 803 4138 892 4201; x_wconf 89' lang='lat' dir='ltr'><strong>quam</strong></span> <span class='ocrx_word' id='word_1_436' title='bbox 915 4117 1034 4195; x_wconf 88' lang='lat' dir='ltr'><strong>egregie</strong></span> <span class='ocrx_word' id='word_1_437' title='bbox 1058 4116 1128 4177; x_wconf 93' lang='lat' dir='ltr'><strong>mihi</strong></span> <span class='ocrx_word' id='word_1_438' title='bbox 1154 4115 1292 4193; x_wconf 80' lang='lat' dir='ltr'><strong>fugiendo</strong></span> <span class='ocrx_word' id='word_1_439' title='bbox 1316 4133 1412 4195; x_wconf 93' lang='lat' dir='ltr'><strong>nego-</strong></span> 
     </span>
     <span class='ocr_line' id='line_1_44' title="bbox 58 4204 1409 4288; baseline -0.002 -19"><span class='ocrx_word' id='word_1_440' title='bbox 58 4207 132 4271; x_wconf 90' lang='lat' dir='ltr'><strong>tium</strong></span> <span class='ocrx_word' id='word_1_441' title='bbox 146 4207 282 4282; x_wconf 82' lang='lat' dir='ltr'><strong>exhibes,</strong></span> <span class='ocrx_word' id='word_1_442' title='bbox 299 4209 412 4270; x_wconf 89' lang='lat' dir='ltr'><strong>nullam</strong></span> <span class='ocrx_word' id='word_1_443' title='bbox 425 4208 618 4271; x_wconf 89' lang='lat' dir='ltr'><strong>munitionem</strong></span> <span class='ocrx_word' id='word_1_444' title='bbox 634 4208 784 4281; x_wconf 88' lang='lat' dir='ltr'><strong>obsidens,</strong></span> <span class='ocrx_word' id='word_1_445' title='bbox 801 4227 951 4288; x_wconf 90' lang='lat' dir='ltr'><strong>uunquam</strong></span> <span class='ocrx_word' id='word_1_446' title='bbox 968 4215 1072 4286; x_wconf 88' lang='lat' dir='ltr'><strong>aperto</strong></span> <span class='ocrx_word' id='word_1_447' title='bbox 1088 4206 1188 4266; x_wconf 88' lang='lat' dir='ltr'><strong>Marte</strong></span> <span class='ocrx_word' id='word_1_448' title='bbox 1203 4204 1409 4283; x_wconf 88' lang='lat' dir='ltr'><strong>congrediens.</strong></span> 
     </span>
     <span class='ocr_line' id='line_1_45' title="bbox 58 4293 1412 4379; baseline -0.001 -21"><span class='ocrx_word' id='word_1_449' title='bbox 58 4294 139 4369; x_wconf 81' lang='lat' dir='ltr'><strong>Quid</strong></span> <span class='ocrx_word' id='word_1_450' title='bbox 169 4316 247 4378; x_wconf 90' lang='lat' dir='ltr'><strong>opus</strong></span> <span class='ocrx_word' id='word_1_451' title='bbox 281 4298 471 4379; x_wconf 60' lang='lat' dir='ltr'><strong>suspiciones</strong></span> <span class='ocrx_word' id='word_1_452' title='bbox 517 4296 644 4360; x_wconf 80' lang='lat' dir='ltr'><strong>Oualem</strong></span> <span class='ocrx_word' id='word_1_453' title='bbox 677 4317 733 4376; x_wconf 93' lang='lat' dir='ltr'><strong>ego</strong></span> <span class='ocrx_word' id='word_1_454' title='bbox 765 4298 891 4378; x_wconf 90' lang='lat' dir='ltr'><strong>figuram</strong></span> <span class='ocrx_word' id='word_1_455' title='bbox 923 4296 1048 4376; x_wconf 89' lang='lat' dir='ltr'><strong>primum</strong></span> <span class='ocrx_word' id='word_1_456' title='bbox 1081 4315 1117 4355; x_wconf 86' lang='lat' dir='ltr'><strong>ex</strong></span> <span class='ocrx_word' id='word_1_457' title='bbox 1151 4293 1412 4356; x_wconf 87' lang='lat' dir='ltr'><strong>observationibus</strong></span> 
     </span>
     <span class='ocr_line' id='line_1_46' title="bbox 58 4383 1411 4468; baseline -0.003 -20"><span class='ocrx_word' id='word_1_458' title='bbox 58 4386 274 4460; x_wconf 86' lang='lat' dir='ltr'><strong>demonstravi,</strong></span> <span class='ocrx_word' id='word_1_459' title='bbox 298 4397 408 4464; x_wconf 89' lang='lat' dir='ltr'><strong>postea</strong></span> <span class='ocrx_word' id='word_1_460' title='bbox 430 4385 560 4449; x_wconf 89' lang='lat' dir='ltr'><strong>naturali</strong></span> <span class='ocrx_word' id='word_1_461' title='bbox 578 4388 782 4468; x_wconf 90' lang='lat' dir='ltr'><strong>speculatione</strong></span> <span class='ocrx_word' id='word_1_462' title='bbox 805 4385 953 4457; x_wconf 90' lang='lat' dir='ltr'><strong>roboravi,</strong></span> <span class='ocrx_word' id='word_1_463' title='bbox 979 4384 1023 4445; x_wconf 92' lang='lat' dir='ltr'><strong>sic</strong></span> <span class='ocrx_word' id='word_1_464' title='bbox 1047 4394 1079 4445; x_wconf 91' lang='lat' dir='ltr'><strong>ut</strong></span> <span class='ocrx_word' id='word_1_465' title='bbox 1102 4404 1138 4445; x_wconf 83' lang='lat' dir='ltr'><strong>ex</strong></span> <span class='ocrx_word' id='word_1_466' title='bbox 1162 4383 1277 4444; x_wconf 91' lang='lat' dir='ltr'><strong>duobus</strong></span> <span class='ocrx_word' id='word_1_467' title='bbox 1296 4401 1411 4463; x_wconf 89' lang='lat' dir='ltr'><strong>aequa-</strong></span> 
     </span>
     <span class='ocr_line' id='line_1_47' title="bbox 59 4471 1410 4558; baseline -0.003 -22"><span class='ocrx_word' id='word_1_468' title='bbox 59 4474 182 4537; x_wconf 87' lang='lat' dir='ltr'><strong>lissimis</strong></span> <span class='ocrx_word' id='word_1_469' title='bbox 205 4474 361 4556; x_wconf 90' lang='lat' dir='ltr'><strong>principiis</strong></span> <span class='ocrx_word' id='word_1_470' title='bbox 384 4496 472 4538; x_wconf 88' lang='lat' dir='ltr'><strong>unum</strong></span> <span class='ocrx_word' id='word_1_471' title='bbox 495 4477 617 4540; x_wconf 91' lang='lat' dir='ltr'><strong>tertium</strong></span> <span class='ocrx_word' id='word_1_472' title='bbox 640 4477 796 4558; x_wconf 86' lang='lat' dir='ltr'><strong>inaequale</strong></span> <span class='ocrx_word' id='word_1_473' title='bbox 819 4475 962 4556; x_wconf 90' lang='lat' dir='ltr'><strong>prodiret.</strong></span> <span class='ocrx_word' id='word_1_474' title='bbox 1009 4473 1053 4534; x_wconf 93' lang='lat' dir='ltr'><strong>Tu</strong></span> <span class='ocrx_word' id='word_1_475' title='bbox 1077 4474 1103 4534; x_wconf 92' lang='lat' dir='ltr'><strong>si</strong></span> <span class='ocrx_word' id='word_1_476' title='bbox 1127 4473 1188 4534; x_wconf 88' lang='lat' dir='ltr'><strong>tale</strong></span> <span class='ocrx_word' id='word_1_477' title='bbox 1222 4471 1292 4551; x_wconf 92' lang='lat' dir='ltr'><strong>quid</strong></span> <span class='ocrx_word' id='word_1_478' title='bbox 1317 4490 1410 4551; x_wconf 90' lang='lat' dir='ltr'><strong>prae-</strong></span> 
     </span>
     <span class='ocr_line' id='line_1_48' title="bbox 61 4561 1410 4642; baseline -0.002 -17"><span class='ocrx_word' id='word_1_479' title='bbox 61 4565 173 4626; x_wconf 80' lang='lat' dir='ltr'><strong>stiteris</strong></span> <span class='ocrx_word' id='word_1_480' title='bbox 198 4584 265 4626; x_wconf 91' lang='lat' dir='ltr'><strong>cum</strong></span> <span class='ocrx_word' id='word_1_481' title='bbox 287 4573 342 4626; x_wconf 91' lang='lat' dir='ltr'><strong>tna</strong></span> <span class='ocrx_word' id='word_1_482' title='bbox 365 4574 502 4628; x_wconf 83' lang='lat' dir='ltr'><strong>tortuosa</strong></span> <span class='ocrx_word' id='word_1_483' title='bbox 525 4566 693 4627; x_wconf 88' lang='lat' dir='ltr'><strong>latitudinis</strong></span> <span class='ocrx_word' id='word_1_484' title='bbox 715 4567 775 4640; x_wconf 87' lang='lat' dir='ltr'><strong>via,</strong></span> <span class='ocrx_word' id='word_1_485' title='bbox 800 4564 918 4638; x_wconf 88' lang='lat' dir='ltr'><strong>viceris,</strong></span> <span class='ocrx_word' id='word_1_486' title='bbox 943 4571 974 4623; x_wconf 90' lang='lat' dir='ltr'><strong>et</strong></span> <span class='ocrx_word' id='word_1_487' title='bbox 996 4581 1051 4641; x_wconf 91' lang='lat' dir='ltr'><strong>ego</strong></span> <span class='ocrx_word' id='word_1_488' title='bbox 1076 4562 1221 4623; x_wconf 87' lang='lat' dir='ltr'><strong>inutiliter</strong></span> <span class='ocrx_word' id='word_1_489' title='bbox 1236 4561 1410 4642; x_wconf 79' lang='lat' dir='ltr'><strong>Tychouica</strong></span> 
     </span>
     <span class='ocr_line' id='line_1_49' title="bbox 61 4651 1501 4735; baseline -0.002 -21"><span class='ocrx_word' id='word_1_490' title='bbox 61 4654 235 4716; x_wconf 83' lang='lat' dir='ltr'><strong>taxaverim.</strong></span> <span class='ocrx_word' id='word_1_491' title='bbox 281 4655 326 4716; x_wconf 83' lang='lat' dir='ltr'><strong>At</strong></span> <span class='ocrx_word' id='word_1_492' title='bbox 349 4655 398 4735; x_wconf 87' lang='lat' dir='ltr'><strong>qui</strong></span> <span class='ocrx_word' id='word_1_493' title='bbox 420 4654 535 4735; x_wconf 90' lang='lat' dir='ltr'><strong>possis,</strong></span> <span class='ocrx_word' id='word_1_494' title='bbox 568 4675 632 4717; x_wconf 92' lang='lat' dir='ltr'><strong>cum</strong></span> <span class='ocrx_word' id='word_1_495' title='bbox 664 4656 739 4716; x_wconf 90' lang='lat' dir='ltr'><strong>haec</strong></span> <span class='ocrx_word' id='word_1_496' title='bbox 771 4662 910 4716; x_wconf 90' lang='lat' dir='ltr'><strong>tortuosa</strong></span> <span class='ocrx_word' id='word_1_497' title='bbox 940 4653 989 4712; x_wconf 87' lang='lat' dir='ltr'><strong>via</strong></span> <span class='ocrx_word' id='word_1_498' title='bbox 1011 4651 1178 4714; x_wconf 90' lang='lat' dir='ltr'><strong>latitudiuis</strong></span> <span class='ocrx_word' id='word_1_499' title='bbox 1202 4659 1346 4729; x_wconf 89' lang='lat' dir='ltr'><strong>sequatur</strong></span> <span class='ocrx_word' id='word_1_500' title='bbox 1368 4669 1407 4712; x_wconf 84' lang='lat' dir='ltr'><strong>ex</strong></span> <span class='ocrx_word' id='word_1_501' title='bbox 1498 4728 1501 4733; x_wconf 20' lang='grc' dir='ltr'><strong><em>Ι</em></strong></span> 
     </span>
     <span class='ocr_line' id='line_1_50' title="bbox 63 4739 1410 4826; baseline -0.003 -23"><span class='ocrx_word' id='word_1_502' title='bbox 63 4760 127 4803; x_wconf 85' lang='lat' dir='ltr'><strong>mea</strong></span> <span class='ocrx_word' id='word_1_503' title='bbox 147 4743 309 4826; x_wconf 88' lang='lat' dir='ltr'><strong>hypothesi</strong></span> <span class='ocrx_word' id='word_1_504' title='bbox 332 4744 540 4824; x_wconf 89' lang='lat' dir='ltr'><strong>longitudinis,</strong></span> <span class='ocrx_word' id='word_1_505' title='bbox 575 4764 650 4824; x_wconf 88' lang='lat' dir='ltr'><strong>quae</strong></span> <span class='ocrx_word' id='word_1_506' title='bbox 682 4745 821 4805; x_wconf 90' lang='lat' dir='ltr'><strong>noudum.</strong></span> <span class='ocrx_word' id='word_1_507' title='bbox 835 4751 884 4804; x_wconf 88' lang='lat' dir='ltr'><strong>est</strong></span> <span class='ocrx_word' id='word_1_508' title='bbox 905 4761 1025 4814; x_wconf 89' lang='lat' dir='ltr'><strong>eversa,</strong></span> <span class='ocrx_word' id='word_1_509' title='bbox 1060 4760 1097 4802; x_wconf 90' lang='lat' dir='ltr'><strong>ne</strong></span> <span class='ocrx_word' id='word_1_510' title='bbox 1121 4742 1239 4821; x_wconf 92' lang='lat' dir='ltr'><strong>quidem</strong></span> <span class='ocrx_word' id='word_1_511' title='bbox 1263 4739 1410 4800; x_wconf 85' lang='lat' dir='ltr'><strong>obsessa?</strong></span> 
     </span>
     <span class='ocr_line' id='line_1_51' title="bbox 64 4826 1410 4915; baseline -0.004 -22"><span class='ocrx_word' id='word_1_512' title='bbox 64 4830 141 4894; x_wconf 80' lang='lat' dir='ltr'><strong>h&#39;am</strong></span> <span class='ocrx_word' id='word_1_513' title='bbox 162 4843 197 4896; x_wconf 92' lang='lat' dir='ltr'><strong>tu</strong></span> <span class='ocrx_word' id='word_1_514' title='bbox 220 4833 339 4915; x_wconf 86' lang='lat' dir='ltr'><strong>quidem</strong></span> <span class='ocrx_word' id='word_1_515' title='bbox 363 4838 469 4896; x_wconf 90' lang='lat' dir='ltr'><strong>contr&#39;a</strong></span> <span class='ocrx_word' id='word_1_516' title='bbox 487 4853 554 4896; x_wconf 91' lang='lat' dir='ltr'><strong>eam</strong></span> <span class='ocrx_word' id='word_1_517' title='bbox 569 4833 660 4897; x_wconf 88' lang='lat' dir='ltr'><strong>solita</strong></span> <span class='ocrx_word' id='word_1_518' title='bbox 679 4834 742 4915; x_wconf 92' lang='lat' dir='ltr'><strong>pila</strong></span> <span class='ocrx_word' id='word_1_519' title='bbox 757 4831 921 4912; x_wconf 89' lang='lat' dir='ltr'><strong>jacularis,</strong></span> <span class='ocrx_word' id='word_1_520' title='bbox 946 4829 1130 4912; x_wconf 89' lang='lat' dir='ltr'><strong>suspiciones</strong></span> <span class='ocrx_word' id='word_1_521' title='bbox 1154 4829 1275 4892; x_wconf 89' lang='lat' dir='ltr'><strong>inutiles</strong></span> <span class='ocrx_word' id='word_1_522' title='bbox 1297 4826 1410 4909; x_wconf 87' lang='lat' dir='ltr'><strong>priuci-</strong></span> 
     </span>
    </p>
   </div>
   <div class='ocr_carea' id='block_1_3' title="bbox 0 0 1647 5550">
    <p class='ocr_par' dir='ltr' id='par_1_10' title="bbox 0 0 1647 5550">
     <span class='ocr_line' id='line_1_52' title="bbox 0 0 1647 5550; baseline 0 0"><span class='ocrx_word' id='word_1_523' title='bbox 0 0 1647 5550; x_wconf 95' lang='lat' dir='ltr'><strong> </strong></span> 
     </span>
    </p>
   </div>
  </div>
 </body>
</html>
