3278 5550
146 344 210 413 102
569 347 671 400 ntem
688 348 792 414 Replsrl
810 309 961 415 alterumue
978 353 1080 400 netum

130 527 178 589 -In
201 530 231 600 l(
254 523 275 587 2
298 525 346 586 vel
369 521 401 589 3⁴
425 525 531 587 deesse
554 533 627 606 puto
651 533 683 588 et
704 527 773 589 huic
796 534 829 589 et
851 526 983 607 antiquis
1011 524 1249 607 hypothesibus,
1275 524 1355 590 forte
1379 532 1476 607 propt

145 616 256 678 salsam
289 614 502 676 assumtionem
536 614 566 677 in
595 622 634 688 li.
681 616 812 687 Nam&
841 616 948 679 habuit
980 634 1058 676 anno
1090 612 1143 679 93.
1177 615 1207 676 in
1233 618 1260 687 00
1286 613 1327 693 Θ
1360 633 1476 696 magus

144 705 345 767 latitudinem.
393 702 456 766 Sed
479 723 539 766 non
562 704 667 781 video,
701 706 847 785 quomodo
871 705 1021 785 corrigere
1045 703 1177 784 possim,
1209 714 1244 767 ut
1261 706 1381 767 nullum
1407 705 1476 768 detr

22 860 25 871 ,
144 802 278 857 mentum
309 793 455 857 inferatur
485 794 560 856 locis
592 794 725 874 reliquis.
777 794 821 858 Et
851 801 952 856 tamen
984 801 1112 874 possunt
1141 794 1217 855 haec
1246 790 1278 858 3‘
1310 795 1340 857 in
1376 792 1476 871 80¹<

144 885 263 948 efficere
286 883 326 945 ad
350 881 562 963 apparentiam
589 881 739 946 10-11‘.
788 881 850 946 Sed
874 891 906 945 et
929 881 1011 945 aliud
1035 891 1084 944 est
1114 882 1192 964 qnod
1226 883 1366 946 desidero
1390 882 1476 947 inln

143 972 322 1057 hypothesi:
356 990 462 1051 nempe
492 972 570 1052 quod
594 972 633 1034 ad
662 972 809 1053 insaniam
842 991 936 1052 nsque
968 972 1154 1033 contendens
1177 991 1301 1035 causam
1333 973 1476 1036 naturale

146 1064 316 1143 contingere
340 1081 398 1124 non
422 1080 555 1140 possum,
580 1080 632 1123 cnr
655 1069 697 1137 d,
722 1062 769 1124 cui
793 1070 881 1123 tenta
904 1080 972 1123 cnm
994 1060 1209 1142 probabilitate
1233 1062 1355 1124 libratio
1379 1061 1410 1124 in
1434 1062 1476 1124 dle

142 1161 239 1215 metro
264 1151 454 1214 tribuebatur
477 1152 540 1223 (res
564 1149 642 1213 enim
667 1150 753 1212 uobis
777 1152 815 1212 ad
830 1151 958 1213 virtutes
981 1149 1170 1230 magneticas
1192 1151 1318 1231 pulchre
1341 1151 1476 1215 admedn

142 1240 323 1316 recidebat),
348 1239 449 1320 potins
472 1239 547 1301 velit
569 1239 612 1300 ire
639 1239 755 1321 ellipsin
779 1241 828 1302 vel
853 1240 880 1301 ei
903 1239 1071 1320 proximam
1092 1239 1182 1303 viam.
1229 1242 1377 1303 Fortasse
1401 1249 1476 1304 tame

142 1340 225 1411 puto,
250 1331 379 1392 uirtutes
402 1328 590 1407 magneticas
613 1347 671 1390 non
696 1328 815 1391 omnino
839 1330 988 1412 respicere
1013 1329 1105 1399 sinus,
1129 1330 1184 1391 sed
1208 1330 1289 1392 alind
1312 1330 1441 1412 aliquid.

233 1417 362 1481 Omnino
396 1417 479 1497 sapit
510 1417 713 1498 magneticam
736 1419 797 1480 vim
830 1418 1057 1493 eccentricitas,
1083 1424 1116 1480 nt
1141 1425 1190 1480 est
1212 1419 1241 1481 in
1267 1416 1476 1484 commentat

143 1510 236 1573 meis:
262 1518 296 1571 ut
319 1509 345 1570 si
368 1507 476 1587 globus
499 1515 526 1577 (ς
549 1508 675 1570 haberet
698 1527 786 1570 axem
808 1506 1012 1588 magneticum
1041 1526 1099 1569 nno
1128 1509 1197 1588 polo
1230 1505 1270 1586 Θ
1295 1517 1476 1591 appetenter

144 1602 240 1663 altero
265 1596 440 1678 lugientem,
465 1614 559 1681 eoque
583 1616 641 1659 axe
664 1598 868 1678 porrigeretur
890 1597 919 1658 in
944 1597 1149 1676 longitudines
1167 1598 1292 1674 medias,
1317 1605 1391 1661 tuuc
1414 1616 1476 1682 qun

144 1689 194 1751 din
216 1695 357 1749 versatur
380 1687 410 1747 in
435 1686 635 1748 descendente
660 1686 858 1762 semicirculo,
883 1686 1013 1748 maxime
1037 1687 1066 1747 in
1083 1685 1268 1766 longitudine
1292 1687 1404 1764 media,
1428 1707 1476 1771 per

144 1778 218 1858 rigit
248 1777 352 1856 polum
388 1782 582 1855 appetentem
611 1794 718 1841 versus
750 1774 811 1853 Θ,
852 1776 954 1856 itaque
989 1793 1108 1855 semper
1138 1776 1177 1837 ad
1202 1774 1242 1853 Θ
1275 1778 1414 1854 accedit,
1439 1796 1476 1847 ,se

143 1865 273 1930 maxime
296 1867 327 1928 in
350 1863 534 1945 longitndine
567 1864 682 1939 media,
713 1865 787 1927 nihil
811 1866 839 1927 in
873 1865 1038 1945 apsidibns.
1085 1865 1127 1926 Et
1156 1872 1227 1927 tnnc
1255 1865 1284 1927 in
1317 1868 1476 1931 ascendent

85 2029 89 2039 ¹
143 1955 332 2019 semicirculo
357 1953 522 2033 aequaliter
546 1954 624 2034 fugit
638 1975 657 2015 a
673 1951 724 2031 Θ.
763 1955 917 2016 Fortassis
940 1953 1042 2035 itaque
1058 1954 1165 2029 (liceat
1184 1953 1262 2017 enirn
1285 1954 1368 2031 mibi,
1390 1956 1476 2037 jucun

145 2044 267 2109 dissime
291 2042 434 2117 Fabrici,
464 2041 533 2105 dnm
556 2051 655 2104 tecum
679 2044 783 2123 loquor
807 2043 959 2112 exerceri,
989 2043 1058 2104 dnm
1082 2062 1223 2106 exerceor
1254 2045 1418 2124 proficere)
1441 2043 1476 2109 st

143 2135 244 2217 aliqua
267 2135 317 2196 lex
339 2139 406 2208 est,
430 2149 490 2213 qua
511 2151 636 2213 magnes
660 2132 769 2213 aliquis
798 2132 931 2212 fugitet
954 2132 1104 2214 sequitur,
1139 2153 1227 2215 quam
1251 2133 1344 2197 sinus.
1374 2134 1476 2200 ·Poeil

464 2221 560 2295 enim,
592 2222 671 2303 qnod
703 2221 790 2283 DFA
822 2222 864 2283 sit
896 2240 1004 2302 corpus
1033 2229 1068 2292 d·
1088 2224 1247 2285 rotundum
1278 2230 1310 2284 et
1340 2223 1405 2287 DA
1436 2242 1476 2287 ax

464 2311 671 2395 magneticus3
697 2328 752 2390 ego
767 2311 914 2373 hactenus
937 2311 1033 2395 posui,
1059 2312 1136 2392 quod
1151 2312 1251 2374 Marte
1271 2311 1314 2373 sic
1337 2314 1476 2379 collocat

428 2409 499 2462 xut
521 2399 624 2463 Solem
648 2400 760 2462 habeat
783 2401 812 2462 in
836 2401 915 2467 linea
938 2398 1006 2475 Bc,
1032 2420 1075 2462 sc.
1100 2400 1129 2461 in
1153 2400 1200 2476 K,
1222 2394 1259 2463 ea
1282 2401 1323 2463 sit
1345 2402 1476 2483 propere

365 2556 370 2579 ⁸
465 2490 631 2553 celeritatis
656 2489 721 2569 ejus
744 2489 774 2551 in
799 2490 970 2552 accedendo
994 2489 1033 2551 ed
1056 2490 1244 2554 celeritatem
1267 2490 1296 2552 in
1320 2490 1476 2555 recedend

466 2598 532 2642 cum
556 2580 649 2642 habet
674 2576 777 2641 Solem
800 2580 829 2641 in
849 2579 888 2654 D,
914 2598 989 2660 qnae
1013 2586 1063 2642 est
1085 2580 1239 2659 proportio
1263 2579 1347 2644 sinus
1363 2583 1476 2655 (verset

278 2725 279 2733 ,
333 2722 353 2745 „
465 2670 512 2731 IN
535 2670 573 2730 ad
597 2669 653 2730 sin.
671 2669 724 2732 IB.
762 2667 804 2730 Et
827 2669 855 2729 in
880 2669 937 2730 hac
959 2667 1109 2748 positione
1134 2669 1258 2730 inventa
1281 2677 1330 2749 est
1343 2671 1392 2733 IN
1415 2671 1476 2735 nim

465 2777 571 2838 parva,
595 2759 654 2820 imo
679 2759 741 2819 lere
761 2758 850 2837 justa
871 2777 926 2838 pro
950 2757 1101 2839 particula
1128 2757 1311 2832 librationis,
1335 2779 1392 2840 pro
1416 2779 1476 2824 men

354 2865 377 2906 ur
466 2865 555 2921 snra3
580 2847 651 2926 quid
675 2847 700 2907 si
716 2865 788 2927 ergo
811 2847 912 2925 potins
935 2848 979 2909 sic
995 2846 1035 2909 sit
1054 2847 1129 2909 haec
1154 2866 1270 2928 qnoque
1294 2867 1368 2910 vera
1392 2846 1476 2913 celeri

268 2929 289 2970 Δ
464 2936 551 3005 tatis,
574 2944 609 2996 nt
630 2935 688 2999 ΝΟ
713 2935 751 2997 ad
774 2935 830 2998 BD
854 2944 907 2996 aut
934 2935 996 2997 alia
1018 2934 1143 3017 aliqua?
1181 2936 1261 2999 Nam
1284 2937 1311 2998 si
1334 2937 1476 3000 etiamir

144 3026 325 3087 haereamus
350 3025 417 3087 huic
441 3024 602 3107 hypothesi
625 3024 824 3103 magneticae,
850 3024 1017 3086 rationibus
1046 3025 1223 3104 quibusdam
1246 3044 1388 3107 cogemur
1410 3027 1476 3091 alin

145 3115 276 3195 aliquem
300 3114 419 3176 modum
443 3131 603 3196 quaerere,
645 3112 786 3186 Primum,
813 3113 840 3174 si
863 3109 903 3190 Θ
929 3122 960 3174 et
982 3115 1046 3194 poli
1075 3115 1238 3194 magnetici
1261 3116 1298 3192 D,
1323 3117 1353 3177 h
1379 3119 1476 3179 sunt}

144 3204 250 3264 eodem
274 3203 364 3283 plano
389 3202 558 3276 eccentrici,
582 3220 642 3264 non
658 3202 800 3263 debemus
824 3202 995 3283 suspicione
1012 3204 1141 3284 quadam
1164 3205 1289 3278 turbari,
1314 3207 1401 3285 qnasi
1420 3207 1476 3269 alic

148 3292 306 3353 dicendum
330 3292 372 3354 sit
395 3292 431 3353 de
462 3291 559 3355 solido
589 3291 725 3371 corporis
747 3292 937 3371 planetarum
970 3293 1078 3373 globo,
1113 3293 1194 3355 aliud
1227 3295 1264 3355 de
1293 3294 1406 3356 circulo
1439 3296 1476 3377 eju

148 3380 290 3450 maximo.
336 3380 417 3443 Nam
440 3382 539 3462 posito
563 3382 642 3460 quod
665 3381 828 3461 posuimus,
853 3380 959 3461 globus
984 3390 1066 3443 totus
1090 3391 1244 3462 potestate
1268 3383 1393 3445 divisus·
1407 3384 1476 3447 inte}

244 2293 300 2361 urg.
319 2289 361 2342 es.

25 3464 31 3472 '
144 3471 249 3551 ligitur
273 3471 303 3533 iu
328 3470 459 3533 infinitos
482 3469 611 3533 circulos
635 3471 816 3551 parallelos,
850 3492 869 3531 a
891 3470 1020 3533 maximo
1049 3473 1186 3553 utrinque
1210 3474 1249 3534 ad
1273 3472 1476 3559 minimos,q

144 3579 248 3623 omnes
273 3561 440 3640 aequaliter
464 3579 568 3622 versus
585 3557 624 3637 Θ
650 3567 737 3622 erunt
760 3558 907 3640 dispositi,
932 3560 1035 3641 itaque
1059 3561 1213 3641 proportio
1237 3561 1372 3625 manebit
1396 3564 1476 3626 esde:

84 3700 87 3709 .
143 3650 353 3730 multiplicatis
377 3650 523 3712 terminis.
570 3646 619 3710 Sit
643 3668 713 3730 ergo
737 3649 839 3712 FDIA
862 3650 989 3737 circulus
1013 3650 1138 3732 quilibet
1160 3649 1190 3712 iu
1211 3670 1334 3734 corpore
1357 3652 1476 3732 planetu

144 3740 312 3818 parallelus
335 3739 513 3816 eccentrho,
538 3745 570 3800 et
591 3737 634 3800 sit
656 3738 727 3800 FDI
749 3738 954 3801 semicirculus
987 3747 1150 3820 appetens,
1172 3740 1244 3803 FAI
1267 3740 1404 3821 fugiens,
1429 3739 1474 3805 So

144 3830 175 3890 iu
199 3828 244 3890 BI
264 3836 408 3891 versante
432 3830 466 3890 lit
495 3826 721 3908 aequilibrium,
757 3827 885 3907 quiade
916 3829 1119 3903 semicirculo,
1153 3829 1202 3909 qni
1226 3829 1291 3893 Soli
1321 3831 1476 3895 obvertitu

143 3936 184 3981 sc.
211 3916 307 3988 DIA,
337 3917 496 3981 dimidium
519 3918 563 3981 Dl
597 3925 646 3978 est
678 3925 843 3998 appetens,
876 3918 1029 3980 dimidium
1051 3919 1097 3980 IA
1121 3918 1256 3999 fngiens;
1279 3919 1351 3982 Sole
1375 3922 1476 3983 verni

142 4006 201 4070 ΒΚ
224 4015 375 4082 versante,
400 4007 605 4070 semicirculus
628 4004 719 4070 ROM
742 4006 959 4081 consideratur,
983 4007 1013 4068 in
1038 4026 1095 4086 qno
1110 4006 1156 4069 Rl
1179 4016 1251 4070 sunt
1273 4016 1377 4091 partes
1402 4026 1476 4092 appe

146 4103 257 4171 tentes,
281 4096 332 4159 lM
348 4096 508 4176 fugientes.
545 4095 630 4158 Pone
644 4095 691 4158 lG
714 4096 871 4176 aequalem
885 4096 944 4173 IM,
970 4096 1061 4177 igitur
1078 4093 1126 4159 IG
1149 4097 1364 4161 annihilabitur
1388 4100 1429 4162 ab
1443 4099 1476 4162 lu

132 4182 337 4266 ,Relinquitur
360 4176 421 4249 RG
445 4185 695 4248 considerandum
716 4205 771 4266 pro
794 4205 935 4248 mensura
957 4186 1131 4266 appetentis
1155 4186 1319 4251 facultatis.
1366 4188 1431 4252 Ubi
1454 4188 1476 4250 h

144 4275 396 4354 complementum
420 4283 469 4336 est
497 4275 536 4336 ad
559 4273 601 4336 10
626 4275 792 4336 discessum
819 4276 961 4356 planetae
986 4275 1023 4337 ab
1053 4293 1190 4355 apogaeo
1214 4284 1246 4339 et
1267 4275 1316 4340 IG
1338 4277 1476 4343 similiter

144 4380 214 4441 ergo
241 4362 301 4424 GR
330 4383 417 4425 arcus
448 4373 498 4426 est
529 4363 637 4444 duplus
661 4364 700 4425 ad
723 4362 765 4426 10
790 4364 957 4426 discessum
987 4364 1026 4425 ab
1054 4383 1201 4444 apogaeo.
1248 4364 1366 4438 Quodsi
1396 4376 1476 4450 pern

144 4459 322 4531 appetentes
347 4472 442 4533 aeque
475 4453 588 4515 multae
621 4472 739 4534 semper
771 4460 951 4534 appeterent
983 4454 1150 4533 aequaliter
1183 4474 1356 4537 quocunque
1390 4474 1476 4539 angu

143 4540 240 4616 ΗΒΚ,
267 4539 355 4603 GBK
378 4542 443 4616 dcc,
469 4551 540 4605 tuuc
563 4543 683 4604 onmino
707 4543 861 4605 discessus
885 4544 923 4605 ab
948 4561 1083 4623 apogaeo
1114 4543 1271 4609 metiretur
1293 4546 1476 4628 appetentia

144 4638 176 4690 et
199 4630 374 4712 aequalibus
404 4632 589 4714 temporibus
623 4633 758 4713 aequalis
792 4640 875 4694 esset
906 4631 1119 4695 distantiarum
1147 4639 1173 4704 ό
1201 4656 1221 4697 a
1253 4632 1294 4712 Θ
1322 4636 1476 4701 imminuti

143 4718 205 4780 Sed
229 4718 449 4782 consideranda
482 4721 575 4784 etiam
607 4721 751 4785 fortitudo
781 4722 894 4802 anguli.
939 4722 1020 4784 Nam
1043 4721 1116 4784 Sole
1139 4723 1169 4784 in
1191 4725 1236 4786 ΒΙ
1258 4732 1412 4802 versante,
1444 4734 1476 4790 et

143 4808 218 4871 nihil
243 4816 440 4891 operarentur
462 4811 508 4873 Al
532 4811 693 4891 fugientes,
717 4831 775 4875 nou
799 4818 900 4874 tamen
922 4811 969 4874 DI
992 4818 1186 4893 appeterent,
1208 4812 1280 4895 qnia
1301 4816 1406 4898 anguli
1426 4815 1476 4881 ni
