3278 5550
702 267 743 321 ss.
763 268 820 323 ou.
840 265 917 321 roos.
1277 236 1280 241 ¹
1430 263 1494 333 rte

529 568 530 571 ,
654 502 826 582 Quantitas
848 499 985 586 eclipsis.

234 625 378 686 Latitndo
403 624 468 687 visa
491 643 529 686 ex
551 644 644 706 supra
666 623 757 689 dictis
779 627 809 689 in
833 624 930 688 medio
952 622 1218 706 proportionaliter
1241 618 1344 685 151560
1360 617 1426 687 3000
1447 623 1496 686 vel

145 708 177 775 60
200 711 260 788 00;
285 713 327 775 515
349 720 449 775 autern
472 710 504 776 60
524 711 597 778 3000.
634 716 719 778 Η555
743 714 846 777 ablata
869 735 888 775 a
911 720 1026 776 summa
1048 711 1336 774 semidiametrornm
1359 706 1414 774 310
1427 706 1493 776 4700

143 802 287 882 relinquit
317 804 456 881 scrupula
489 802 649 884 obscurata
679 802 731 868 25.
759 803 837 878 1700,
874 823 949 884 qnae
983 801 1098 864 faciunt
1129 800 1240 881 digitos
1272 800 1413 881 proxime,
1443 797 1493 873 10.

143 890 364 971 Superluerunt
385 890 473 971 digiti
495 886 525 954 2.
572 892 615 954 Et
635 902 736 955 tamen
768 912 834 955 curn
857 891 987 973 Pragam
1017 891 1096 953 inter
1127 898 1159 951 et
1181 889 1284 953 Solem
1311 890 1400 952 unica
1428 891 1495 954 sola

143 981 239 1042 nubes
262 988 362 1055 esset,
393 981 476 1043 coelo
504 981 696 1044 circumcirca
721 982 855 1064 petenti,
884 981 998 1061 campis
1027 979 1204 1055 illustratis,
1236 980 1333 1042 lumen
1357 979 1493 1043 diurnum

143 1069 319 1132 notabiliter
332 1070 390 1131 fuit
412 1069 607 1148 imminutum,
631 1070 716 1153 quasi
740 1073 1008 1153 advesperasceret
1026 1077 1079 1130 ant
1099 1087 1269 1149 praegnans
1287 1069 1381 1131 imbre
1400 1069 1495 1131 uubss

144 1166 241 1221 totum
269 1160 383 1221 coelum
413 1168 591 1240 occupasset
602 1180 622 1236 3·
644 1159 785 1224 credibile
814 1159 928 1241 igitur,
961 1158 1011 1221 nbi
1039 1165 1122 1220 totns
1146 1157 1200 1246 Sol
1229 1165 1349 1232 tectus,
1382 1175 1495 1222 meram

143 1247 238 1310 fuisse
260 1256 388 1311 noctem.

231 1389 275 1453 Ire
295 1391 365 1473 ipso
387 1410 478 1453 verce
500 1389 727 1475 conjunctionis
749 1389 885 1456 articulo
907 1391 962 1455 abi
985 1387 1044 1455 Sol
1065 1395 1149 1452 totas
1164 1389 1270 1472 licerit
1291 1390 1411 1453 reete!
1502 1451 1505 1455 .

232 1513 283 1574 Ad
305 1513 363 1577 hoc
392 1514 479 1578 uobis
508 1535 582 1596 opus
610 1525 660 1578 est
688 1516 858 1597 cognitione
887 1534 976 1576 verae
1006 1513 1174 1577 latitudiuis
1197 1515 1313 1579 Lunae.
1358 1517 1406 1578 Ac
1428 1535 1494 1580 curu

141 1602 289 1664 hactenns
320 1622 392 1666 usus
424 1605 480 1666 sim
509 1605 658 1686 parallaxi
687 1625 726 1667 ex
752 1605 925 1687 Hipparcho
955 1622 1040 1677 meo,
1074 1611 1143 1666 utar
1168 1603 1232 1683 jam
1261 1623 1386 1685 qnoque.
1433 1605 1496 1668 Sed

143 1691 293 1772 duplicem
316 1692 343 1755 15
367 1694 491 1755 exhibet
513 1695 570 1756 hoc
585 1695 646 1756 situ
660 1695 764 1756 Lunae
782 1693 963 1775 parallaxin,
987 1694 1114 1756 alteram
1130 1691 1186 1755 sub
1202 1693 1374 1757 conditione
1394 1694 1496 1776 saguli

141 1781 222 1842 inter
244 1781 337 1861 plana
359 1782 517 1862 eclipticae
542 1793 572 1845 et
594 1784 662 1846 viae
686 1784 789 1846 Lunae
813 1779 852 1846 40
874 1778 942 1858 580,
967 1781 1108 1856 alteram,
1137 1780 1164 1843 si
1186 1780 1234 1843 hic
1258 1783 1385 1864 angulus
1407 1801 1496 1846 men-

140 1879 261 1931 suretur
288 1872 479 1951 quadrantali
509 1872 669 1935 latitudine
693 1868 932 1936 Lunae5017‘
956 1868 1037 1946 3000,
1062 1889 1149 1951 quam
1172 1870 1374 1951 suspicionem
1397 1872 1494 1937 loveo.

140 1958 201 2020 Illa
229 1967 277 2022 est
300 1957 354 2024 580
380 1958 457 2036 1300,
489 1962 563 2024 5555
587 1957 642 2026 620
669 1957 741 2026 1600.
788 1963 893 2042 ltaque
922 1960 948 2023 si
980 1959 1209 2022 assumserimus
1242 1969 1438 2042 apparentem
1464 1960 1496 2025 in
1625 1950 1635 1975 ⁸

141 2048 241 2109 medio
266 2048 455 2113 latitudinem
479 2048 510 2114 60
534 2049 609 2124 3000,
634 2070 705 2113 vera
728 2050 856 2114 latitudo
879 2048 1012 2129 prodibit
1033 2049 1082 2111 vel
1105 2045 1160 2112 460
1185 2045 1249 2113 3000
1273 2051 1320 2117 vel
1345 2047 1400 2116 490
1417 2047 1493 2118 4400.

140 2136 333 2219 Hipparchus
356 2159 440 2202 meus
464 2139 530 2203 vult
551 2139 613 2202 illic
636 2136 691 2204 480
714 2138 774 2216 500,
799 2139 847 2202 515
870 2137 925 2203 490
951 2135 1072 2213 570100)
1119 2136 1284 2203 0551155555
1307 2139 1399 2220 igitur
1420 2142 1511 2204 haec'
1624 2164 1631 2177 ⁴

141 2226 265 2306 eclipsis
288 2228 429 2309 angulum
451 2248 600 2310 maguum.
1509 2294 1513 2303 ,
1540 2270 1550 2297 .-

233 2315 309 2379 Cum
331 2317 423 2397 igitur
445 2317 523 2382 h.2·
544 2317 595 2382 150
614 2319 731 2398 Pragae
755 2317 845 2380 luerit
867 2336 940 2379 vera
962 2315 1142 2398 conjunctio,
1165 2336 1242 2399 quae
1265 2318 1356 2380 horae
1379 2319 1497 2385 faciunt
1521 2280 1613 2389 0003

141 2400 280 2467 330450
304 2413 458 2486 tempora,
489 2407 582 2488 igitur
610 2407 640 2469 iu
668 2406 851 2482 meridiano,
884 2406 933 2488 qui
964 2414 1013 2468 est
1035 2405 1249 2469 occidentalior
1270 2407 1417 2488 Prsgensi
1438 2426 1498 2492 per
1532 2376 1620 2491 giaf}

141 2490 280 2558 330450
303 2495 360 2557 1515
381 2504 452 2558 tuuc
475 2496 626 2572 meridies,
651 2504 682 2557 et
705 2508 773 2559 cum
796 2496 958 2559 declinatio
981 2494 1063 2558 Solis
1086 2494 1127 2557 sit
1151 2489 1189 2557 70
1211 2492 1264 2560 300
1288 2505 1397 2574 austu,
1422 2493 1494 2581 ergo¹
1563 2482 1607 2581 ἶ

141 2583 171 2644 15
196 2582 354 2646 1551550155
377 2585 437 2647 1551
461 2581 499 2648 70
521 2583 574 2650 300
599 2585 724 2648 australi
747 2585 804 2648 fnit
826 2585 881 2649 Sol
903 2584 1066 2647 verticalis.
1110 2584 1141 2647 Is
1165 2583 1257 2664 igitur
1280 2586 1362 2649 locus
1385 2588 1442 2653 fnit
1463 2588 1493 2651 15

141 2691 254 2735 oceano
278 2673 445 2748 Atlantico,
470 2675 519 2736 vel
544 2673 689 2750 Guineae,
713 2682 784 2737 ante
807 2675 936 2737 insulam
958 2672 1165 2737 detensionis.
1461 2742 1464 2749 .

230 2761 287 2824 1115
315 2763 406 2842 igitur
433 2763 577 2827 terminus
608 2773 675 2840 est,
704 2785 723 2825 5
754 2784 811 2845 quo
839 2764 1078 2846 compntandum.
1123 2761 1204 2825 Nam
1231 2762 1274 2825 ibi
1297 2764 1416 2845 quidem
1438 2766 1493 2832 Sol

138 2850 317 2914 obscuratus
348 2852 468 2915 minime
499 2853 572 2933 luit3
602 2854 690 2916 Luna
719 2854 798 2916 enim
820 2853 926 2916 habuit
948 2860 979 2916 et
1002 2850 1142 2934 apparuit
1163 2851 1273 2915 babere
1303 2853 1492 2921 latitudinem

137 2936 193 3002 460
217 2935 281 3004 3000
307 2942 355 3004 vel
378 2938 433 3006 490
456 2938 820 3024 44005555555115551555.

228 3029 340 3093 Ceutro
364 3029 398 3106 S,
422 3033 500 3113 quod
524 3032 591 3094 loca
613 3030 678 3095 Soli
701 3031 988 3114 perpendiculariter

138 3117 276 3199 subjecta
288 3119 411 3196 iudicat,
435 3121 585 3185 scribatur
603 3122 731 3185 circulus
745 3122 890 3184 maximus
906 3119 987 3202 globi

137 3207 268 3270 Telluris
291 3208 360 3286 PE,
393 3210 423 3271 iu
453 3229 511 3292 qno
541 3211 582 3273 sit
605 3209 656 3274 SE
684 3218 799 3274 tractus
827 3212 988 3273 Terrarum

138 3296 293 3378 subjectus
323 3299 480 3379 eclipticae
510 3300 566 3363 hoc
596 3309 755 3364 momento.
801 3300 843 3363 Et
872 3297 988 3382 quieS
1235 3296 1263 3445 χ
1396 3321 1401 3331 ·

138 3394 187 3449 555
219 3383 331 3451 19060
355 3399 422 3463 2,
454 3390 495 3452 sit
527 3390 617 3471 igitur
648 3392 678 3453 A
709 3387 747 3454 00
770 3401 836 3466 2,
870 3399 902 3453 et
931 3390 989 3455 AT
1045 3390 1072 3438 Μ
1453 3429 1477 3478 g

137 3477 253 3538 Terrae
286 3486 447 3558 aequmst,
482 3479 531 3559 qui
564 3479 593 3542 in
626 3480 683 3543 hoe
713 3479 772 3542 situ
802 3488 929 3561 apparet
959 3480 989 3541 iu
1054 3436 1465 3659 ulfi

138 3566 234 3646 ligura
257 3565 415 3645 ellipseos,
447 3576 479 3629 et
506 3569 546 3630 sit
569 3568 620 3632 SL
643 3569 682 3631 50
706 3568 756 3631 SE
785 3578 901 3644 rectus;
933 3568 991 3630 erit
1025 3583 1045 3630 5

138 3663 255 3717 5555555
277 3654 431 3735 subjectns
445 3657 556 3720 circulo
573 3658 751 3731 latitudinis,
775 3657 877 3739 inquo
892 3657 988 3720 Luna.

139 3741 316 3818 Quaeritur,
351 3755 494 3825 qnantum
522 3746 563 3808 sit
589 3747 838 3826 progrediendum
868 3747 898 3809 15
925 3746 987 3823 SL,

139 3834 234 3895 donec
257 3833 384 3896 latitudo
404 3834 509 3897 Lunae
532 3832 587 3898 460
606 3834 671 3901 3000
693 3857 713 3898 5
734 3836 882 3916 parallaxi
904 3835 988 3899 hori·

137 3923 251 3985 acutali
266 3920 321 3987 580
335 3920 411 3998 3300,
434 3925 484 3986 vel
507 3925 636 3988 latitudo
654 3920 708 3991 400
723 3921 789 3989 4400
805 3946 824 3987 5
838 3926 987 4007 parallaxi

138 4007 194 4075 62⁴
230 4008 291 4075 1000
323 4013 537 4089 absorbeatur,
571 4013 672 4097 itaque
705 4023 809 4078 centra
840 4014 922 4078 Solis
955 4024 988 4077 et
1521 4088 1527 4095 ,

137 4102 243 4163 Lunae
272 4102 379 4182 juncta
411 4103 481 4166 siut.
532 4104 735 4167 Parallactica
762 4103 940 4185 Opticorum
972 4111 1107 4177 ostendit
1141 4134 1242 4181 arcum
1274 4115 1335 4183 52⁰
1358 4116 1412 4185 350
1442 4114 1491 4180 vel

137 4186 199 4254 530
221 4188 271 4267 00;
296 4191 322 4253 15
346 4192 387 4253 515
409 4191 471 4268 SL,
495 4202 526 4255 et
548 4195 575 4255 L
598 4193 682 4256 locus
706 4196 870 4274 quaesitus.
910 4183 1072 4267 Quaeritur
1094 4205 1160 4285 ejus
1183 4206 1338 4288 longitudo
1361 4217 1394 4272 et
1415 4207 1490 4270 lati-

136 4280 210 4341 tudo
233 4281 443 4362 geographica.
482 4280 531 4345 Sit
554 4301 627 4362 ergo
649 4284 676 4346 P
698 4284 785 4365 polus
809 4286 1000 4364 aequatorins
1025 4291 1146 4368 Terrae,
1171 4297 1306 4376 quamvis
1329 4297 1356 4360 15
1379 4297 1408 4360 15
1431 4296 1490 4358 555

136 4368 214 4431 facie
238 4369 320 4449 globi
343 4389 400 4432 uou
425 4370 474 4446 sit,
500 4373 555 4434 ssd
578 4371 657 4433 infra
679 4372 813 4435 nonnihil
836 4373 878 4435 sit
901 4373 1104 4457 absconditus,
1130 4393 1162 4447 et
1183 4404 1221 4447 ex
1243 4388 1394 4466 punctoP
1417 4386 1489 4450 des·
1534 4390 1537 4395 ’

137 4459 268 4521 cendant
290 4478 377 4522 arcus
401 4459 577 4523 circulorum
599 4480 788 4542 magnorum,
816 4462 866 4526 PS
894 4482 1000 4528 secans
1024 4480 1217 4551 aequatorem
1240 4475 1271 4537 iu
1294 4474 1340 4551 R,
1372 4482 1405 4538 et
1424 4474 1489 4548 PL,

135 4567 246 4610 secans
269 4557 462 4630 aequatorsm
485 4549 516 4612 in
539 4553 573 4613 Τ.
611 4551 668 4613 Est
691 4550 783 4630 igitur
803 4550 857 4613 PR
879 4553 1061 4621 meridianus
1084 4559 1166 4625 Solis
1190 4557 1251 4626 330
1268 4559 1323 4628 450
1347 4553 1505 4627 5551055-’

135 4637 229 4699 talior
251 4637 416 4718 Prsgeusi,
449 4638 503 4701 PL
532 4657 603 4703 vero
630 4649 679 4702 est
707 4640 889 4703 meridianus
919 4643 976 4707 loci
1006 4650 1154 4727 quaesiti,
1188 4659 1219 4714 et
1242 4651 1299 4715 Ru
1320 4651 1490 4717 differentis

228 4832 256 4897 *l
273 4831 307 4886 K.
326 4834 343 4885 1.
362 4849 409 4886 m:
436 4834 520 4900 'l'yolrc
537 4834 584 4889 snb
599 4833 673 4899 55155
690 4836 775 4905 ugnll
793 4838 935 4894 conditious
952 4846 1051 4895 5555555
1068 4837 1112 4893 ⁴0⁴
1130 4841 1193 4895 w.
1263 4808 1280 4819 ’
