3278 5550
562 301 623 357 Pars
641 300 732 357 rems
770 304 852 372 Caput
869 299 903 358 V.
1345 304 1406 375 187

111 502 167 543 um
192 482 366 562 quantitate
395 483 630 546 eccentricitatis
659 491 785 545 mutata.
834 483 910 546 Cum
934 492 1035 547 antem
1065 492 1178 546 certum
1203 486 1261 561 sit,
1294 506 1353 548 uno
1377 496 1409 547 et

111 591 152 632 rm
187 584 326 653 tempore
358 573 513 651 planetam
536 573 565 634 in
591 573 675 635 coelo
700 592 788 635 unum
813 583 844 634 et
867 575 947 637 idem
971 574 1028 635 iter
1059 575 1222 650 conficere,
1255 596 1312 636 non
1337 595 1408 636 vero

111 662 124 722 l
160 662 341 724 observanti
365 681 402 722 ex
426 669 460 736 t,
490 662 570 722 aliud
599 683 636 724 ex
660 683 696 724 a:
729 672 842 724 certum
872 664 961 742 igitur
984 672 1016 723 et
1040 663 1096 724 hoc
1129 672 1194 738 est,
1229 684 1286 726 non
1317 683 1407 744 posse

114 762 205 811 etam
233 751 419 813 observatori
442 752 560 832 utrique
586 754 633 823 (et
656 751 704 832 qui
725 751 754 811 in
769 777 789 812 α
809 762 840 812 et
863 753 912 832 qui
932 754 960 813 in
977 755 1008 825 δ)
1032 751 1126 812 videri
1150 754 1285 831 aequalis
1310 763 1408 815 motus

111 859 152 901 ιιι
187 852 337 921 tempore.
384 839 434 902 Sit
467 842 544 902 enim
575 841 672 922 portio
700 840 763 900 veri
797 840 912 902 itineris
945 841 1104 919 planetarii
1133 864 1182 918 ιη,
1215 851 1304 921 atque
1334 843 1407 903 illud

111 929 190 990 iciat
216 932 342 1009 planeta
364 937 447 991 certo
471 938 625 1010 tempore,
650 938 723 1008 puta
752 930 856 991 diebus
881 928 940 992 20:
972 949 1038 991 cum
1066 929 1156 1007 igitur
1178 954 1198 991 α
1223 931 1263 992 sit
1286 932 1408 1010 propius

111 1038 194 1096 ,uam
220 1025 253 1088 d,
289 1019 384 1098 major
416 1019 507 1097 igitur
540 1018 699 1099 apparebit
722 1041 754 1095 ιη
777 1019 806 1079 in
830 1043 866 1094 α,
900 1039 989 1099 quam
1021 1020 1049 1080 in
1073 1024 1100 1091 d,
1124 1021 1408 1100 per-demonstrata

111 1127 158 1180 ιιι,
186 1128 261 1188 ergo
287 1109 391 1169 iisdem
416 1105 459 1170 20
482 1108 595 1169 diebus·
610 1109 733 1187 planeta
756 1109 822 1186 plus
846 1108 997 1169 videbitur
1020 1121 1175 1187 promotus
1200 1109 1225 1170 ei
1250 1108 1353 1191 quiin
1378 1134 1407 1181 a,

111 1216 133 1257 n
160 1197 189 1256 ei
217 1197 321 1276 quiin
347 1203 373 1258 d.
420 1199 468 1260 Ac
497 1216 562 1258 cum
595 1197 721 1277 quilibet
752 1197 876 1278 planeta
903 1205 1048 1276 perpetuo
1082 1206 1195 1259 certum
1224 1208 1255 1258 et
1283 1198 1408 1259 eundem

111 1295 169 1347 ‚tur
195 1305 351 1348 numerum
375 1286 498 1359 dierum,
524 1286 630 1368 quibus
654 1285 823 1348 restituitur
847 1288 884 1347 ad
901 1287 979 1348 idem
993 1287 1118 1347 fixarum
1132 1299 1283 1364 punctum,
1308 1287 1406 1348 tardi-

111 1394 140 1436 m
167 1377 326 1436 contraria
348 1376 506 1438 celeritate
531 1375 717 1455 compensari
747 1384 876 1453 oportet.
925 1374 1001 1437 Cum
1030 1395 1099 1453 ergo
1133 1376 1257 1455 planeta
1279 1376 1309 1436 in
1334 1395 1406 1454 por-

111 1483 126 1524 e
152 1487 188 1540 ιη
212 1464 354 1526 videatur
377 1466 492 1528 tardior
516 1465 543 1525 ei
567 1465 616 1544 qui
640 1464 669 1523 in
694 1470 725 1532 d,
758 1463 787 1524 in
812 1464 872 1524 alia
895 1465 987 1544 igitur
1014 1465 1152 1542 portione
1185 1466 1281 1526 eidem
1305 1465 1408 1545 quiin

111 1553 248 1615 ‚debitur
270 1553 411 1630 velocior,
437 1573 526 1636 quam
550 1554 578 1615 ei
602 1552 704 1633 quiin
728 1577 758 1614 α.
804 1553 891 1616 Unde
921 1555 963 1627 fir,
988 1562 1021 1614 nt
1048 1554 1107 1614 alio
1135 1555 1199 1614 loco
1218 1553 1409 1615 tardissimus

111 1654 198 1703 areat
224 1644 253 1703 ei
277 1643 326 1724 qui
350 1643 380 1703 in
405 1649 430 1718 t,
456 1644 515 1704 alio
539 1643 566 1706 ei
590 1643 639 1724 qui
664 1643 693 1703 in
718 1666 748 1703 α.
797 1644 866 1721 lpse
891 1652 990 1705 tamen
1019 1643 1143 1721 planeta
1171 1643 1329 1704 verissime
1350 1663 1407 1704 non

111 1742 148 1792 st
173 1732 236 1793 nisi
259 1752 317 1794 uno
342 1732 370 1792 in
395 1733 460 1794 loco
484 1752 558 1794 suae
582 1732 699 1792 orbitae
723 1731 912 1793 tardissimus
936 1751 1014 1793 esse.
1449 1802 1457 1819 .

131 1820 195 1881 His
234 1821 278 1882 ita
309 1821 499 1900 praeparatis
523 1821 695 1903 quaeritur,
729 1841 765 1880 an
791 1840 880 1881 unum
903 1830 935 1882 et
957 1822 1035 1882 idem
1060 1839 1160 1883 verum
1185 1821 1214 1881 in
1240 1822 1324 1883 coelo
1348 1821 1406 1883 iter

111 1918 190 1971 etae
228 1911 322 1989 (quod
350 1911 615 1991 praesupponitur)
649 1919 792 1990 utrasque
825 1911 1029 1990 apparitiones
1053 1920 1281 1992 repraesentare
1305 1911 1403 1991 possit

111 1997 130 2061 ri
157 2000 209 2079 qui
236 1999 265 2060 in
290 2005 307 2060 δ
330 2009 362 2062 et
381 2001 407 2061 ei
432 2001 481 2080 qui
504 2000 533 2061 in
558 2025 595 2074 α,
629 2000 746 2078 utrique
784 2019 855 2059 suas
887 2009 917 2060 et
941 2001 1037 2073 tales,
1075 2000 1179 2079 quates
1203 1999 1407 2060 Ptolemaicae
1510 1997 1513 2003 ’

111 2088 154 2151 nli
185 2090 303 2151 formae
327 2089 465 2170 utrinque
490 2089 658 2151 concedunt
681 2097 713 2149 et
735 2088 907 2149 admittunt.

133 2176 259 2248 Quodsi
292 2178 416 2258 planeta
444 2179 474 2240 in
498 2178 634 2239 omnibus
663 2177 779 2238 orbitae
803 2178 940 2257 partibus
964 2176 1100 2257 aequalis
1125 2176 1291 2238 celeritatis
1316 2186 1408 2248 esset,

111 2268 287 2330 auderetur
318 2288 371 2347 per
403 2275 494 2346 caput
517 2267 654 2339 tertium,
687 2267 765 2346 quod
795 2267 847 2329 sic.
895 2266 957 2329 Sed
982 2267 1052 2347 quia
1074 2267 1198 2344 planeta
1220 2266 1249 2327 in
1274 2286 1331 2327 uno
1356 2287 1408 2328 ec·
1475 2261 1481 2274 '

111 2357 173 2419 ttici
197 2358 268 2419 loco
299 2357 490 2418 tardissimus
516 2365 563 2417 est
586 2375 658 2416 vera
681 2365 713 2416 et
736 2355 810 2417 reali
834 2375 932 2427 mora,
961 2356 989 2416 in
1015 2356 1154 2434 opposito
1186 2355 1405 2430 velocissimus,

111 2447 399 2525 rrespondendnm,
433 2446 511 2525 quod
536 2465 593 2507 non
622 2445 721 2525 plane.
771 2444 873 2506 Causa
900 2446 975 2505 haec
999 2454 1062 2518 est,
1096 2444 1174 2525 quod
1203 2445 1278 2505 duae
1307 2454 1409 2507 retar-

111 2534 188 2596 iones
213 2537 435 2615 permiscentur
442 2554 452 2609 ;
477 2535 576 2606 altera
589 2533 680 2595 realis
701 2541 730 2594 et
747 2533 872 2614 physica
890 2533 920 2594 in
935 2553 991 2595 uno
1017 2534 1175 2594 eccentrici
1200 2534 1285 2606 loco;
1309 2536 1408 2595 altera

111 2621 207 2685 ticaet
236 2644 395 2704 apparens,
420 2624 451 2685 in
474 2625 540 2685 loco
564 2643 621 2684 non
642 2622 707 2701 jam
727 2642 798 2695 uno,
823 2623 877 2683 sed
901 2622 967 2697 illo,
994 2624 1042 2702 qui
1067 2642 1085 2683 a
1109 2621 1242 2701 quolibet
1264 2631 1406 2702 suscepto

111 2728 148 2773 m
164 2715 217 2775 situ
246 2713 462 2775 remotissimus
487 2721 543 2775 est.
583 2711 710 2783 Quando
735 2731 806 2789 ergo
829 2712 912 2773 visus
928 2736 947 2772 α
971 2712 999 2772 in
1025 2712 1135 2773 lineam
1157 2731 1211 2790 per
1230 2713 1250 2788 β
1272 2721 1407 2774 centrum

111 2803 211 2863 nturi
249 2812 281 2863 et
307 2828 322 2882 y
349 2812 482 2865 centrum
516 2801 673 2882 aequantia
706 2801 826 2861 ductam
859 2800 976 2875 incidit,
1010 2802 1040 2861 in
1073 2809 1159 2881 parte
1194 2801 1290 2861 lineae
1319 2809 1407 2865 stans

111 2891 191 2953 rosita
215 2891 271 2963 illi,
297 2912 372 2972 quae
396 2892 490 2952 habet
503 2915 518 2971 γ
540 2900 675 2951 centrum
700 2889 868 2970 aequantia,
895 2899 964 2951 tunc
981 2897 1106 2969 utraque
1130 2890 1260 2951 tarditas
1283 2890 1313 2950 in
1327 2888 1415 2975 idem'J

111 2990 192 3042 return
216 2982 342 3044 finarum
365 3001 471 3042 versus
493 3006 503 3041 ι
525 2981 633 3058 vergit.
682 2974 809 3048 Quando
834 2997 905 3039 vero
930 2979 1058 3040 discedit
1081 2979 1163 3040 visus
1188 2998 1226 3040 ex
1247 2980 1303 3041 hac
1326 2978 1407 3041 linea

111 3068 191 3143 ind,
218 3079 290 3131 tuno
319 3072 419 3151 ejecta
445 3078 530 3132 recta
558 3089 595 3131 ex
619 3076 636 3130 d
663 3069 758 3147 perd
788 3076 920 3128 centrum
950 3069 1052 3128 circuli
1084 3067 1217 3129 ostendit
1250 3069 1406 3131 tarditatis

111 3158 168 3219 icae
191 3160 291 3220 locum
305 3183 332 3237 η,
357 3179 424 3222 cum
447 3179 531 3221 vera·
543 3167 574 3219 et
596 3157 721 3238 physica
744 3157 798 3217 inr
818 3157 868 3218 sit.
906 3159 1009 3237 Atque
1029 3157 1133 3219 harum
1156 3157 1406 3237 inaequalitatum

127 3249 366 3311 retardationum
396 3251 494 3310 altera
522 3249 650 3309 alteram
680 3246 781 3319 diluit,
810 3248 1092 3326 accumulanturque
1123 3248 1153 3308 in
1183 3248 1280 3308 locum
1309 3249 1405 3309 inter-

111 3336 179 3399 linm
202 3339 284 3399 inter
306 3365 325 3412 r,
348 3362 374 3416 η,
399 3348 431 3399 ut
455 3338 481 3399 si
506 3357 542 3397 ex
565 3342 583 3396 δ
605 3355 659 3415 per·
684 3357 698 3412 γ
721 3335 801 3395 linea
825 3336 983 3414 ejiceretur
1009 3337 1040 3396 in
1064 3345 1205 3415 punctum
1229 3333 1252 3407 ζ.
1300 3339 1406 3418 ltaque

111 3427 167 3506 plis
190 3428 247 3488 tali
271 3430 386 3489 calculo
412 3436 560 3502 uteretur,
590 3426 619 3486 in
644 3443 700 3505 quo
725 3426 767 3500 ιβ
791 3433 873 3485 esset
900 3425 1037 3503 apsidum
1065 3425 1225 3486 eccentrici
1251 3427 1344 3502 linea,
1369 3430 1407 3506 βγ

111 3534 123 3576 ι
153 3515 236 3577 linea
265 3516 500 3578 eccentricitatis
533 3514 710 3595 aequantia,
741 3521 811 3573 tunc
840 3512 958 3593 quidem
991 3524 1132 3575 manente
1164 3515 1306 3593 planetae
1336 3535 1406 3577 vero

111 3623 157 3666 ere
179 3628 214 3682 ιη
238 3614 515 3684 repraesentaretur
539 3605 620 3665 aliud
644 3604 673 3664 in
698 3608 715 3662 δ
738 3622 826 3682 quam
850 3601 879 3662 in
903 3623 939 3663 a:
965 3623 1032 3664 nam
1057 3604 1084 3664 ei
1108 3602 1157 3682 qui
1181 3603 1209 3664 in
1234 3609 1260 3672 d,
1283 3605 1408 3683 planeta

111 3693 243 3756 lissimns
268 3705 352 3756 esset
374 3696 403 3756 in
427 3691 505 3770 Cei
529 3695 577 3774 qui
601 3694 629 3753 in
649 3717 678 3766 α,
703 3690 894 3752 tardissimus
918 3691 947 3752 in
962 3716 980 3752 r.
1019 3693 1064 3752 At
1087 3712 1145 3753 nou
1169 3693 1231 3754 tale
1256 3695 1407 3774 quippiam

111 3786 124 3843 l
144 3792 436 3863 repraesentaretur,
462 3784 539 3862 quod
563 3801 617 3862 per
640 3779 819 3862 hypothesin
832 3774 934 3864 ''priori
958 3782 1140 3855 conformem
1164 3784 1405 3862 suprapostula-

111 3891 146 3933 ns
168 3875 394 3952 repraesentari
418 3872 537 3934 debere.
584 3872 734 3948 Differunt
764 3869 842 3930 enim
876 3869 1083 3951 hypothesium
1114 3872 1226 3931 formae
1251 3890 1303 3943 eo,
1328 3875 1406 3952 quod

111 3962 154 4038 β
179 3962 312 4024 medium
336 3961 426 4025 estin
447 3984 486 4040 oy
509 3960 603 4043 (quod
626 3967 657 4020 et
679 3957 806 4039 physica
828 3959 904 4019 ratio
928 3961 1081 4038 postulat,
1107 3959 1180 4020 siin
1203 3982 1223 4020 α
1247 3961 1288 4021 sit
1309 3962 1405 4023 virtus

111 4054 188 4124 rens)
223 4052 272 4113 hic
301 4070 372 4113 vero
393 4053 416 4131 β
441 4059 578 4112 centrum
608 4046 766 4109 eccentrici
794 4067 852 4107 non
883 4057 968 4110 esset
994 4049 1122 4111 medum
1150 4048 1229 4110 inter
1257 4055 1290 4125 d,
1313 4071 1405 4129 ynec

111 4134 571 4221 aeccentricitatblsequantis
596 4140 645 4213 (nt
659 4137 734 4209 illic)
758 4155 812 4215 per
835 4136 965 4199 visurnll
986 4139 1146 4200 transiret:
1172 4157 1248 4216 quae
1272 4141 1298 4201 si
1314 4140 1406 4202 etiam

111 4229 194 4291 sehet
217 4235 317 4311 pero,
343 4236 376 4292 ut
391 4228 440 4308 dy
465 4247 525 4290 non
548 4236 648 4289 tamen
673 4234 792 4287 secaret
816 4244 905 4286 eccon
908 4234 1014 4288 mcum
1037 4247 1066 4288 m
1082 4229 1139 4289 duo
1165 4230 1312 4308 aequalia,
1337 4231 1407 4310 qnia

111 4319 163 4381 in
186 4320 345 4421 centro-tp,
370 4338 425 4380 nec
448 4328 604 4398 pateretur
627 4313 814 4395 planetam
806 4333 836 4375 in
857 4315 930 4376 locis
954 4315 1103 4396 oppositis
1127 4316 1196 4378 hinc
1220 4318 1351 4381 viderit
1338 4327 1406 4381 tar-

240 4396 324 4470 inde
322 4404 563 4469 uelocissimum.

111 4426 326 4739 ξιιμ
335 4504 471 4570 constet,
505 4501 644 4557 manente
675 4492 764 4573 plane
803 4492 907 4555 eodem
939 4492 1047 4554 itinere
1079 4456 1263 4575 planetae
1255 4515 1283 4557 ιιι
1309 4498 1404 4573 coelo,

208 4698 227 4739 a

246 4588 336 4668 plane
361 4586 486 4647 eandem
509 4601 684 4664 permanere
705 4582 834 4645 ormam
849 4580 944 4662 hypo
931 4581 1065 4653 theseos
1089 4585 1243 4665 quaeritur
1257 4578 1404 4667 affirm
1442 4580 1521 4677 '5³21
1616 4550 1638 4593 Ι.

228 4685 278 4738 tur
301 4676 408 4739 sallem
430 4676 526 4737 forma
548 4668 779 4754 hypotheseos'
768 4688 803 4733 ιιι
823 4674 853 4745 d,
874 4678 1019 4752 quantum
1033 4680 1165 4735 mutetur
1182 4672 1241 4737 iter
1261 4675 1403 4755 planetae

111 4762 194 4851 fiori
224 4774 256 4828 et
288 4774 432 4869 quantum
464 4765 539 4826 haec
571 4780 650 4822 nova
681 4756 835 4821 institutio
855 4758 1061 4843 hypotheseos
1086 4780 1123 4823 ex
1147 4768 1164 4823 ι
1186 4762 1341 4826 variatum
1363 4765 1404 4826 sit
1507 4800 1511 4809 ·

111 4854 391 4936 ore'mpparentias
415 4852 500 4951 inq.
547 4851 663 4926 Primo,
696 4847 722 4911 si
746 4842 1081 4967 collocttqgceotrnm
1094 4853 1255 4934 aequantia
1279 4871 1352 4943 epp
1338 4853 1404 4934 yin
1450 4936 1454 4945 Ι
