3278 5550
437 299 810 360 daeouummmdonnm
827 305 916 359 atellae
933 304 1031 357 Mutia
1364 297 1407 372 45

49 505 133 548 mam
156 482 264 547 limitis
287 481 513 547 inclinationem
542 494 703 566 quaeretur
726 505 763 548 ex
785 493 872 567 parta
897 485 1021 549 canonis
1050 483 1219 564 rectangnli
1249 483 1408 565 sphaerici,

52 576 139 655 cnjus
162 573 245 636 latus
267 592 288 634 a
310 569 411 635 0⁰·ad
434 570 496 639 90⁰
517 593 572 655 per
595 576 730 656 singulos
754 577 877 657 grados,
901 576 986 639 irone
1009 596 1028 636 a
1050 569 1135 637 000‘
1159 574 1198 636 ad
1225 569 1283 637 10ο
1300 573 1333 637 0¹
1354 593 1411 656 per
1443 637 1446 648 ,

56 663 175 744 singula
196 662 313 725 minuta
334 663 480 742 procedit,
506 674 692 744 excerpetur,
717 665 848 747 inquam,
871 685 909 728 ex
922 665 980 727 hoc
1003 683 1118 727 canone
1141 683 1231 725 arcus
1252 663 1409 744 eclipticae

59 752 242 835 respondens
266 750 350 814 arcui
373 753 489 816 orbitae
512 762 543 817 et
565 754 720 818 inclinatio
744 756 810 835 ejns
833 755 903 830 loci,
926 773 1013 835 quem
1038 753 1156 817 obtinet
1177 753 1311 839 planeta.

142 841 272 916 Quarto,
296 841 382 904 locus
404 842 562 923 eclipticas
585 843 724 907 inventus
748 845 971 926 comparabitur
994 864 1060 906 oum
1078 843 1147 905 loco
1171 843 1310 923 opposito
1327 841 1410 906 Solia

62 951 138 995 sero.
182 930 365 993 Differentia
394 931 454 994 erit
483 933 612 1013 angulus
641 935 809 997 anomaliae
840 933 1100 1007 commutationis,
1133 931 1183 1012 qui
1216 931 1354 1011 quamvis
1376 951 1410 994 re

63 1023 124 1103 ipsa
143 1039 198 1102 per
220 1027 378 1102 utramque
409 1021 618 1102 aequationem
642 1023 684 1086 sit
707 1031 880 1098 correctus,
911 1024 1040 1104 simplex
1071 1030 1171 1084 mmeu
1201 1021 1300 1083 adhuc
1322 1021 1411 1085 nobis

65 1112 181 1185 dcem,
205 1129 273 1172 cum
295 1109 459 1174 etiamnum
480 1113 656 1193 aequandus
680 1113 730 1188 sit,
753 1114 883 1176 maxime
902 1115 984 1176 circa
1006 1111 1213 1192 oppositiones
1236 1129 1302 1172 cnm
1326 1110 1409 1174 Sole.

64 1201 115 1262 llic
135 1199 265 1280 angulus
287 1207 320 1261 et
333 1199 491 1262 inclinatio
515 1201 572 1263 loci
596 1202 738 1283 planetae
754 1186 789 1265 iu
804 1202 972 1266 ecceutrico
995 1208 1155 1283 quaeretur
1170 1201 1200 1261 in
1219 1198 1272 1260 illo
1296 1218 1410 1262 cauom

66 1302 91 1352 et
108 1289 261 1370 perhaec
284 1288 343 1351 dno
367 1297 543 1370 excerpetnr
566 1292 703 1372 angulus.

142 1377 268 1453 Quinto,
290 1377 404 1439 tabulis
426 1378 518 1442 nullis
537 1380 638 1459 juvari
669 1382 834 1462 poterimus
857 1381 929 1461 quin
950 1399 1005 1461 per
1034 1384 1192 1458 utramque
1215 1385 1246 1438 et
1267 1377 1409 1457 planetae

64 1480 89 1528 et
108 1469 220 1530 Terrae
243 1488 264 1529 a
281 1465 353 1530 Sole
376 1466 554 1531 distantiam
576 1478 608 1532 et
625 1471 768 1550 angulum
791 1468 960 1533 anomaliae
983 1465 1226 1529 commutationis
1250 1475 1411 1546 aequatum

64 1558 132 1620 inter
154 1556 240 1618 dicta
264 1556 363 1618 latera
384 1560 633 1637 comprehensum
655 1579 709 1641 per
732 1557 753 1622 2
776 1558 1043 1639 multiplicationes
1067 1574 1246 1638 quaeramus
1269 1556 1411 1635 angulum

63 1644 301 1708 mmmutationia
325 1665 379 1708 sen
402 1648 596 1726 parallaxeoa
619 1649 805 1730 compositae
829 1668 882 1711 seu
905 1647 1058 1710 confusae.

137 1735 248 1810 Sexto,
272 1734 349 1797 haec
371 1736 538 1816 parallaxis
562 1746 594 1800 et
616 1739 699 1818 prius
723 1746 861 1801 servatus
884 1737 1012 1816 angulus
1034 1736 1065 1797 in
1081 1754 1153 1796 area
1176 1733 1300 1795 canonis
1319 1733 1410 1814 juxta

60 1845 86 1887 se
106 1832 213 1887 mutuo
244 1825 409 1887 ostendent
436 1845 538 1888 arcum
570 1827 772 1907 elongationis
804 1829 946 1909 planetae
969 1826 999 1887 in
1030 1824 1170 1906 ecliptica
1193 1843 1212 1883 a
1235 1821 1318 1884 Solis
1342 1824 1410 1885 loco

60 1914 191 1996 opposito
216 1920 250 1975 et
272 1913 473 1976 latitudinem.
1374 1931 1376 1934 ’

132 2002 198 2066 Hic
221 2022 285 2084 qna
307 2002 337 2064 iu
360 2022 393 2064 re
415 2023 479 2066 reru
498 2004 614 2085 juvare·
632 2006 735 2086 possis
763 2025 920 2086 exponam.
975 2003 1051 2069 Cum
1078 2021 1138 2064 non
1171 2001 1213 2062 sit
1241 1999 1412 2079 cujuslibet,

59 2093 176 2155 condere
210 2091 355 2167 tabulas,
383 2101 416 2154 tu
447 2112 520 2156 vero
547 2095 682 2158 excellas
705 2104 737 2157 et
765 2096 901 2157 abundes
932 2091 1137 2174 compendiis,
1168 2089 1292 2151 canonis
1322 2089 1412 2169 hujus

60 2191 164 2264 partem
189 2179 330 2262 planctis
353 2183 557 2246 necessariam
579 2183 634 2246 tibi
658 2183 1022 2264 condendamrelinquo3
1047 2200 1116 2242 nam
1130 2181 1174 2242 ita
1196 2178 1316 2259 quidem
1338 2196 1412 2258 per-

62 2293 154 2335 suasus
181 2289 267 2344 som,
291 2270 434 2351 quidquid
449 2272 488 2334 1).
506 2273 609 2354 Tycbo
634 2273 675 2335 sit
688 2275 833 2348 editurus,
857 2275 922 2336 fore
939 2280 972 2334 nt
989 2271 1064 2334 haec
1082 2267 1291 2350 Copernicana
1313 2267 1412 2348 hypo-

62 2362 140 2424 deis
163 2365 303 2441 propter
324 2358 539 2423 intellectionis
569 2363 747 2425 facilitatem
765 2364 855 2443 juxta
877 2381 1019 2425 mansura
1042 2360 1098 2433 sit,
1124 2377 1212 2438 qnam
1237 2356 1357 2436 quidem
1381 2356 1412 2418 in

62 2451 164 2513 tabulae
200 2447 348 2527 redigere
377 2449 447 2511 dnm
476 2449 580 2513 vixero
603 2471 663 2512 non
687 2454 849 2514 desistam:
882 2460 915 2513 tn
939 2468 1011 2511 vero
1035 2449 1100 2528 jam
1127 2447 1244 2527 pridem
1276 2445 1413 2507 obtulisti

65 2552 129 2601 nam
146 2541 188 2602 Ι).
215 2536 360 2618 Tychoni
384 2557 506 2618 operam
529 2541 559 2601 in
584 2541 746 2603 condendis
769 2541 890 2603 tabulis.
938 2540 986 2600 Ac
1010 2557 1082 2599 sane
1107 2537 1132 2596 si
1157 2555 1195 2596 ex
1218 2533 1410 2595 restitutione

69 2627 172 2703 lami,
191 2644 293 2709 quarn
317 2627 397 2707 apud
419 2627 592 2709 Tyehonem
614 2630 687 2705 vidi,
710 2631 749 2691 de
766 2629 897 2711 planetis
921 2627 1031 2689 ceteris
1051 2623 1245 2705 judicandum
1270 2629 1327 2696 est,
1352 2640 1412 2685 non

73 2716 165 2777 nullius
183 2736 265 2779 nsua
289 2715 348 2776 erit
363 2717 455 2779 etiam
478 2718 557 2798 apud
572 2719 744 2800 Tychonem
763 2720 844 2781 haec·
858 2736 929 2798 pars
953 2716 1086 2778 canonis.
1126 2713 1205 2775 Nam
1223 2730 1298 2791 quas
1321 2710 1414 2773 habet

70 2806 139 2868 luna
157 2804 401 2887 inaequalitates
423 2814 510 2868 'extra
533 2807 760 2888 conjunctiones
780 2816 812 2870 et
825 2806 1041 2889 oppositiones,
1066 2821 1169 2866 omnes
1185 2799 1288 2883 Tycho
1307 2821 1327 2861 a
1341 2818 1415 2861 vera

66 2895 266 2976 conjunctione
290 2901 323 2955 et
345 2894 534 2976 oppositione
566 2897 722 2977 regulares
752 2898 846 2973 sacit3
878 2904 912 2958 ut
940 2896 1087 2975 jamnon
1115 2892 1214 2953 dicam
1238 2890 1275 2951 de
1299 2888 1415 2969 ingenti

64 3005 104 3047 nan
124 2983 262 3051 canonis
285 2984 452 3064 rectangnli
471 2985 621 3066 sphaerici
636 2986 667 3047 in
688 2988 767 3048 omni
784 2986 924 3048 doctrina
941 2983 1159 3063 triangulorum
1178 2978 1414 3060 sphaericomm,

63 3075 81 3136 si
100 3076 187 3138 nous
210 3073 258 3135 ad
280 3067 343 3135 90⁰
365 3068 604 3149 continuetur.⁸)
640 3076 782 3138 Prolixns
806 3075 965 3137 admodum
982 3073 1042 3149 ini'3
1067 3070 1192 3132 cessabo
1215 3068 1317 3148 igitur.
1352 3066 1415 3157 Ubi

60 3164 120 3227 haec
143 3172 243 3245 grata
266 3160 323 3223 tibi
345 3161 440 3224 luisse
467 3162 660 3240 intellexero,
683 3166 771 3245 plura
793 3165 930 3228 monebo.
968 3164 1013 3225 Tu
1036 3180 1108 3223 vero
1128 3157 1251 3238 Magine
1275 3156 1412 3219 celeber-

61 3255 121 3316 rime
142 3255 229 3316 baec
254 3267 291 3314 eo
314 3250 415 3313 auimo
438 3253 568 3334 suscipe,
591 3273 649 3335 qno
664 3273 722 3334 ego
745 3254 863 3335 scripsi.
902 3254 974 3316 Sum
999 3250 1074 3312 artis
1098 3246 1302 3310 astronomiae
1326 3244 1412 3326 cupi-

61 3344 198 3406 dissimus
222 3344 448 3420 attemperare
471 3342 545 3404 mihi
569 3361 627 3403 non
650 3362 784 3423 possum,
808 3343 879 3423 quin
898 3340 1061 3403 artificibus
1085 3338 1213 3399 consilia
1236 3355 1304 3398 mea
1327 3354 1413 3396 corna

61 3433 213 3506 nnnicem,
237 3438 274 3492 nt
302 3429 422 3492 illorum
450 3430 704 3494 admonitionibus
735 3433 860 3494 subinde
892 3431 923 3493 in
946 3431 1003 3492 hac
1027 3427 1129 3489 divina
1159 3432 1224 3486 arte
1248 3424 1413 3506 proficiam.

61 3525 126 3586 Peto
151 3520 305 3601 majorem
327 3518 358 3585 in
381 3518 512 3596 modurn,
535 3520 691 3603 utiquam
718 3520 847 3603 primum
876 3518 1045 3593 rescribae;
1078 3535 1134 3578 nec
1157 3520 1214 3575 est
1234 3531 1359 3575 necesse
1384 3520 1418 3574 nt
1455 3526 1458 3531 ’

63 3631 93 3675 er
113 3612 250 3690 abrupto
273 3606 313 3669 ad
336 3608 455 3689 singula
476 3610 675 3690 respondeas,
700 3611 810 3673 saltem
832 3609 1045 3672 indicationem
1076 3603 1186 3677 facito,
1210 3602 1260 3667 ubi
1283 3601 1340 3662 has
1363 3619 1415 3663 re·

62 3701 184 3782 ceperis.
233 3698 271 3759 Iu
294 3696 399 3779 Styria
421 3697 540 3779 quidem
562 3719 621 3761 non
646 3699 746 3778 cogito
778 3699 859 3761 ultra
881 3707 944 3760 tros
970 3697 1008 3758 a'd
1031 3711 1178 3757 summum
1207 3688 1415 3752 hebdomadas

64 3807 179 3853 manere
191 3807 202 3864 ;
232 3787 341 3868 itaque.
370 3785 575 3867 praestiterit,
608 3797 643 3850 ut
671 3807 747 3869 qnae
779 3806 979 3868 responsurus
1003 3804 1037 3846 es
1059 3785 1191 3862 Pragam
1212 3779 1416 3842 Bohemomm

63 3880 199 3940 minares
228 3875 270 3937 ad
294 3875 342 3938 Ill.
372 3877 411 3938 D.
437 3875 656 3952 (loraducium,
689 3876 979 3939 vicecancellarinm
1010 3870 1152 3954 Imperii,
1184 3888 1272 3950 quem
1295 3876 1327 3928 et
1357 3866 1415 3929 bas

64 3977 141 4030 artes
163 3983 272 4028 amare
295 3964 358 4027 scio
382 3972 414 4027 et
434 3983 484 4027 mc
506 3985 606 4029 amare
628 3985 792 4047 persuasus
816 3985 891 4028 anm.
937 3965 973 4028 Si
995 3972 1096 4026 tamen
1120 3957 1221 4038 aliqua
1243 3965 1274 4018 to
1298 3956 1415 4019 iucom-

63 4057 195 4120 moditas
217 4053 346 4134 impedit
365 4058 561 4136 (quamquam
583 4074 662 4129 ecce,
686 4055 757 4136 quid
775 4064 805 4117 te
825 4055 951 4135 impedit
968 4054 1007 4115 ad
1022 4053 1060 4114 D.
1079 4048 1250 4130 Tycbonem
1274 4045 1416 4121 scribere,

65 4147 145 4228 cnjus
176 4141 278 4206 literis
301 4141 328 4205 si
350 4143 422 4225 qnid
443 4144 484 4205 ad
505 4164 554 4207 me
583 4144 738 4226 pertinens
769 4143 961 4224 adjunxeris,
989 4142 1020 4203 id
1042 4159 1090 4202 me
1114 4153 1232 4216 semper
1254 4136 1298 4197 nti
1326 4153 1416 4216 spero

64 4236 141 4316 apud
164 4235 206 4297 D.
230 4232 404 4314 'lycbonem
425 4234 571 4314 reperiet)
594 4235 725 4313 Pragam
753 4233 902 4306 scribere,
933 4231 1020 4293 mitte
1044 4226 1207 4293 Graeciam
1230 4224 1260 4285 in
1283 4225 1416 4306 Styriam

65 4320 269 4397 adNuncipm
281 4320 502 4402 Apostolicnm‚
525 4322 553 4385 ie
576 4324 603 4386 si
626 4322 740 4385 Abbati
758 4320 959 4385 Admoutensi
983 4313 1238 4382 commendaverit
1259 4313 1416 4394 epistolas,

66 4414 155 4477 facile
178 4409 256 4473 mibi
276 4411 448 4474 reddentur.
1219 4425 1223 4433 ’

150 4501 235 4563 Dum
258 4501 434 4563 concludere
463 4499 548 4573 volo,
581 4499 701 4576 incidit,
734 4500 813 4581 quod
835 4517 911 4579 pene
942 4496 1039 4578 primo
1066 4493 1133 4554 loco
1162 4489 1294 4552 scribere
1321 4489 1427 4564 volui„

67 4587 199 4654 Tbeoria
212 4588 316 4650 laum
338 4589 465 4652 mnltnm
480 4588 614 4670 Tycboui
637 4589 821 4652 difficultatis
843 4596 953 4649 movet.
992 4582 1069 4646 Mihi
1089 4580 1208 4642 videtur
1230 4579 1415 4660 auspicanda

69 4675 332 4762 aparallaxrbus,
361 4696 437 4759 quae
460 4677 638 4757 contingunt
661 4678 698 4740 ob
727 4678 898 4740 sensibilem
930 4672 1104 4738 distantiam
1135 4668 1230 4731 centri
1253 4676 1285 4730 et
1307 4686 1414 4748 snper-

70 4769 144 4836 tciei
167 4764 254 4848 globi
274 4762 408 4830 Terreni.
453 4767 500 4831 At
525 4766 726 4847 parallaxium
757 4766 895 4831 doctrina
925 4758 1135 4827 latitudinibus
1157 4758 1261 4820 Lunae
1291 4757 1415 4819 confusa

70 4870 124 4925 cst
173 4855 262 4938 Opus
283 4853 377 4938 igitur
408 4864 492 4920 esset
521 4857 764 4938 praecognitione
795 4855 994 4919 latitudinum.
1040 4850 1205 4929 Utrumque
1228 4847 1267 4909 ab
1290 4854 1415 4927 unoque
