3278 5550
756 40 774 77 ῃ

155 276 176 349 8
591 277 621 328 ln
640 277 824 333 Commentarla
841 278 872 329 ‹la
889 287 958 330 motu
975 279 1063 331 Martis

154 455 312 519 eonsilium
335 454 411 534 cepi,
436 474 510 535 opus
534 457 614 538 apnd
636 457 821 519 academiam
844 456 1023 537 deponere,“
1049 456 1128 539 quod
1151 458 1308 521 consilinm
1323 459 1368 520 ita
1381 459 1501 541 quidem

142 545 397 629 ¹persequebatur,
420 553 453 605 nt
475 545 505 606 in
524 546 622 608 literis
644 547 683 608 ad
708 555 843 609 senatum
860 546 1080 625 Tubiugensem
1103 547 1224 626 seriptis
1241 557 1408 629 quaereret,
1431 568 1502 611 num

151 632 214 716 ipsi
226 633 342 708 liceret,
367 631 589 715 Commentario
602 635 713 697 Martis
728 636 806 716 apud
823 644 960 696 senatum
978 635 1151 715 deponeret
1179 643 1428 710 reomp.v0l.11.p.
1445 642 1502 718 34.)

151 721 308 787 Restituta
331 731 429 784 antem
452 724 623 786 valetudine
646 743 709 785 rern
732 743 790 785 non
805 724 930 786 ulterius
946 724 1081 803 urgebat
1119 727 1153 787 ln
1169 725 1266 787 literis
1280 727 1324 797 (d.
1345 725 1394 790 18.
1409 728 1502 799 Deo.)

154 812 194 873 ad
215 811 430 895 Fabricium
452 813 525 874 item
547 822 685 875 recenset
707 813 826 875 labores
850 833 921 875 suos
944 813 975 874 in
994 814 1132 876 eruendis
1149 815 1309 889 erroribus,
1333 815 1383 896 qui
1402 815 1502 897 hypo-

155 899 234 962 thesi
258 920 330 962 suae
359 901 536 976 obstabant,
568 903 693 964 formam
721 903 832 964 fatetur
864 902 978 964 orbitae
1010 902 1150 982 planetae
1179 904 1331 985 hucusque
1362 903 1400 966 ah
1434 904 1501 984 ipso

153 999 318 1052 assumtam
341 990 476 1064 ovalem,
507 991 615 1053 falsam
639 1010 722 1066 esse,
747 1010 818 1071 ergo
842 992 1014 1053 mutandam
1038 1011 1105 1053 esse
1129 991 1211 1054 illam
1233 994 1376 1067 formam,
1401 992 1446 1054 ita
1470 1001 1503 1054 ut

156 1078 237 1155 „via
259 1079 397 1141 Martis
419 1081 598 1160 perfecta
620 1081 696 1142 fiat
718 1079 907 1161 ellipsis.“
949 1079 1088 1144 Ceterum
1105 1082 1200 1156 addit,
1219 1082 1348 1143 nondum
1367 1101 1400 1142 se
1415 1081 1501 1143 illam

151 1169 320 1230 accuratius
352 1168 560 1249 inquisivisse,
592 1169 772 1231 inserturum
801 1188 872 1230 vero
905 1168 1135 1232 Commentariis
1168 1172 1235 1244 („in
1273 1170 1380 1252 quihus
1416 1179 1502 1231 totus

152 1277 230 1319 nnnc
253 1257 355 1330 sum“)
379 1257 488 1318 falsam
511 1278 595 1320 suam
618 1259 813 1340 hypothesin,
846 1267 880 1320 ut
902 1258 955 1320 alii
977 1259 1115 1333 videant,
1147 1268 1289 1341 quantum
1317 1260 1376 1341 ipsi
1398 1260 1502 1320 laces-

100 1362 104 1369 ·
155 1346 229 1408 serit
251 1345 373 1426 negotii.

240 1436 329 1497 Anno
362 1431 454 1498 1605.
479 1435 574 1496 refert
595 1435 745 1517 Keplerus
767 1436 1031 1516 Longomontano‚
1062 1455 1184 1497 oausam
1208 1456 1240 1498 se
1263 1436 1380 1499 itineris
1403 1436 1502 1497 ovalis

154 1523 263 1587 Martis
286 1525 416 1587 nondum
438 1523 528 1604 plane
550 1524 696 1606 pleneque
719 1525 924 1587 demonstrare
947 1544 1052 1605 posse,
1085 1526 1346 1604 comprehendisse
1370 1545 1442 1586 vero
1466 1544 1503 1585 ea

154 1631 230 1694 qnae
249 1613 407 1693 explorata
422 1613 532 1675 haheat
555 1614 744 1694 capitibus
768 1613 826 1676 51.
867 1614 989 1678 Certum
1008 1632 1075 1675 esse
1095 1633 1133 1675 ex
1148 1614 1237 1676 Sole
1251 1614 1412 1696 propagari
1431 1615 1502 1687 viru,

156 1720 231 1783 qnae
254 1703 394 1781 planetas
417 1701 529 1783 rapiat;
555 1703 665 1765 similia
687 1703 879 1783 Hegulontio,
903 1721 1004 1773 meuse
1027 1702 1104 1782 Maji
1130 1698 1223 1779 1605,
1247 1703 1376 1766 addens:
1395 1701 1503 1782 Com-

33 1784 39 1797 '
134 1823 137 1837 ·
155 1791 303 1852 montaria
317 1792 426 1856 Martis
445 1792 493 1853 edi
511 1811 570 1854 nou
593 1811 693 1872 posse,
717 1793 775 1871 nisi
792 1791 907 1856 Caesar
925 1802 1040 1854 sumtus
1057 1792 1236 1872 praebuerit
1268 1794 1374 1856 Mense
1387 1793 1503 1855 Martio

155 1879 279 1941 nunciat
305 1881 489 1956 Maestlino‚
521 1882 706 1961 processisse
739 1901 771 1942 se
802 1882 831 1943 in
863 1880 1094 1945 Commentariis
1126 1882 1164 1942 ad
1189 1880 1264 1962 Cap.
1288 1880 1346 1957 52;
1379 1901 1502 1943 causam

155 1968 320 2031 celeritatis
348 1970 513 2051 inaequalis
541 1970 731 2050 planetarum
763 1990 830 2032 esse
865 1971 924 2032 vim
946 1971 1012 2033 Soli
1042 1968 1137 2042 (circa
1159 1989 1247 2032 axem
1270 1972 1446 2044 convoluto)
1471 1979 1504 2031 et

153 2057 286 2137 planetis
308 2058 432 2120 inditam
455 2058 655 2138 magneticam
675 2059 723 2120 vel
738 2059 840 2141 quasi;
863 2058 932 2121 dein
955 2078 1122 2121 arearum
1146 2061 1211 2138 lege
1227 2061 1382 2140 proposita
1396 2060 1500 2120 addit:

150 2145 251 2226 capita
274 2156 360 2209 erunt
382 2144 424 2211 60
448 2155 501 2208 aut
524 2144 575 2210 70.

236 2237 295 2298 Per
317 2255 426 2299 annum
449 2233 542 2300 1605.
560 2256 635 2317 opus
657 2255 749 2317 prope
773 2237 812 2298 ad
834 2237 926 2298 tinem
941 2237 1117 2316 perductum
1139 2256 1207 2298 esse
1230 2237 1364 2313 videtur;
1388 2237 1502 2317 ellip-

149 2322 260 2386 ticam
282 2325 380 2387 viam
401 2333 473 2405 post
503 2326 599 2387 multa
620 2345 699 2387 vana
722 2325 927 2405 experimenta
958 2333 989 2386 et
1018 2325 1186 2388 taediosum
1219 2327 1366 2388 calculum
1388 2326 1500 2405 depre-

149 2410 254 2475 hendit
275 2414 426 2496 Keplerus
451 2414 552 2489 „circa
573 2414 734 2477 Paschatis
757 2415 906 2495 tempus“.
947 2413 1046 2494 Caput
1064 2412 1115 2477 57.
1141 2416 1177 2477 de
1200 2415 1378 2495 magneticls
1403 2415 1502 2476 virtu-

62 2524 65 2529 ·
148 2500 229 2564 tibus
252 2503 454 2584 conscriptum
477 2512 525 2565 est
547 2511 665 2566 aestate
689 2505 777 2584 hujus
800 2505 870 2566 anni
896 2507 985 2576 (comp.
999 2512 1085 2562 literas
1097 2511 1130 2562 sd
1142 2513 1280 2564 Fabricium
1293 2514 1316 2564 d.
1332 2513 1356 2562 a
1371 2512 1413 2561 ll.
1430 2510 1501 2573 occ.)

149 2636 153 2641 ·
234 2593 268 2654 In
293 2592 390 2656 literis
413 2594 452 2655 ad
475 2612 687 2656 amanuensem
711 2612 796 2656 suum
811 2592 846 2657 C.
864 2592 1028 2657 Odontium
1044 2593 1136 2667 (Non.
1153 2595 1232 2673 Aug.
1253 2589 1362 2667 1605.)
1378 2594 1499 2655 scribit:

150 2679 374 2744 Commentario
395 2702 463 2745 mea
486 2702 520 2744 eo
544 2683 611 2746 loco
636 2690 719 2758 sunt,
754 2690 788 2745 ut
818 2682 946 2763 primum
969 2692 1057 2764 atque
1080 2683 1300 2766 Tengnaglius·
1315 2684 1503 2745 concesserit

148 2769 198 2920 ve}
221 2769 337 2834 Caesar
362 2772 504 2872 jusseriq
523 2770 650 2852 pecunia
680 2771 885 2853 suppeditata,
918 2772 987 2833 dnm
1018 2771 1225 2852 imprimantur
1255 2772 1353 2834 limari
1383 2781 1414 2832 et
1444 2773 1500 2832 ah-

149 2858 227 2921 aovi
250 2861 391 2940 possint„

175 2944 184 2953 ’
234 2948 292 3010 His
329 2969 388 3010 non
426 2949 556 3010 alienum
593 2969 612 3008 a
648 2965 681 3007 re
716 2955 857 3027 putamus
895 2947 1084 3028 interponere
1121 2968 1218 3029 pauca
1255 2950 1291 3010 de
1329 2950 1385 3024 iis,
1424 2970 1500 3030 quos

148 3034 285 3097 adhibuit
307 3038 456 3118 Keplerus
480 3037 518 3097 ad
542 3036 674 3098 calculos
698 3045 730 3096 et
752 3035 949 3097 describenda
972 3036 1204 3099 Commentario.
1254 3038 1371 3118 Caspar
1391 3037 1500 3102 Odon-

148 3123 209 3186 tius
240 3143 294 3204 per
325 3146 434 3188 annum
470 3121 563 3211 1605.
600 3124 679 3204 apud
714 3125 879 3205 Keplemm
914 3125 1108 3200 versabatur,
1150 3145 1273 3208 eumque
1310 3128 1341 3189 in
1373 3128 1499 3189 calculis

148 3212 266 3294 adjuvit
295 3223 326 3276 et
361 3215 439 3277 sicut
473 3215 537 3297 ipse
566 3215 694 3276 affirmat
723 3213 938 3288 „describendo
967 3214 1051 3295 operi
1078 3216 1114 3276 de
1137 3224 1219 3277 motu
1243 3217 1353 3278 Martis
1378 3235 1501 3296 operam

150 3301 283 3364 locavit“
313 3308 346 3373 (r.
365 3328 390 3377 p.
413 3309 467 3373 la).
513 3304 604 3366 initio
635 3303 706 3364 anni
732 3298 824 3367 1606.
849 3323 869 3364 a
890 3304 1021 3383 Keplero
1050 3303 1228 3367 discessisse
1256 3305 1392 3379 videtur,
1423 3305 1500 3366 ortis

149 3391 231 3455 forte
255 3391 390 3454 dissidiis
422 3393 500 3456 inter
530 3394 628 3474 ipsos,
656 3411 723 3454 cum
754 3392 784 3453 in
817 3392 913 3455 literis
936 3393 1061 3473 Kepleri
1087 3392 1126 3454 ad
1154 3393 1236 3456 Sam.
1261 3393 1501 3457 Hafenrefferum

152 3486 244 3556 (comp.
263 3488 318 3540 vot
332 3489 366 3542 11.
384 3504 442 3556 pag.
457 3487 530 3554 835.)
549 3483 700 3563 legamus:
718 3480 1016 3562 SperoaMaestlino
1031 3501 1097 3545 meo
1111 3483 1276 3564 suppetias.
1296 3485 1375 3546 Nam
1392 3491 1500 3558 „trun-

151 3589 217 3633 cnm
239 3571 417 3646 nodosnm“,
441 3590 498 3651 qno
522 3572 628 3634 utebar
651 3589 797 3633 concessu
811 3571 1087 3651 Noribergensium,
1112 3571 1215 3634 remisi
1233 3571 1405 3635 academiae
1426 3591 1499 3634 suae

151 3660 329 3725 Altorlinse.
374 3660 445 3723 Jam
467 3659 497 3723 in
520 3680 555 3723 eo
579 3679 655 3736 snm,
678 3668 712 3721 ut
733 3661 813 3743 typis
837 3660 904 3722 dem
923 3660 1037 3724 Comm.
1062 3660 1099 3722 de
1118 3662 1232 3736 Marte;
1261 3671 1390 3743 quantus
1413 3662 1500 3724 labor

149 3749 192 3813 sit
214 3751 345 3825 iuturus,
369 3749 434 3829 jam
457 3769 495 3810 err
516 3749 673 3812 vilioribus
697 3749 850 3830 opusculis
875 3749 1012 3830 judicare
1034 3749 1159 3831 possim.
1205 3751 1311 3832 Itaque
1342 3751 1498 3831 ingenioso

150 3846 182 3901 at
204 3840 351 3903 industrio
375 3838 523 3918 adjutore,
547 3839 596 3921 qni
615 3857 669 3901 nec
685 3839 1147 3919 descriptionemnonnullorum,
1170 3859 1225 3903 neo
1243 3841 1404 3921 figurarum
1420 3840 1499 3901 deli-

148 3929 329 4003 neationem,
352 3946 408 3990 nec
430 3929 577 3991 calculum
600 3927 795 3990 omnivarinm
818 3947 872 3989 nec
889 3937 1090 3991 correcturam
1112 3928 1268 4004 detrectet,
1294 3948 1368 4010 opus
1391 3929 1498 4003 haheo,

148 4024 180 4078 et
202 4018 252 4100 qui
275 4017 441 4080 delectetur
464 4017 729 4098 comprehensione
753 4018 1055 4093 demonstrationum,
1079 4018 1158 4100 quod
1182 4026 1230 4081 est
1253 4018 1370 4080 unicum
1393 4021 1499 4096 tslsop

148 4128 253 4169 aanor.
299 4106 383 4170 Malo
406 4126 473 4169 meo
496 4108 559 4170 lato
582 4107 625 4181 lit,
650 4113 683 4167 nt
706 4106 799 4187 legati
822 4107 1067 4187 Wirtembergici
1089 4108 1226 4171 Dresdae
1250 4107 1311 4168 sint
1340 4117 1402 4169 tam
1432 4107 1498 4181 diu;

145 4194 210 4276 jam
241 4195 292 4259 diu
323 4195 402 4259 enirn
433 4196 629 4260 obtinuissem
661 4215 680 4256 a
711 4196 851 4278 Principe
883 4197 1049 4272 alumnum,
1087 4198 1137 4279 qui
1169 4195 1316 4260 sumtibus
1348 4196 1499 4276 Principis

150 4303 266 4348 mecum
289 4293 380 4348 esset.
481 4324 483 4328 -

236 4375 322 4438 Haec
343 4374 509 4455 Keplems,
533 4371 583 4455 qui
605 4371 679 4435 item
701 4373 896 4437 Maestlinnm
919 4373 1008 4448 adiit,
1041 4381 1076 4436 ut
1097 4373 1161 4436 voti
1192 4372 1239 4436 sni
1262 4393 1384 4455 compos
1414 4376 1500 4437 lieret

149 4467 217 4534 (uda
235 4471 320 4535 ints).
365 4465 401 4526 In
424 4462 549 4527 Odontii
572 4462 669 4525 locum
692 4463 840 4525 successit
861 4463 1037 4527 Victorinus
1052 4463 1222 4538 Eichlerns‚
1246 4464 1379 4543 pastoris
1397 4463 1498 4526 Goer-

149 4552 272 4617 licensis
295 4553 373 4617 lilius
397 4557 489 4626 (comp.
508 4561 554 4610 vol.
573 4557 703 4628 listis),
736 4553 786 4633 qui
816 4552 977 4635 descriptis
1001 4544 1232 4616 Commentariis
1255 4554 1441 4634 (postquam,
1465 4564 1499 4615 ut

151 4643 258 4706 scribit
278 4651 365 4726 pater
386 4641 536 4722 Keplero,
568 4642 784 4718 „describendo
813 4661 888 4722 opus
919 4642 995 4705 illud
1025 4640 1282 4717 mathematicum,
1304 4642 1498 4706 Atalantaeis

152 4731 307 4796 laboribus
330 4731 390 4794 tuis
414 4731 609 4806 elaboratum,
633 4731 835 4805 absolverit“)
861 4734 919 4809 „ob
935 4731 1077 4808 scabiem,
1101 4749 1176 4813 qnae
1192 4730 1223 4793 in
1239 4731 1345 4793 lehrim
1365 4730 1498 4810 degene—

149 4823 242 4898 ravit,
264 4842 302 4887 ne
325 4820 500 4886 foedissimo
524 4820 635 4884 scabiei
657 4820 736 4884 malo
760 4819 905 4885 familiam
928 4830 1061 4911 vestram
1083 4819 1214 4884 inliciat“
1239 4828 1362 4903 apatre
1379 4820 1498 4884 domurn
