3278 5550
148 320 152 327 ·
231 297 275 371 46
574 252 581 275 ¹
654 303 754 363 Literae
773 302 875 369 Kepleri
893 303 1043 369 odorumque
1059 307 1162 353 1111111

231 483 363 566 pendet;
387 482 519 563 cogitavi
538 482 639 562 igitur,
664 484 812 563 quomodo
835 482 1003 564 parallaxis
1022 481 1086 542 sine
1103 481 1273 560 cognitione
1296 480 1466 570 latitudinis
1480 481 1591 543 obser·

232 572 333 634 vando
356 571 535 651 investigari
558 580 672 652 posset
719 572 804 634 Modi
827 574 886 634 dno
910 572 1087 633 inciderunt.
1134 571 1233 644 Alter,
1258 571 1283 632 si
1307 571 1411 632 eodem
1435 570 1483 631 die
1502 572 1591 632 Luna

232 663 326 723 semel
350 661 414 723 alta
436 661 529 722 semel
551 661 693 723 humilior
716 668 804 722 extra
825 669 927 725 tamen
950 660 1109 722 terminum
1137 659 1350 722 refractionum
1376 660 1590 722 observaretur

233 752 351 832 quando
380 758 430 811 est
454 751 537 811 circa
566 750 696 824 limites,
729 749 778 811 ubi
808 751 888 812 intra
918 752 996 812 duas
1023 751 1115 810 horas
1146 768 1252 829 parum
1281 756 1414 811 mutatur
1446 749 1589 811 latitudo.

230 839 364 920 Expedit
385 847 486 901 autem
509 839 540 900 id
564 839 656 901 etiam
678 840 709 901 in
732 839 880 920 principie
903 839 1015 907 Cancri
1037 839 1111 911 fleri,
1136 837 1186 900 ubi
1208 857 1315 918 parum
1338 839 1430 900 etiam
1453 845 1590 900 mutatur

231 928 403 990 declinatio.
450 930 565 991 Verum
597 928 714 1010 quando
737 929 825 990 Luna
857 929 962 990 eodem
986 928 1034 989 die
1063 935 1135 1008 post
1167 927 1364 995 meridianem
1396 927 1591 989 altitudinem

231 1018 265 1080 lit
279 1017 463 1079 sensibiliter
478 1017 630 1092 humilior,
650 1017 780 1098 acquirit
788 1018 964 1098 ,parallaxin
980 1018 1010 1079 in
1027 1016 1253 1096 longitudinem,
1271 1017 1589 1096 praecognoscendam

232 1126 300 1169 cum
322 1125 360 1166 ea
381 1106 557 1188 inquiratur.
604 1106 696 1169 Alter
717 1108 835 1181 modus,
858 1114 893 1205 up
911 1106 1064 1169 distinctis
1086 1105 1273 1186 temporibus
1296 1105 1473 1167 observetur
1488 1106 1589 1180 Luna,

232 1215 299 1258 cnm
322 1204 371 1257 est
392 1195 423 1257 in
438 1196 533 1274 gradu
557 1190 762 1275 nonagesimo,
786 1196 816 1257 iu
841 1195 937 1257 limite
965 1195 1080 1268 eodem,
1104 1195 1134 1256 in
1154 1195 1261 1255 eadem
1284 1195 1448 1256 remotione
1467 1215 1486 1255 a
1503 1194 1588 1269 Sole,

232 1285 326 1347 semel
350 1285 441 1346 altior
464 1285 557 1347 semel
580 1284 728 1346 humilior.
765 1286 811 1347 At
826 1284 882 1351 hae
899 1293 963 1346 tres
982 1283 1171 1359 conditiones
1194 1302 1263 1345 raro
1286 1291 1484 1359 concurrunt3
1498 1283 1588 1345 *adde

231 1374 311 1455 quod
344 1372 472 1454 singulis
505 1373 654 1454 scrupulis
681 1374 712 1436 in
739 1373 797 1435 hac
829 1373 999 1436 altitudinis
1032 1373 1245 1435 observatione
1277 1372 1474 1435 committitur
1505 1392 1588 1434 error

117 1486 123 1499 ·
231 1463 318 1525 unius
349 1462 563 1531 semidiametri
596 1464 727 1537 Terrae,
757 1482 890 1546 ,quarum
920 1463 950 1524 in
984 1463 1207 1525 eccentricitate
1238 1461 1306 1523 viae
1336 1462 1440 1524 Lunae
1471 1479 1587 1543 paucae

231 1552 430 1615 continentur.
468 1552 573 1633 ltaque
596 1552 686 1614 tertio
709 1552 767 1617 huc
791 1551 930 1631 conmgio
949 1560 1028 1614 otte
1049 1570 1140 1625 orem,
1165 1551 1309 1613 observes
1327 1551 1444 1612 Lunam
1468 1549 1587 1632 quoties

229 1648 318 1722 potes
332 1641 363 1702 in
377 1641 572 1720 nonagesimo
596 1641 690 1719 gradu
706 1650 737 1702 et
758 1640 986 1703 observationes
1006 1662 1066 1702 111
1084 1660 1149 1701 cnm
1173 1641 1370 1702 exactissima
1384 1639 1587 1702 Bononiensis

229 1729 291 1811 poli
314 1728 474 1792 altitudine
503 1730 659 1792 nobiscum
683 1730 713 1791 in
739 1730 903 1792 Germania
933 1730 1141 1792 communices.
1181 1729 1300 1793 Curabo
1324 1747 1391 1808 ego,
1415 1736 1450 1790 ut
1464 1737 1587 1791 nostras

233 1818 463 1880 observationes
485 1826 519 1880 tn
541 1818 676 1880 vicissim
699 1819 823 1881 habeas.
860 1821 909 1880 Ita
931 1820 993 1895 fiet,
1017 1827 1051 1880 ut
1068 1820 1155 1881 Luna
1176 1819 1325 1880 interdurn
1349 1819 1437 1880 simul
1460 1826 1587 1898 utroque

232 1905 264 1987 in
287 1907 354 1969 loco
379 1906 554 1970 observetur
577 1907 679 1989 sicque
703 1908 768 1987 ejus
792 1908 822 1970 in
845 1908 939 1970 variis
963 1908 1130 1970 anomaliae
1149 1907 1225 1969 locis
1249 1907 1424 1969 altitudines
1447 1907 1587 1970 innotes-

233 2005 313 2059 canc
359 1998 439 2058 Nem
459 1996 609 2059 'Bohemia
632 2005 664 2058 et
685 1998 794 2059 Italiae
817 1997 897 2058 bona
918 2016 991 2077 pars
1014 1998 1044 2059 in
1068 1996 1173 2058 eodem
1196 1997 1362 2058 meridiano
1386 2003 1465 2059 sunt.

324 2085 415 2160 Vale,
439 2085 702 2166 praestantissime
725 2085 771 2147 vir
793 2105 900 2167 meque
922 2085 978 2148 tibi
1001 2087 1241 2148 commendatum
1263 2086 1351 2147 habe.

622 2174 746 2237 Graecii
768 2174 891 2258 Styriae
915 2174 982 2240 Cal.
1006 2176 1076 2238 Jun.
1104 2170 1198 2237 1601.

869 2265 987 2326 Excell.
1012 2266 1094 2326 Tuae

1141 2362 1144 2367 '
1167 2350 1407 2414 officiosissimus

1028 2441 1080 2505 Jo.
1105 2439 1274 2522 Keplwus,
1298 2437 1544 2503 Mathematicus.

325 2617 461 2683 Keplerom
489 2632 545 2668 cum
572 2623 730 2683 praeceptore
758 2632 802 2667 sno
827 2616 1064 2670 1111111111
1089 2619 1121 2670 de
1141 2615 1329 2676 ,Martialibus“
1354 2618 1406 2682 suis
1432 2616 1523 2666 studiis
1546 2631 1589 2681 pet

236 2688 321 2741 literae
340 2691 421 2755 egisse
439 2690 493 2753 quis
511 2689 635 2739 dubitabit
652 2690 766 2754 perlectis
784 2689 871 2744 literis,
888 2705 959 2754 quas,
982 2691 1039 2740 dnm
1057 2690 1180 2755 Keplsrns
1194 2690 1326 2739 editionem
1339 2687 1464 2738 Prodromi
1482 2688 1586 2739 medita

234 2761 316 2819 bau,
344 2767 429 2810 mutuo
449 2761 570 2811 dederant
595 2767 800 2826 acceperantque.
844 2759 968 2825 Keplerus
995 2768 1158 2812 consueverat
1175 2759 1335 2810 Massilinnm
1357 2760 1387 2809 de
1405 2760 1519 2809 omnibus
1537 2759 1586 2810 lere

236 2833 366 2885 certiorem
384 2830 477 2888 lacere,
496 2846 560 2897 qnae
579 2833 645 2881 bona
656 2832 694 2880 vei
707 2832 776 2881 mala
793 2831 838 2895 ipsi
858 2832 1008 2884 acciderant
1029 2846 1092 2897 quae
1111 2846 1175 2882 nova
1187 2832 1218 2880 'in
1232 2831 1307 2882 literis
1327 2830 1441 2894 antipae
1459 2832 1586 2881 1111111111

234 2904 330 2954 111111
349 2903 403 2953 aliis
422 2904 523 2952 iuventa
541 2907 682 2965 acceperet.
701 2918 750 2951 nou
769 2903 902 2965 respiciens
915 2903 1041 2952 Maeetlini
1059 2905 1084 2952 in
1104 2903 1258 2953 reeodbendo
1276 2903 1417 2967 segnitiam.
1446 2900 1488 2952 Sic
1506 2900 1589 2953 nanis

232 2975 387 3040 praeceptori
407 2987 446 3030 ea,
473 2989 536 3039 quae
555 2975 581 3023 iu
600 2972 730 3036 Opticis
753 2973 892 3037 proiecerat
915 2973 985 3033 (Vol.
1005 2973 1038 3030 11,
1057 2990 1081 3037 p.
1103 2972 1161 3034 12),
1186 2987 1298 3037 quaeque
1318 2972 1590 3025 (1181111111111

235 3045 348 3105 notanda
366 3045 397 3095 ab
417 3044 471 3095 aliis
490 3050 622 3107 acceperat
641 3050 686 3094 111
703 3045 755 3107 ipee
774 3044 993 3102 observationibus,
1013 3044 1115 3094 calculis
1134 3051 1160 3095 st
1178 3045 1368 3095 ratiocinatione
1392 3045 1591 3109 deprehenderet

235 3114 305 3178 (Vol.
323 3115 355 3174 11,
375 3131 399 3178 p.
420 3113 480 3164 582.
501 3110 575 3176 754),
601 3128 749 3179 quamquam
769 3115 800 3164 ab
825 3115 894 3164 initio
919 3117 979 3164 1111
1001 3112 1239 3166 160011111111
1260 3114 1336 3165 1005.
1356 3116 1419 3166 nihil
1443 3117 1591 3180 responsis

233 3185 369 3237 Maestlino
397 3186 512 3249 accepit:
541 3192 615 3250 etque
634 3186 670 3235 sic
693 3187 782 3242 etiam,
807 3200 882 3250 qaum
901 3187 933 3235 ad
952 3185 1094 3250 Tychonem
1113 3189 1214 3237 Grastio
1238 3186 1347 3252 Pragam
1374 3188 1586 3252 transmigrasset.

233 3259 310 3308 refert
326 3258 362 3306 illi
380 3271 420 3314 11,
439 3270 504 3321 qnae
522 3258 574 3320 ipse
592 3256 658 3320 apud
677 3257 819 3318 Tychonsrn
838 3264 907 3323 agat.
926 3272 1038 3322 quaeque
1056 3259 1083 3307 in
1099 3260 1186 3308 studiis
1204 3258 1352 3320 Tychonicis
1374 3259 1455 3308 relate
1473 3257 1590 3323 digniora

233 3328 437 3393 deprehenderit.
466 3343 513 3378 nec
531 3344 580 3378 non
599 3342 631 3378 ea
655 3341 734 3392 qnae.
761 3328 1059 3395 Martisobserraticnes
1085 3344 1234 3396 aggressus,
1262 3329 1419 3381 emendenda
1437 3331 1462 3379 in
1487 3329 1590 3380 usitatis

238 3407 433 3452 1111111111111
451 3400 586 3449 rationibus
604 3405 661 3449 rata
677 3397 778 3450 hebeat.
1038 3440 1042 3449 .

325 3470 394 3521 Prior
413 3471 570 3534 epistolarum
588 3470 796 3535 Kepleriana'rnm
814 3470 862 3521 huc
880 3472 1005 3535 pertinens
1021 3470 1129 3523 Martem
1146 3471 1226 3536 ipsnrp
1245 3472 1343 3537 quidam
1361 3474 1469 3523 nondum
1488 3472 1591 3536 attinet,

233 3541 278 3596 aed
296 3545 357 3593 satis
375 3541 526 3593 luculentum
545 3536 649 3607 praebet
666 3543 790 3606 specimen
816 3542 1092 3606 studiorum·Tycbonie
1119 3545 1220 3609 1111111
1247 3543 1435 3608 discipulorum,
1463 3557 1538 3608 qnam
1557 3544 1589 3593 oh

237 3628 289 3668 rem
307 3615 377 3666 illam
396 3613 557 3665 exhibendam
577 3627 706 3665 censemus
723 3614 764 3664 hic
781 3615 913 3680 integram.

717 3710 727 3740 0
809 3685 842 3749 S.
887 3688 923 3749 P.
968 3688 1007 3749 D.

323 3773 408 3836 Nihil
430 3775 488 3836 hac
510 3773 575 3835 vice
599 3773 657 3835 fuit
678 3774 846 3850 dicendum,
860 3777 1045 3856 Praeceptor
1067 3776 1283 3850 amantissime,
1308 3795 1396 3858 quam
1410 3782 1589 3855 utrcspon-

235 3865 323 3927 dsres
346 3863 492 3944 proximis
515 3862 590 3925 meis
613 3861 711 3925 literis
734 3871 765 3925 et
786 3865 825 3927 R.
849 3865 888 3927 D.
912 3865 950 3926 D.
975 3866 1213 3927 Hafenreffemm
1237 3873 1269 3926 et
1289 3867 1327 3928 D.
1351 3866 1389 3927 D.
1415 3863 1589 3943 Zieglerum

236 3954 276 4015 ad
290 3952 479 4016 scribendum
499 3952 676 4027 hortareris,
699 3952 947 4034 mitterenturque
965 3953 1072 4016 literae
1087 3954 1296 4017 Stuccardiam
1309 3954 1349 4016 ad
1361 3955 1404 4016 D.-
1415 3954 1453 4015 D.
1468 3954 1588 4033 Eugei-

235 4042 371 4118 hardnm,
396 4042 444 4103 vel
467 4041 568 4123 potius
591 4041 779 4122 Leobergam
802 4043 842 4104 ad
864 4061 960 4105 meam
984 4052 1120 4105 matrem.
1159 4044 1375 4108 Consolatione
1398 4042 1477 4104 enim
1497 4059 1589 4122 egeo,

236 4131 287 4213 qui
310 4139 457 4212 quartana
479 4131 641 4192 etiamnum
656 4131 762 4193 laboro
779 4139 810 4193 et
823 4131 945 4213 insuper
966 4133 1137 4212 periculosa
1151 4134 1239 4210 tussi,
1262 4153 1322 4195 non
1336 4134 1400 4194 sine
1415 4130 1589 4212 suspicione

235 4220 385 4295 bectices,
418 4221 476 4282 hoc
500 4228 548 4282 est
576 4219 672 4300 ipsius
699 4219 781 4281 vitae
805 4240 871 4283 cum
900 4221 1051 4302 pericnlo;
1080 4223 1145 4302 jam
1167 4231 1200 4285 et
1230 4238 1305 4285 uxor
1335 4229 1490 4301 aegrotat;
1520 4221 1590 4300 jam

236 4308 368 4372 noudum
391 4318 498 4390 quarto
520 4309 640 4389 penitus
671 4309 836 4390 praeterito
868 4325 969 4373 mense
992 4319 1112 4373 centnm
1141 4312 1276 4374 thaleros
1298 4314 1415 4390 Pragaa
1439 4310 1588 4390 expendi3

238 4398 315 4462 adde
338 4398 489 4472 viaticum,
514 4417 618 4477 pamm
641 4406 722 4461 certe
746 4398 818 4459 mihi
842 4406 988 4480 superest.
1034 4401 1133 4463 Multa
1152 4401 1254 4482 Tycho
1276 4399 1435 4482 promittit,
1459 4417 1534 4480 quae
1558 4399 1589 4461 si

237 4495 342 4551 essent
363 4488 408 4549 ita
430 4487 460 4548 iu
483 4487 580 4568 ipsius
602 4494 767 4568 potestate,
790 4506 877 4549 nemo
901 4496 984 4550 esset
1005 4509 1052 4552 me
1076 4491 1252 4552 contentior.
1299 4491 1405 4572 ltaque
1427 4487 1486 4550 nisi
1509 4488 1589 4550 haec

236 4595 306 4639 mea
338 4576 494 4639 festinatio
525 4584 557 4636 et
586 4576 740 4656 paschalis
776 4576 921 4663 temporis
955 4577 1118 4641 destinatio
1152 4579 1258 4641 mortis
1290 4580 1372 4641 circa
1401 4577 1432 4640 id
1465 4585 1588 4657 tempus

240 4665 407 4746 ingruentis
429 4683 516 4729 omen
540 4673 603 4738 est,
627 4665 815 4746 migrandum
837 4665 896 4727 erit
917 4669 1036 4730 omnino
1054 4669 1100 4730 'ad
1116 4669 1239 4749 pascha
1285 4669 1336 4731 Ad
1358 4686 1413 4730 vos
1435 4684 1482 4728 me
1504 4667 1590 4747 rapit

238 4774 324 4819 amor
345 4753 484 4837 patriae,
515 4772 706 4837 quaecunque
730 4755 772 4817 sit
792 4755 857 4835 ejus
881 4755 981 4819 futura
1007 4758 1136 4820 fortuna.
1182 4756 1285 4821 Rebus
1307 4755 1501 4836 pereuntibus
1519 4757 1587 4837 jam

238 4846 332 4909 semel
354 4843 487 4919 interfui,
510 4842 661 4924 impavido
685 4860 751 4909 sum
771 4843 882 4907 mimo.
1232 4877 1237 4888 ·
