3278 5550
425 280 457 333 de
475 279 665 335 Commentariis
682 281 714 333 de
731 290 800 335 motu
819 281 908 336 stellae
925 282 1022 337 uum.
1362 276 1403 347 31

136 468 198 520 Tum
217 468 249 519 sd
270 468 324 519 alis
339 469 471 528 muniens.
490 470 516 520 ln
528 469 578 520 fine
596 470 722 522 literarum
741 472 773 522 ad
785 472 868 536 priora
884 470 958 527 redit,
976 469 1015 520 his
1032 470 1076 520 ille
1093 468 1232 521 illustrante
1261 458 1406 539 Superius

65 551 130 631 coepi
153 550 288 612 scribere
313 551 349 610 de
367 550 483 614 Comm.
500 551 611 612 Martis
625 560 767 634 tanquam
792 554 830 614 ad
854 553 1007 614 scientem.
1046 553 1123 613 Pars
1138 551 1292 633 pecuniae,
1317 566 1408 630 quam

64 641 225 704 aCaesare
249 640 353 720 accepi
375 658 431 720 per
452 659 561 702 manus
580 641 618 704 D.
634 642 768 719 Welseri
792 644 949 716 lactomm
972 641 1154 703 transmissa
1177 647 1225 705 est
1247 639 1287 700 ad
1301 622 1409 717 Voge-

63 731 155 803 linum,
194 730 276 810 qnod
313 729 427 791 nullum
465 730 573 792 scirem
604 733 826 813 typographum
858 730 955 810 magis
987 729 1126 792 idoneum
1133 750 1143 805 3
1181 728 1408 793 commendatus

62 820 154 900 quippe
176 819 254 881 mihi
279 819 337 880 fuit
358 820 397 881 ab
420 819 496 882 artis
519 820 768 900 intelligentibus.
815 823 944 901 Figurae
975 837 1104 881 excusae
1135 828 1206 881 suut
1227 812 1409 898 Pragee'qet

61 910 157 970 nissae
180 909 418 971 Frankofurtnm
439 927 543 970 mense
566 912 724 989 Augusto3
743 911 913 992 ¹exemplar
940 926 1043 971 mense
1067 906 1236 988 Septembri
1259 904 1406 988 Lipsia‘m.

12 992 16 1053 l
60 1000 201 1077 l'rspccto
226 997 355 1077 formam
384 999 450 1079 typi
483 999 535 1071 ad,
550 999 768 1063 delibrandum
814 1002 893 1062 Pars
923 1017 994 1060 vero
1023 997 1140 1078 reliqua
1165 995 1311 1078 pecuniae
1342 1013 1409 1056 cum

58 1087 148 1149 uultis
172 1085 247 1148 aliis
271 1107 289 1147 a
311 1106 359 1148 me
387 1094 546 1149 consumta
574 1097 636 1165 est,
669 1109 737 1152 cnm
764 1108 824 1152 non
847 1092 931 1152 'fiant
949 1088 1051 1167 justae
1085 1086 1250 1149 solutiones
1281 1084 1407 1144 aulicae.

8 1236 11 1263 ἲ
57 1177 149 1257 lisque
176 1175 246 1255 jam
274 1177 385 1238 dudum
412 1185 518 1238 venter
545 1196 629 1240 meus
652 1179 810 1241 famelicus
833 1178 958 1258 respicit
975 1178 1073 1253 instar
1091 1175 1175 1238 canis
1190 1174 1229 1236 ad
1245 1172 1408 1247 dominum,

56 1266 145 1346 aq'uo
170 1266 268 1326 semel
287 1266 353 1345 jam
376 1265 434 1327 fnit
455 1274 573 1347 pastus.
610 1269 760 1349 Equidem
784 1268 809 1331 si
824 1270 863 1331 D.
878 1268 1039 1330 welserus
1057 1273 1213 1345 pateretur
1235 1283 1268 1326 se
1290 1279 1409 1324 rursum

55 1355 164 1416 exorari
189 1355 230 1415 ad
263 1354 346 1415 mille
380 1363 432 1416 aut
464 1357 650 1438 sesquimille
684 1358 865 1421 solutionem
897 1359 1029 1431 (tanturn
1060 1354 1139 1417 enim
1163 1372 1259 1435 coque
1279 1350 1409 1431 amplius

54 1446 115 1506 nihi
139 1444 304 1518 debetur),
335 1454 479 1525 qnantum
509 1447 578 1508 iude
602 1448 674 1510 mihi
698 1446 871 1511 securitatis
894 1446 1069 1520 accederet,
1091 1453 1233 1523 quantum
1265 1440 1410 1521 temporis

52 1535 218 1606 retiumm,
242 1542 341 1595 totum
365 1533 395 1595 id
409 1534 610 1616 impenderem
624 1538 672 1599 vel
689 1537 721 1600 in
734 1537 934 1620 Porphyrium
948 1540 1145 1610 (Harmoniam),
1168 1533 1217 1595 vel
1232 1533 1265 1594 iu
1279 1548 1410 1610 geogra-

51 1623 147 1704 phiam
171 1622 285 1685 melius
308 1625 450 1698 fortasse,
475 1636 563 1707 qnam
587 1627 612 1688 si
636 1632 829 1709 quaestorum
852 1646 974 1688 mensas
994 1633 1138 1699 sectatus,
1163 1621 1283 1683 aeraria
1298 1619 1410 1682 diutis-

52 1713 119 1773 sime
151 1711 301 1790 pulsans,
333 1713 462 1793 denique
494 1716 687 1778 nihilominus
720 1717 845 1777 eandem
878 1735 1022 1779 summam
1056 1714 1275 1795 extorquerem.
1330 1710 1411 1772 Nam

52 1800 192 1865 Caesaris
217 1820 303 1862 mora
327 1803 438 1864 nullam
462 1813 578 1884 partem
601 1806 756 1885 pensionis
777 1805 897 1877 deterit,
919 1805 992 1866 mihi
1012 1820 1083 1866 vero
1107 1812 1227 1882 tempus
1248 1797 1408 1861 consumit

53 1890 80 1950 lii
95 1890 176 1939 literis
199 1903 282 1953 „ques
299 1891 369 1940 initio
388 1890 532 1944 Novembris
551 1909 605 1943 sum
625 1910 735 1946 exorsus.
756 1896 794 1943 rix
812 1895 893 1953 hodie,
913 1891 955 1943 et.
975 1893 1036 1943 Nov.
1060 1888 1137 1943 1607.
1155 1886 1252 1951 linio.“)

133 1960 287 2021 Pecuniae,
315 1977 377 2026 quas
396 1966 559 2026 exspectabat
577 1966 708 2028 Kepleras.
738 1975 856 2015 autumno
876 1967 935 2015 enni
955 1962 1033 2014 1608.
1056 1963 1166 2015 nondum
1188 1963 1288 2010 inerunt
1305 1958 1411 2014 solutae,

54 2047 103 2082 rum
120 2032 281 2090 Hervarto,
299 2035 340 2097 qni
360 2035 383 2083 d.
406 2032 447 2083 1³.
466 2036 535 2100 Sept.
556 2034 632 2086 ¹60⁸.
655 2039 769 2101 scripsit:
797 2038 837 2087 ich
855 2038 981 2092 vermein.
1006 2036 1047 2086 ich
1064 2036 1146 2085 kenne
1172 2032 1301 2083 nnschver
1317 2034 1411 2079 muett·

52 2118 151 2153 umen.
173 2116 231 2151 m
253 2118 280 2152 es
300 2106 403 2154 ratione·
416 2104 575 2157 Serenissimi
591 2109 632 2158 tur
655 2111 711 2159 eine
731 2109 829 2159 Gestalt
846 2109 897 2158 nud
916 2108 1087 2174 Gelegenheit
1124 2105 1171 2157 leh
1188 2105 1236 2155 bitt
1254 2101 1301 2152 den
1319 2100 1410 2156 Herm.

53 2190 76 2224 es
89 2175 158 2225 velie
177 2175 241 2223 sein
259 2173 322 2224 esu
339 2176 406 2227 nach
424 2178 557 2228 Fraukinrt
574 2179 633 2229 hald
656 2180 816 2237 fflmehmen,
844 2187 871 2229 et
887 2181 913 2229 in
931 2181 968 2229 itu
988 2176 1036 2239 (nit
1061 2178 1173 2228 allererst
1190 2176 1216 2223 in
1234 2169 1328 2234 reditu)
1346 2170 1413 2223 mich

53 2247 116 2297 sllls'e
134 2245 283 2305 benthem,
303 2247 369 2297 auch
388 2249 428 2297 die
447 2247 547 2300 Sachen
565 2250 641 2301 dehin
660 2252 806 2308 einrichten‚
827 2250 906 2301 damit
924 2266 951 2300 er
968 2251 1008 2300 eiu
1021 2249 1079 2299 Zeit
1095 2249 1157 2314 lang
1173 2262 1211 2296 wo
1227 2243 1336 2310 moglich
1355 2242 1414 2291 oder

52 2318 105 2367 doch
120 2334 149 2368 so
170 2318 241 2382 lang
261 2331 289 2367 es
307 2320 391 2369 seinsr
417 2327 495 2384 guten
514 2321 681 2387 Gelegenheit
702 2338 762 2385 seyn
789 2322 863 2379 vird,
891 2323 931 2373 bei
956 2324 1003 2371 mir
1027 2321 1101 2371 allhie
1126 2319 1266 2370 verbleiben
1290 2315 1341 2365 end
1359 2312 1413 2364 sich

54 2400 172 2450 ”Men
193 2397 297 2464 ωῧεθῐ
313 2425 345 2434 -
366 2414 422 2451 cnm
439 2401 478 2450 his
496 2402 620 2452 flavam
640 2404 809 2466 responderit:
827 2395 950 2456 Literas
974 2402 1053 2467 tuas,
1076 2393 1155 2455 Nob.
1171 2399 1205 2452 et
1223 2391 1326 2468 Magn.
1344 2386 1412 2460 Vir,

60 2477 98 2542 ii.
117 2482 212 2562 Sept.
249 2479 384 2560 scriptas
415 2481 491 2562 proh
521 2481 608 2544 dolor
640 2483 732 2545 tertio
764 2482 907 2545 Octobris
940 2483 1102 2545 etiamnum
1135 2483 1254 2557 Pragae
1284 2478 1413 2537 haerens

62 2571 153 2650 accepi.
208 2566 341 2630 Viatico
364 2569 447 2649 inhio
478 2571 624 2633 hactenus
656 2574 788 2633 frustra:
820 2592 875 2632 nec
905 2571 969 2635 sine
994 2571 1096 2631 coire
1121 2587 1206 2649 queo.
1253 2564 1413 2644 Remissns

67 2657 164 2737 quidem
194 2676 272 2719 sum
301 2672 368 2719 cum
398 2660 545 2722 trecentis
577 2661 615 2722 ad
645 2660 836 2723 Welsemm:
867 2667 901 2722 at
929 2660 988 2721 nisi
1020 2659 1072 2720 ille
1104 2658 1186 2737 prius
1220 2652 1412 2716 consensisse

70 2754 185 2823 testetur,
211 2747 278 2809 hac
294 2762 348 2829 spe
363 2748 465 2828 Praga
486 2748 594 2829 pedem
613 2770 673 2813 nou
689 2768 812 2825 move03
836 2750 925 2831 quod,
950 2748 1023 2823 scio,
1048 2747 1113 2829 ipse
1132 2764 1249 2828 quoque
1267 2739 1412 2823 probabis

66 2832 109 2895 lm
127 2833 216 2959 ligeri
223 2831 303 2967 ligii,
322 2909 430 2971 quaein
456 2909 583 2960 codicibus
600 2910 724 2973 Petropol.
739 2834 770 2959 let
788 2907 1006 2961 Monachiensibus
1030 2906 1235 2972 deprehendimus
1254 2902 1288 2954 ad
1305 2864 1413 2951 Martem

60 2980 202 3040 manua
229 2980 300 3028 iuter
326 2976 411 3030 literas
430 2979 532 3044 Kepleri
551 2989 577 3031 et
594 2981 716 3030 Herwarti
744 2992 852 3030 mutuas.
889 2981 947 3030 Jam
966 2981 1000 3031 ad
1024 2981 1086 3030 allos
1112 2980 1264 3032 transimus,
1293 2974 1334 3048 qui
1357 2986 1414 3022 enm
1462 2978 1466 2989 '

60 3048 157 3113 dplere
177 3050 212 3099 de
233 3048 335 3099 edendo
354 3066 399 3099 sno
417 3067 490 3116 opere
509 3067 553 3115 per
570 3053 656 3103 literas
675 3052 790 3102 collocuti
808 3058 875 3100 suut.

132 3130 267 3193 Keplerus
284 3129 309 3178 d
329 3127 354 3178 4.
373 3129 431 3180 Oet.
445 3129 523 3183 tout.
542 3134 607 3185 been
625 3134 808 3198 Breuggero
825 3134 912 3182 relert:
936 3122 1018 3185 Clar.
1043 3131 1077 3184 ei
1097 3125 1187 3188 Doti.
1210 3121 1276 3182 Vlr.
1300 3112 1416 3193 Accepi

55 3208 150 3273 literas
180 3219 257 3272 tuas
282 3217 709 3288 (comp.v01.11.p.easeeeo.)
741 3223 812 3277 ante
846 3213 1012 3276 octiduum:
1046 3213 1085 3273 ad
1117 3232 1192 3292 quas
1225 3229 1284 3289 qno
1317 3205 1416 3267 minus

55 3300 264 3378 respondeam,
289 3303 515 3365 excusationem
539 3306 577 3367 do
601 3305 815 3384 occupationes
837 3323 932 3374 meas,
956 3302 1006 3380 qui
1030 3321 1136 3363 versor
1167 3302 1196 3360 in
1217 3294 1415 3359 adornatione

55 3385 349 3452 Commentariorum
372 3390 409 3451 de
432 3393 564 3455 motibus
587 3394 695 3456 stellae
719 3393 849 3468 Martis,
872 3389 1153 3472 operosissimarum
1177 3384 1417 3468 speculationum

54 3477 241 3555 plenissima.
269 3480 383 3551 ‚Trade
399 3481 478 3543 enim
494 3502 553 3544 una
570 3482 794 3563 philosophiam
817 3502 870 3544 seu
892 3479 1049 3562 physicam
1068 3479 1230 3540 coelestem
1254 3494 1309 3556 pro
1327 3473 1417 3534 theo-

29 3596 32 3600 ·
55 3564 134 3644 logia
157 3565 289 3635 coelesti
314 3589 366 3631 sen
390 3572 598 3653 metaphysica
612 3571 798 3634 Aristotelis
844 3571 967 3634 Utinam
990 3569 1073 3648 prius
1097 3576 1129 3629 tu
1152 3569 1288 3646 relegere
1311 3580 1416 3641 meque

57 3673 177 3717 monere
210 3657 315 3736 possis
346 3679 436 3740 quam
467 3662 604 3724 edantur.
651 3661 847 3723 Excudentur
878 3658 957 3740 apud
980 3659 1160 3738 Voegelium
1183 3653 1416 3729 Heidelbergae.

56 3744 286 3825 Exemplarium
300 3747 498 3811 distractione
512 3750 585 3812 mihi
600 3758 649 3812 est
660 3772 678 3811 a
690 3751 822 3814 Caesare
839 3747 1039 3810 interdictum.
1065 3748 1100 3808 In
1115 3762 1174 3828 qua
1187 3744 1313 3827 physica
1328 3738 1416 3801 simul

56 3853 166 3894 noram
191 3834 416 3900 arithmeticam
439 3839 543 3915 doceo,
568 3840 760 3920 computandi
783 3858 843 3899 non
868 3856 905 3899 cx
929 3836 1061 3910 circulis,
1086 3838 1138 3899 sed
1159 3854 1195 3896 ex
1220 3828 1417 3895 facultatibus

58 3921 250 3984 naturalibus
262 3928 489 4007 etmagneticis.
512 3931 646 3994 Arcesso
658 3928 777 4010 quidem
788 3927 967 4000 etcirculos,
984 3927 1036 3987 sed
1047 3927 1086 3986 ad
1097 3925 1254 3997 calculum,
1270 3928 1417 4002 qnatenus

57 4014 181 4074 circulis
207 4013 374 4093 explicatur
399 4018 475 4079 ratio
500 4026 644 4093 staterae,
669 4017 765 4078 vectis
785 4025 816 4077 ct
829 4016 1004 4096 ponderum,
1025 4024 1056 4075 et
1075 4015 1103 4075 in
1118 4022 1205 4093 parte
1221 4020 1355 4083 tantum;
1380 4008 1417 4069 de

56 4103 175 4183 reliquo
202 4120 324 4165 arcesso
346 4105 439 4186 plana
467 4127 519 4169 seu
547 4127 649 4178 areas,
680 4128 755 4187 quas
778 4104 923 4167 describit
944 4105 1068 4186 plancta
1094 4123 1146 4163 suo
1168 4102 1297 4175 ambitu,
1330 4105 1364 4160 ut
1388 4097 1417 4158 in

56 4190 139 4253 areis
163 4190 328 4279 inveniam¹
341 4194 547 4258 fortitudinem
567 4204 599 4262 et
613 4195 851 4261 debilitationem
865 4194 973 4255 virium
988 4193 1016 4254 iu
1032 4199 1145 4254 motum
1168 4190 1357 4253 collatarum.
1375 4217 1416 4229 -

57 4280 121 4345 Sed
145 4298 290 4361 quorsum
313 4281 461 4364 abripior!
485 4286 555 4347 Non
578 4304 625 4345 me
641 4286 728 4346 Mars
747 4284 843 4364 jussit
866 4283 1008 4355 scribere,
1033 4282 1085 4342 sed
1109 4279 1209 4342 aliud:
1237 4281 1317 4355 „Est
1333 4278 1417 4340 Deus

58 4371 87 4432 in
112 4368 221 4444 nobis,
255 4369 391 4450 agitante
419 4373 598 4436 calescimus
625 4374 709 4434 illo.“
756 4374 836 4434 Nam
861 4381 930 4433 tuac
959 4371 1065 4432 literae
1095 4370 1241 4431 vaticinia
1269 4374 1340 4429 sunt
1362 4367 1415 4428 bc.

58 4459 96 4520 (v.
116 4457 178 4506 vol.
199 4456 232 4508 ll.
251 4471 276 4522 p.
296 4456 351 4521 00).
388 4460 593 4527 Brenggerns
612 4462 753 4526 respondit:
774 4461 811 4510 cl.
833 4467 858 4509 et
876 4460 950 4508 Doct.
972 4459 1025 4513 Vir.
1044 4460 1131 4509 Amice
1150 4459 1261 4509 colende.
1291 4455 1416 4506 Redditte

60 4538 121 4580 aaut
138 4528 202 4578 mihi
219 4528 307 4579 literae
325 4538 401 4589 tuae,
430 4536 564 4597 exquibus
592 4533 720 4593 intellexi,
739 4530 776 4582 Te
795 4534 820 4580 in
840 4531 1075 4581 Commentariorum
1095 4531 1125 4580 de
1151 4537 1219 4578 motu
1238 4528 1327 4577 illartis
1346 4526 1417 4575 ador·

60 4603 166 4652 satiem
187 4603 311 4664 occupari.
332 4618 379 4666 quo
398 4606 497 4654 nomine
515 4610 540 4654 te
559 4619 679 4661 excusas,
699 4604 763 4668 quod
781 4604 858 4653 literis
877 4604 938 4651 meis
956 4615 1006 4650 non
1024 4601 1183 4664 respondeas.
1221 4601 1275 4664 Ego
1293 4613 1350 4649 vero
1368 4611 1418 4646 nou

62 4682 161 4723 team
182 4674 368 4724 exemenonem
386 4674 465 4726 Tuam
484 4677 571 4726 lubens
590 4677 694 4739 accipio,
714 4676 758 4724 sed
777 4678 853 4724 etiam
871 4674 955 4723 hortor
973 4680 1079 4737 etrogo.
1097 4688 1130 4722 ue
1149 4673 1205 4737 quid
1226 4673 1258 4721 ab
1276 4670 1417 4734 eporeiam

64 4752 151 4808 mepte
171 4750 284 4794 aratore
302 4750 328 4795 te
348 4744 460 4809 patiaris,
478 4754 614 4811 antequam
633 4747 665 4797 ad
684 4747 759 4796 tinem
777 4746 839 4796 iliud
856 4745 1004 4810 perduxeris.
1038 4744 1110 4805 Quod
1127 4757 1185 4794 sero
1204 4743 1283 4796 addis.
1303 4749 1329 4791 te
1346 4739 1418 4795 simul

63 4816 194 4880 physicam
212 4813 346 4866 coelestem
364 4823 391 4867 et
407 4833 498 4869 noram
516 4810 697 4869 arithmeticam
715 4833 760 4868 seu
779 4815 937 4882 computandi
956 4815 1063 4873 modum,
1083 4831 1133 4866 nou
1152 4831 1182 4865 ex
1201 4813 1305 4869 circulis,
1324 4810 1368 4861 sed
1387 4812 1418 4861 e'x

64 4887 229 4939 muluatus
246 4887 409 4941 ndoeshbus
421 4889 607 4957 mmsgnetieis
625 4888 733 4948 mere,
752 4888 825 4941 valde
837 4889 925 4944 laetor,
943 4887 999 4945 etei,
1018 4892 1048 4937 nt
1058 4886 1135 4938 libere
1149 4887 1239 4944 lateas,
1251 4885 1321 4934 istius
1340 4880 1417 4933 arith-
