3278 5550
652 268 817 345 ttrppneln.
1340 256 1405 343 tlt

107 474 163 525 nm
191 452 367 530 virtutibus,
398 449 424 518 is
452 452 542 534 igitur
572 464 687 519 statuat
711 456 789 517 intra
812 455 990 517 exteriorem
1014 451 1141 515 Lunruis
1165 454 1246 531 globi
1270 462 1403 517 crustam

107 564 157 607 ere
187 546 321 608 abditam
354 545 510 625 sphaeram
544 546 634 609 eliam
666 545 888 607 convertibilem
923 544 1021 615 intus,
1053 563 1128 624 quae
1151 543 1238 621 polos
1264 555 1296 605 et
1319 565 1405 606 arem

107 635 267 697 eversionis
299 654 370 697 suae
403 635 514 696 habeat
538 635 565 696 iu
590 636 669 696 linea
691 654 744 714 per
767 635 868 697 Solem
892 642 923 694 et
946 634 1085 706 Terram,
1118 632 1196 713 quod
1219 641 1320 712 potest
1343 634 1407 695 fieri

107 742 118 785 r
141 725 309 787 naturalem
332 720 425 801 (inape
447 722 506 804 poli
531 725 558 784 in
583 724 701 798 Solem,
731 731 978 801 convertaturque
1002 722 1061 796 sic,
1096 731 1128 782 ut
1150 722 1267 801 quoties
1291 722 1344 784 Sol
1369 722 1406 783 ab

107 831 202 892 ogaeo
225 814 329 875 Lunae
358 813 441 873 verrit
464 814 493 873 io
522 815 693 893 perigaeum
725 811 875 890 ejusdem,
907 809 998 871 toties
1022 811 1102 872 illius
1125 817 1227 889 partes
1251 811 1403 873 dextimae

107 910 139 963 nt
163 902 344 964 sinistimae:
375 910 407 962 et
429 910 498 963 tunc
522 903 671 981 positione
694 893 798 981 magis
813 900 939 982 physica
962 898 1051 977 plane
1075 900 1154 960 idem
1178 899 1369 962 obtinebitur.

677 1145 805 1154 ——-

156 1342 185 1393 In
203 1343 241 1392 hls
259 1341 362 1408 gradum
380 1343 446 1391 snus
458 1342 579 1407 Keplerus
598 1351 623 1393 et
640 1343 698 1393 hinc
715 1344 773 1394 inde
790 1344 864 1408 plane
881 1345 1030 1407 interruptus
1049 1348 1087 1392 est
1105 1341 1162 1391 ordo
1181 1348 1207 1391 et
1224 1341 1300 1391 series
1318 1339 1407 1404 disqui-

107 1418 181 1464 ionnm
199 1414 340 1464 Lunarinm.
366 1412 436 1474 Quae
455 1414 506 1463 alia
523 1416 606 1463 ineunt
623 1414 953 1481 codicibus,l’etropolitanis,
971 1415 1118 1464 documento
1136 1414 1233 1479 qnidam
1251 1419 1317 1469 sunt.
1335 1412 1405 1476 Kep-

108 1500 147 1536 αι
162 1500 215 1535 rem
235 1485 268 1535 ad
285 1484 358 1534 finem
376 1484 509 1548 perducere
527 1485 608 1535 studio
626 1500 750 1550 nunqnam
767 1488 904 1537 intermisso
930 1487 1054 1542 statuisse.
1072 1499 1152 1549 neque
1171 1497 1228 1534 raro
1246 1498 1276 1534 ex
1292 1482 1331 1533 his
1342 1484 1409 1548 trag·

108 1558 157 1607 ntis
178 1558 277 1621 integra
301 1555 388 1605 deduci
413 1562 495 1620 potest
517 1564 543 1606 et
567 1557 690 1620 compilari
708 1557 796 1607 Lunae
820 1558 928 1617 theoria,
958 1558 1004 1605 uisi
1023 1558 1076 1620 quis
1095 1562 1197 1605 conetur
1219 1555 1293 1618 plane
1320 1570 1409 1604 norum

108 1629 216 1677 manue
229 1642 297 1691 opus,
311 1630 380 1689 cnjus
393 1628 487 1677 nullum
499 1627 607 1677 videmus
619 1643 690 1677 nsum
703 1644 782 1693 neque
795 1630 959 1679 astronomiae
972 1642 1051 1691 neque
1062 1627 1179 1676 historiae
1192 1626 1263 1689 hujus
1282 1627 1409 1675 scientiae.

108 1706 183 1749 terum
200 1700 265 1748 inter
282 1699 450 1761 manuscripta
474 1714 572 1759 eornm,
601 1715 664 1763 qnae
685 1700 870 1763 „Hipparchns“
890 1700 990 1763 Kepleri
1010 1698 1225 1761 comprehensurus
1245 1705 1307 1753 erat,
1328 1703 1409 1747 exstat

108 1769 156 1827 lex,
175 1778 201 1819 et
218 1769 340 1820 volumine
357 1769 412 1819 XV.
432 1768 491 1820 Mae.
510 1771 618 1833 Petrop,
637 1772 701 1835 quod
720 1780 798 1821 toturn
817 1772 941 1834 eclipaium
961 1770 1060 1819 calculis
1079 1771 1194 1818 retertnm
1213 1775 1259 1825 est.
1279 1769 1406 1832 eclipsinrn

108 1854 158 1891 luae
176 1838 210 1889 lt
229 1840 274 1899 (ab
292 1854 316 1890 a.
338 1838 414 1890 1572.
435 1840 466 1890 ad
485 1855 508 1891 a.
527 1837 605 1902 10²5)
624 1850 743 1891 accurata
760 1844 894 1907 inquisitio,
913 1856 986 1907 qnam
1004 1840 1067 1891 torte
1085 1840 1208 1904 Keplerns
1226 1838 1410 1904 adjungendam

108 1914 165 1962 uenit
184 1910 365 1975 „Hipparcho“.
403 1910 548 1976 Gonscdpta
565 1920 633 1962 certe
650 1921 709 1965 suot
725 1914 788 1963 haec
806 1914 864 1963 lolia
881 1912 982 1976 Kopleri
1004 1926 1080 1961 mann
1099 1912 1132 1961 ad
1149 1918 1234 1975 typum
1253 1918 1409 1973 praeparata,

108 1988 176 2047 pritnr
194 1992 279 2034 auctor
295 1990 324 2032 ut
343 1983 389 2041 „de
407 1984 482 2032 libro“
502 1984 626 2047 perlecto,
655 1986 817 2048 admonetque
847 1981 994 2041 „lectorem“
1015 1984 1084 2047 quasi
1103 1990 1265 2046 praesentem.
1303 1981 1411 2029 Ratione

108 2054 159 2104 lculi
176 2055 253 2105 utitur
271 2054 374 2113 eadem,
398 2069 472 2119 qnam
489 2066 567 2115 snpra
584 2054 620 2119 (p.
640 2053 706 2116 5⁴0)
725 2059 849 2119 proponit,
878 2069 980 2119 eamque
998 2054 1024 2102 in
1044 2054 1154 2103 omnibns
1172 2053 1210 2102 his
1229 2049 1263 2101 lt
1283 2053 1412 2115 eclipsibus

108 2141 127 2175 m
144 2126 267 2188 Tychonie
286 2125 382 2174 calculo
402 2133 537 2190 comparat

160 2204 268 2262 ..loomu
289 2211 372 2255 annm
390 2205 454 2256 haee
471 2206 559 2257 hahet:
584 2198 714 2259 Posecnt
740 2198 802 2258 fieri
834 2196 978 2258 distincta
1006 2196 1107 2276 capita
1140 2204 1261 2274 utpote:
1302 2194 1335 2267 i)
1365 2196 1411 2257 De

108 2285 224 2348 ametris
255 2286 443 2349 luminarium
470 2287 682 2361 observandis,
722 2287 847 2367 indeque
876 2295 908 2346 et
935 2286 971 2346 de
999 2284 1222 2347 ecceotricitate
1251 2284 1355 2343 Lunae
1383 2284 1413 2343 in

109 2374 327 2454 njunctionibus
351 2384 382 2435 et
406 2375 653 2456 oppositionibus.

159 2462 195 2537 2)
218 2464 265 2524 De
288 2474 371 2525 motu
393 2465 497 2526 diurno
521 2465 694 2537 ethhorario
712 2466 815 2528 Lunae
839 2463 868 2524 in
892 2462 1149 2542 conjunctionibus
1171 2459 1415 2540 etoppoeitioni-

109 2553 346 2614 sobeervando.

160 2639 197 2715 3)
221 2641 267 2702 De
290 2648 372 2703 motu
395 2650 427 2702 et
450 2643 558 2722 angulo
582 2642 758 2715 latitudinis,
782 2642 811 2702 h.
836 2660 861 2701 e.
886 2641 922 2702 de
946 2638 1103 2702 latitudine
1118 2638 1257 2710 maxima,
1277 2654 1416 2697 unacum

109 2748 176 2792 rnae
201 2731 348 2809 parallaxi
372 2730 568 2794 observanda.
615 2730 657 2792 Et
681 2731 843 2791 admonitio
868 2748 957 2808 super
979 2727 1180 2789 inconstantia
1202 2726 1290 2805 hujus
1305 2726 1415 2804 anguli.

109 2820 168 2881 itur
198 2820 287 2880 etiam
311 2820 346 2879 de
372 2820 580 2881 observatione
604 2821 692 2898 hujus
717 2819 810 2900 ipsius
834 2818 949 2895 anguli,
981 2819 1056 2878 citra
1079 2815 1226 2877 nuaxinrae
1251 2814 1417 2876 latitudinis

109 2908 350 2982 nsiderationem,
375 2927 469 2989 eaque
493 2908 611 2988 duplici,
636 2909 684 2969 vel
709 2926 745 2969 ex
769 2908 930 2987 eclipsibus
954 2907 1138 2985 simpliciter,
1164 2903 1210 2965 vel
1235 2903 1418 2984 cumparal-

109 2996 143 3069 ri,
169 3017 207 3058 ex
230 2996 311 3059 Solis
336 2998 455 3077 eclipsi,
479 3018 533 3078 per
557 2998 715 3060 horarium.

160 3082 196 3160 l)
241 3085 428 3149 Sciantctria.
475 3084 510 3159 5)
535 3086 756 3149 Semidiametri
781 3086 900 3146 umbrae
920 3084 1032 3145 variae.
1067 3079 1102 3155 6)
1126 3084 1230 3145 Lunae
1244 3081 1417 3162 parallaxes

109 3174 183 3236 riae.
232 3176 266 3247 7)
290 3176 372 3237 Solis
395 3175 574 3254 parallaxis,
600 3175 725 3237 altitudo
750 3185 782 3236 et
803 3192 959 3252 corporum
981 3173 1144 3253 proportio.

162 3280 341 3345 Eclipsinm
360 3281 491 3333 funiculus
508 3279 575 3331 hanc
592 3298 652 3345 prae
670 3297 697 3331 se
715 3281 763 3332 lert
779 3281 978 3343 inscriptionem:
