3278 5550
528 285 592 339 cm
609 285 712 369 ψη
749 285 831 352 capa
848 285 936 338 urm
1283 218 1298 271 ἰ
1340 282 1405 353 417

101 488 116 525 r.
142 463 248 529 LXII.
288 465 393 543 ltaque
417 482 483 525 oum
506 464 628 544 planum
647 465 696 537 sit,
723 465 801 543 quod
825 463 995 525 circumitur
1019 462 1057 523 ab
1080 462 1179 524 orbita
1197 461 1317 537 Martis,
1342 464 1408 543 ejus

100 553 212 615 linatio
236 551 413 645 adplenum
437 554 594 632 eclipticae
617 553 764 630 regularis
788 553 854 615 erit.
893 551 1023 631 Scriptis
1046 551 1125 613 enim
1149 552 1264 613 duobus
1288 553 1407 614 circulis

101 642 246 724 qualibus,
269 640 365 705 altero
380 641 436 706 DC
460 643 489 702 in
505 642 596 723 plano
616 642 783 721 eclipticae,
808 643 904 703 altero
918 643 971 704 FB
989 641 1019 724 in
1037 641 1128 719 plano
1152 640 1268 701 orbitae
1284 642 1406 716 Martis,

110 731 266 793 communi
298 738 401 792 centro
423 731 455 795 A
476 728 577 805 soris,
610 732 666 793 lroc
697 739 745 794 est
772 733 800 791 in
832 750 891 792 una
920 740 952 791 et
982 731 1086 791 eaderu
1120 729 1249 810 sphaera
1282 731 1407 792 fixarum
1506 802 1511 811 Ι

101 821 117 881 .i
149 820 365 893 concentrica,
397 819 454 880 erit
482 826 518 883 ut
546 819 630 884 sinus
659 822 714 883 BD
745 840 833 881 arcus
867 820 946 881 inter
975 818 1137 881 sectionem
1170 817 1345 881 circulorum
1376 828 1409 882 et

101 909 214 971 ›dlibsr
236 918 377 987 punctum
400 906 503 971 circuli
525 901 641 989 Martii,
664 918 738 992 puta
760 910 804 983 D,
829 909 867 969 ad
891 908 987 970 sinuni
1011 916 1117 980 totum,
1142 907 1187 968 sic
1210 907 1293 968 sinus
1317 907 1407 970 incli-

101 997 190 1061 ionis
213 997 268 1060 DF
290 997 392 1077 puncti
415 999 440 1059 F
463 997 501 1058 ad
525 996 708 1075 siuurufll'l,
734 998 937 1060 inclinationis
959 997 1107 1059 maximae
1130 995 1157 1057 E
1181 995 1297 1061 limitis.
1344 995 1406 1058 Or-

101 1087 153 1151 ari
187 1106 260 1148 vero
293 1087 398 1149 eadem
430 1104 571 1151 mensura
601 1086 821 1150 declinationes
853 1086 983 1148 omniurn
1013 1085 1154 1148 circuitus
1184 1093 1361 1164 punctorum
1389 1107 1409 1148 a

101 1195 147 1239 mo
181 1175 356 1256 eclipticae‚
387 1194 479 1255 supra
508 1194 574 1257 cap.
598 1178 686 1240 XIII.
719 1177 878 1257 probatum
902 1184 952 1238 est
979 1175 1222 1236 observationum
1253 1174 1409 1255 ingeniosa

101 1264 248 1327 statione.
295 1267 401 1345 ltaque
426 1266 506 1327 nulla
530 1276 632 1345 potest
655 1266 754 1327 afferri
777 1265 925 1327 instantia
948 1274 1070 1326 nostrae
1093 1263 1261 1345 hypothesi.

143 1354 240 1419 Porro
272 1354 349 1416 duae
381 1354 575 1433 quaestiones
608 1355 745 1416 difficiles
775 1353 980 1433 expediendae
1011 1361 1092 1413 sunt.
1138 1352 1249 1414 Altera
1272 1353 1308 1414 de
1332 1373 1407 1414 con-

101 1442 171 1505 ione
194 1443 283 1522 hujus
306 1442 516 1505 declinationis
538 1445 617 1519 axis,
641 1444 739 1505 altera
763 1444 799 1504 de
823 1463 880 1504 axe
904 1442 980 1522 ipso.
1027 1440 1190 1512 Quaeritur
1205 1441 1292 1514 cuins,
1315 1452 1407 1504 natu-

101 1532 135 1597 is
155 1533 198 1599 sit
220 1532 295 1593 haec
318 1532 384 1594 axis
399 1533 552 1595 inclinatio
569 1553 606 1594 an
626 1533 795 1609 rationalis,
818 1540 945 1594 naturae
961 1550 1123 1611 corporeae
1137 1550 1211 1611 opus
1228 1551 1265 1590 an
1282 1532 1405 1610 angeli?

101 1621 226 1685 aerim
245 1622 387 1695 secundo,
413 1640 451 1683 an
465 1620 546 1699 idem
563 1640 684 1683 numero
701 1622 742 1682 sit
756 1619 823 1684 axis
835 1620 1039 1683 inclinationis
1063 1639 1128 1681 curu
1149 1639 1205 1681 axe
1225 1621 1404 1699 magnetico,

101 1710 142 1773 Iis
165 1709 358 1789 appetente?
386 1721 418 1771 ct
441 1709 607 1784 si'dirersi,
633 1712 780 1790 quomodo
799 1711 829 1771 in
845 1710 950 1772 eodem
965 1729 1088 1790 corpore
1103 1711 1244 1790 planetae
1259 1710 1407 1789 globoso?

101 1808 175 1879 tque
198 1800 299 1860 altera
322 1799 409 1861 alteri
433 1799 565 1878 implexa
586 1801 734 1881 quaestio.

101 1938 104 1943 .
147 1889 327 1951 Naturalem
349 1906 427 1967 pene
454 1887 661 1965 credidissem,
684 1888 721 1950 ob
752 1887 977 1950 similitudinem
1005 1885 1071 1967 ejus
1101 1886 1238 1960 virtutis,
1278 1891 1353 1966 quae
1376 1887 1407 1951 iu
1433 1854 1526 1967 “siff-²,

101 1985 200 2057 agnete
219 1978 369 2043 naturalis
383 1985 418 2039 et
433 1978 501 2059 ipsa
515 1984 587 2041 est:
609 1976 669 2041 uisi
689 1978 870 2039 accessisset
886 1986 918 2038 et
933 1970 1130 2058 transpositio¹
1143 1978 1288 2038 nodorum
1299 1972 1445 2039 sucos-'52
1464 1998 1512 2075 ,2ss

101 2060 166 2141 nea,
191 2086 268 2146 quae
292 2066 412 2129 omnino
436 2066 651 2149 videturopus
675 2086 741 2128 esse
766 2064 903 2151 rationis,
926 2065 953 2129 si
977 2085 1045 2127 non·
1059 2064 1252 2127 discurrentis
1277 2074 1309 2126 at
1324 2070 1431 2127 certe*

128 2155 135 2169 '
156 2164 234 2217 ctae.
281 2155 360 2218 Nam
383 2156 635 2235 aequidistsntem
659 2157 748 2219 siturn
773 2155 1014 2217 maneto-minus
1038 2163 1086 2217 est
1108 2155 1214 2219 mirum
1239 2161 1270 2214 et
1285 2155 1408 2234 propius

133 2250 202 2316 ae,
232 2263 320 2323 quarn
338 2245 426 2325 prius
449 2244 479 2305 in
503 2246 625 2324 negotio
649 2245 893 2307 eccentricitatis.
939 2244 1006 2305 Illic
1030 2242 1109 2307 enim
1131 2244 1169 2305 ab
1194 2262 1250 2304 axe
1274 2243 1408 2307 virtuoso

137 2353 166 2396 m
194 2334 257 2412 peti
288 2330 437 2408 diximus,
469 2333 518 2395 hic
550 2333 647 2396 locum
680 2335 735 2395 sub
759 2334 826 2395 fixis
850 2332 1023 2411 longissIme
1046 2332 1249 2395 distantibusn
1286 2328 1408 2395 Illie'v'i

137 2443 152 2485 s
173 2423 364 2498 magnetioae
386 2423 508 2484 virtutis
531 2423 612 2496 axis,
637 2425 812 2485 circumlato
836 2440 968 2505 corpore,
992 2422 1210 2483 convertendus
1230 2420 1338 2482 fuisset
1352 2441 1407 2483 nec

101 2504 203 2591 tiipsi
228 2531 386 2573 mansurus
410 2511 627 2591 aequidistans,
652 2512 710 2574 nisi
733 2511 913 2575 retineretur
935 2530 955 2573 a
976 2508 1007 2571 vi
1022 2509 1196 2577 directionis
1215 2510 1331 2571 fortiori
1355 2521 1408 2572 aut

101 2600 136 2663 mi
157 2601 295 2676 animali,
320 2619 373 2663 ssu
396 2601 476 2664 nuda
499 2621 553 2667 seu
573 2602 702 2667 rationis
726 2601 987 2681 quomodocunque
1010 2600 1131 2681 capaci3
1160 2598 1208 2661 hic
1231 2598 1261 2659 vi
1285 2608 1406 2662 nostrae

101 2691 183 2753 mutis
208 2689 386 2752 directoriae
406 2689 511 2768 ipsius,
535 2688 619 2755 nulla
639 2691 824 2755 necessitate
846 2688 967 2751 virtutis
990 2688 1128 2750 animalis
1147 2696 1199 2749 aut
1221 2687 1406 2752 ratiocinan-

101 2779 278 2858 qsequitur
302 2780 363 2851 ista
386 2780 622 2858 aequidistantia
645 2781 721 2841 anis.
754 2779 822 2842 Nisi
845 2780 921 2841 torte
946 2779 1012 2857 quis
1036 2786 1067 2839 et
1089 2778 1145 2840 hoc
1168 2777 1260 2839 menti
1283 2778 1405 2852 tribuet,

101 2869 137 2932 od
180 2869 351 2931 diameter·
377 2868 439 2928 ista
477 2868 652 2930 latitudines
696 2870 845 2942 efficiens,
895 2867 1025 2947 planeta¹
1061 2866 1091 2929 in
1127 2866 1272 2928 limitibus
1310 2868 1406 2929 collo-

101 2964 146 3033 to,
177 2959 292 3019 directe
324 2957 353 3018 in
377 2966 512 3019 centrum
535 2956 616 3020 Solis
639 2959 756 3031 tendit,
780 2966 870 3036 atque
893 2957 950 3019 hoc
971 2960 1062 3038 pacto
1086 2975 1123 3017 ex
1146 2956 1243 3018 orbita
1265 2956 1406 3037 planetae

101 3044 184 3110 culus
208 3066 336 3125 magnus
360 3045 498 3120 efficitur,
523 3054 554 3109 et
576 3046 646 3108 nodi
670 3048 698 3108 in
724 3048 792 3108 loca
815 3065 852 3106 ex
867 3045 940 3108 Sole
964 3045 1105 3127 opposita
1122 3045 1308 3123 rediguntur.
1339 3043 1407 3115 Qun

101 3142 236 3217 ramento
268 3153 360 3215 supra
383 3153 499 3215 quoque
523 3155 588 3216 cap.
613 3135 765 3200 XXXIX.
803 3136 942 3216 planetae
971 3134 1087 3196 asserui
1114 3143 1285 3214 respectum
1314 3133 1406 3197 Solis.

101 3225 159 3309 qni
191 3244 252 3286 non
281 3224 377 3285 omnis
405 3233 560 3303 respectus
584 3223 666 3286 Solis
689 3223 791 3303 arguit
811 3222 959 3287 rationem
982 3224 1184 3286 comitantem.
1231 3224 1310 3286 Illud
1334 3244 1406 3286 sane

101 3334 169 3391 mm,
195 3333 273 3385 eum,
298 3313 346 3395 qui
371 3312 497 3392 primum
521 3314 673 3376 ordinavit
694 3322 794 3377 motus
809 3312 969 3386 coelestes,
993 3315 1070 3375 hunc
1089 3333 1176 3375 axem
1191 3312 1235 3375 sic
1249 3313 1407 3388 direxisse,

109 3402 220 3467 Solem
252 3401 402 3476 (indicto
427 3401 502 3475 situ)
527 3403 710 3485 respiceret;
742 3411 774 3465 et
794 3400 920 3484 proinde
943 3402 1069 3464 consilio
1094 3420 1271 3483 summaque
1289 3402 1406 3465 ratione

101 3514 140 3557 mr
164 3512 244 3554 esse.
283 3493 329 3554 At
350 3491 409 3552 iste
431 3498 588 3573 respectus
603 3492 684 3555 Solis
708 3491 831 3554 retineri
849 3491 914 3572 jam
938 3511 1027 3571 porro
1050 3498 1153 3571 potest
1169 3490 1246 3553 citra
1264 3500 1405 3567 mentem,

101 3603 123 3647 a
146 3581 323 3644 constantia
346 3581 533 3660 magneticae
557 3583 722 3644 facultatis.
761 3580 862 3652 Quieti
887 3580 966 3643 enim
989 3578 1116 3643 similior
1130 3588 1178 3642 est
1192 3599 1280 3659 quam
1294 3582 1406 3655 motui;

101 3669 226 3735 terialis
253 3668 363 3749 igitur,
388 3688 446 3732 non
478 3672 629 3733 mentalis.
685 3669 761 3733 Sola
797 3670 888 3750 igitur
919 3670 1045 3732 variatio
1081 3669 1169 3750 hujus
1191 3669 1406 3746 inclinationis,

101 3781 146 3825 rm
182 3759 308 3821 dicimus
340 3759 570 3822 translationem
593 3760 737 3822 nodorum
761 3778 903 3823 successu
926 3759 1112 3832 seculorum,
1141 3759 1238 3821 adhuc
1261 3758 1292 3821 in
1315 3779 1407 3822 causa

101 3858 172 3924 net,
212 3849 353 3910 evincens
379 3846 444 3921 ⁴vim
471 3848 626 3913 metricam
662 3850 730 3929 plus
759 3868 847 3929 quam
875 3849 1042 3910 naturalem
1071 3867 1124 3909 seu
1155 3867 1330 3928 corpoream
1353 3870 1407 3911 seu

101 3940 169 4003 tles·
201 3945 271 3999 sunt
306 3936 435 4000 virtutes
465 3936 663 4016 magneticao.
717 3939 761 4001 Et
791 3947 892 4000 tumen
925 3945 1080 4016 utramque
1115 3937 1216 4018 potius
1239 3940 1406 4002 censuerim

101 4027 314 4110 rjnngendam,
354 4046 441 4105 quam
470 4027 565 4089 solam
588 4028 765 4090 rationalem
788 4026 964 4106 ponendam.
1011 4027 1124 4091 Pareat
1146 4027 1192 4089 vis
1215 4028 1405 4107 magnetica;

101 4116 172 4181 rs'sit
204 4116 281 4178 ratio
304 4115 389 4177 illam
412 4115 598 4195 gubernans,
630 4125 664 4180 ut
691 4116 773 4198 prius
797 4117 889 4179 etiam
912 4135 977 4196 cap.
1001 4116 1101 4181 LVII.
1127 4117 1164 4177 de
1188 4116 1300 4178 virtute
1323 4116 1406 4180 Solis

101 4215 218 4289 petente
246 4203 384 4267 diximus.

116 4296 212 4359 'Hac
244 4293 420 4374 quaestione
452 4293 496 4355 sic
528 4293 668 4375 expedita
692 4293 825 4375 sequitur
848 4294 955 4356 altera.
1001 4293 1081 4357 Nam
1103 4292 1129 4354 si
1153 4294 1249 4355 virtus
1272 4294 1333 4356 ista
1356 4297 1405 4360 di-

101 4386 188 4447 runa
212 4393 321 4445 estex
344 4381 532 4461 magneticis,
558 4383 718 4465 corporeis,
744 4383 946 4447 naturalibus:
977 4383 1142 4462 subjectum
1167 4383 1232 4462 ejus
1256 4384 1314 4446 erit
1337 4406 1405 4448 cor-

101 4491 129 4535 re
171 4474 221 4537 An
246 4470 339 4555 igitur
361 4471 425 4534 fieri
448 4472 555 4551 possit,
580 4482 614 4535 ut
637 4474 741 4535 eadem
764 4470 819 4533 illa
841 4472 996 4547 diameter,
1021 4471 1101 4535 Solis
1125 4480 1271 4552 appetens
1294 4476 1341 4536 vel
1367 4478 1405 4539 ab

101 4580 107 4621 r
123 4562 249 4643 rugiens,
266 4560 465 4623 inclinatione
491 4558 536 4622 sui
561 4563 599 4623 ad
623 4560 790 4641 eclipticam
815 4561 906 4624 etiam
925 4561 1117 4623 administret
1131 4562 1208 4622 hanc
1223 4563 1403 4628 declinatio-

101 4662 131 4711 ι
146 4653 288 4732 plantae
313 4650 351 4711 ab
375 4649 537 4728 ecliptica‘t
582 4650 617 4713 Si
640 4650 713 4721 nodi
729 4651 927 4730 jungerentur
950 4651 1113 4731 apsidibus,
1137 4650 1249 4715 limites
1271 4653 1404 4735 longitu-

101 4732 180 4803 utur-
197 4737 321 4813 medIis,
355 4740 472 4800 omniuo
500 4740 607 4802 eadem
634 4748 718 4802 esset
742 4739 887 4802 diameter
917 4749 948 4803 et
975 4739 1211 4803 eccentricitatis
1233 4749 1267 4805 et
1295 4742 1402 4823 latitu-

101 4818 138 4890 iuis
159 4830 346 4893 administra.
385 4827 506 4891 Dictum
530 4831 606 4891 euim
622 4849 687 4911 cap.
707 4829 823 4903 LVIII,
846 4831 1036 4907 diametrum,
1061 4850 1135 4912 quae
1152 4814 1406 4899 ecoe'a't‘ricit'atem

136 4935 221 4989 tuor
234 4935 311 4988 ons
325 4934 361 4975 1¹1·
1157 4934 1191 4988 ar
