3278 5550
585 310 647 367 eu·
665 313 758 368 rusa
795 312 879 381 ema
896 312 985 369 xm
1334 302 1338 309 '
1392 308 1457 386 293

121 487 247 553 bisccans
270 511 314 562 nv
337 489 367 552 in
391 492 424 564 λς
449 498 480 553 et
503 499 717 554 connectantur
741 515 802 568 aa
825 511 891 554 eum
909 494 939 570 β.
973 491 1048 555 Cum
1066 511 1136 572 ergo
1162 497 1230 572 καβ
1246 497 1295 558 sit
1314 499 1458 577 graduum
1559 494 1564 503 '

119 577 290 656 integrorum
314 580 458 659 angulus,
491 580 548 643 erit
572 591 603 643 et
627 580 763 644 residuus
786 583 874 659 κβα,
906 582 991 664 eique
1016 584 1151 664 aequalis
1174 591 1253 660 μαδ
1276 586 1459 666 integrorum

119 667 268 745 graduum,
303 676 335 728 et
358 668 386 730 in
411 668 570 749 triangulis
593 672 676 748 βκα,
699 671 774 747 βλα
802 670 949 733 similibus
972 672 1099 754 aequale
1122 673 1180 735 erit
1202 674 1283 735 latus
1308 700 1347 738 κα
1372 678 1459 738 lateri

119 757 163 835 λβ,
184 764 216 818 et
239 758 281 834 κβ
303 756 362 836 ipsi
385 761 440 820 λα.
486 759 545 822 Est
575 769 674 821 autem
703 761 746 836 λβ
769 759 851 821 sinus
876 761 977 840 anguli
1000 762 1081 837 λμβ,
1105 763 1181 839 λνβς
1210 774 1242 824 et
1269 765 1363 843 ipsius
1387 769 1460 842 λμβ

119 846 360 925 complementum
384 856 432 909 est
455 849 535 925 λβμ,
561 851 645 927 λβη
671 848 792 929 ejusque
808 848 891 910 sinus
907 848 986 911 linea
1009 851 1065 926 λμ,
1081 853 1135 925 λη
1160 862 1192 913 et
1206 852 1335 931 ipsarum
1351 879 1405 930 αμ,
1421 879 1461 916 αα

119 934 279 996 differentia
301 936 353 997 λα.
398 937 493 1017 Atqui
519 937 703 1018 quantitates
720 940 771 1012 λα,
787 940 832 1015 λβ
842 938 907 1018 jam
924 939 1063 1001 inventae
1079 950 1149 1002 suut
1163 940 1191 1000 iu
1211 942 1359 1021 triangulo
1381 945 1457 1021 αβκ.

119 1023 190 1103 drgo
229 1023 316 1086 unius
355 1025 497 1104 trianguli
530 1046 585 1104 ope
618 1035 744 1106 quatuor
776 1027 902 1088 inveniri
932 1036 1060 1107 possunt
1087 1029 1250 1092 distantiae
1287 1031 1461 1112 aequalibus

119 1111 229 1191 augulis
259 1113 300 1174 ad
332 1138 368 1189 α,
401 1124 518 1177 remota
549 1116 670 1177 alinea
694 1110 830 1194 apsidum
868 1115 990 1196 ejusque
1019 1106 1257 1198 perpendiculari
1285 1117 1326 1197 ζη
1353 1140 1406 1198 per
1443 1147 1463 1183 α

119 1200 214 1263 lucta:
249 1212 297 1264 est
328 1203 405 1265 enim
438 1201 510 1278 μαζ
528 1204 662 1285 aequalis
693 1203 750 1285 ipsi
781 1209 858 1266 dod
889 1214 921 1266 et
950 1228 1018 1284 von
1049 1206 1106 1287 ipsi
1135 1231 1202 1270 rua.
1252 1210 1318 1271 ,Est
1357 1211 1459 1289 itaque

119 1290 286 1370 longissima
309 1292 457 1355 distantia
481 1294 509 1354 in
534 1300 560 1367 d,
583 1294 761 1355 brevissima
785 1293 812 1354 in
837 1317 861 1368 a,
886 1294 1042 1356 mediocris
1058 1315 1127 1358 vero
1144 1304 1175 1358 et
1189 1299 1324 1379 aequalis
1341 1298 1397 1377 ipsi
1412 1295 1461 1377 βζ,

119 1398 168 1441 nou
190 1379 221 1441 iu
246 1376 299 1458 ζη;
322 1382 376 1444 sed
400 1401 495 1464 neque
519 1383 547 1445 in
572 1383 651 1445 liuea
674 1401 728 1462 per
750 1383 778 1459 β,
805 1382 861 1462 ipsi
885 1379 925 1456 ζα
948 1384 1104 1462 parallelo,
1128 1388 1266 1468 quaesit
1289 1384 1336 1460 ξο.
1383 1388 1464 1450 Nam

119 1465 154 1543 αζ
178 1466 274 1532 minor
306 1481 355 1532 est
383 1491 471 1554 quam
499 1469 562 1549 βζ,
589 1492 624 1533 co
656 1471 734 1554 quod
757 1471 862 1533 minori
886 1468 929 1550 ζβ
938 1497 958 1534 α
982 1473 1180 1537 subtendatur
1204 1495 1291 1557 quam
1316 1486 1364 1536 est
1387 1473 1461 1556 ζαβ,
1487 1470 1506 1505 ‘³

119 1565 213 1640 utpote
238 1569 337 1622 rectus
345 1576 355 1635 ;
379 1569 411 1622 et
433 1559 476 1635 αξ
498 1561 590 1622 ducta
612 1560 730 1640 longior
754 1570 801 1622 est
825 1581 913 1641 quam
937 1558 995 1639 βξ,
1015 1582 1050 1624 eo
1074 1565 1151 1645 quod
1176 1565 1282 1644 majori
1305 1563 1374 1642 ξβα
1397 1567 1463 1640 (ut-

119 1656 180 1727 pote
203 1636 302 1724 re'cto)
327 1650 539 1725 subtendatur,
564 1649 605 1727 ξβ
630 1670 699 1711 vcro
723 1650 829 1711 minori
852 1648 937 1727 ξαβ.
1205 1650 1208 1657 ’
1419 1690 1422 1695 -

195 1738 242 1800 Ut
264 1747 365 1801 autem
389 1739 554 1802 distantiae
579 1740 695 1801 mediae
720 1739 803 1800 locus
828 1741 1009 1818 geometrice
1028 1740 1209 1820 designetur,
1242 1743 1392 1805 bisecetur
1414 1746 1464 1822 αβ

119 1825 193 1905 signo
218 1851 247 1903 σ,
271 1848 383 1909 perque
406 1829 463 1890 hoc
486 1828 741 1909 perpendicularis
766 1828 822 1907 ipsi
847 1830 894 1905 αβ
918 1839 1026 1908 agatur
1048 1853 1111 1911 πρ,
1136 1851 1243 1893 secans
1268 1834 1409 1894 circulum
1433 1834 1462 1895 iu

119 1937 142 1991 ι,
154 1941 181 1996 p.
219 1917 298 1980 Dico
322 1918 397 1980 baec
421 1939 488 1981 esse
513 1919 602 1996 signa
626 1917 793 1999 aequaliter
817 1917 854 1977 ab
879 1942 899 1979 α
923 1928 954 1979 et
978 1939 996 1979 a
1019 1921 1038 1996 β
1062 1920 1217 1982 distantia.
1257 1921 1463 1986 Cuunectatur

119 2005 186 2067 euim
210 2007 339 2069 alterum
354 2007 518 2087 ¹signorum
541 2030 562 2069 π
585 2027 650 2069 cum
675 2032 695 2068 α
718 2016 750 2068 et
773 2026 839 2067 cum
861 2009 896 2085 β,
922 2016 1009 2069 erunt
1031 2031 1092 2082 αα,
1110 2011 1160 2086 πβ
1190 2011 1366 2091 aequalibus
1395 2013 1463 2085 (ut-

119 2103 179 2173 pote
201 2098 310 2171 rectis)
335 2097 453 2177 angulis
477 2119 563 2170 uua,
586 2099 667 2174 ασβ
690 2096 862 2171 subtensae‚
888 2104 919 2158 et
942 2099 1054 2172 ασ,σβ
1078 2100 1230 2180 aequales,
1257 2108 1289 2161 et
1310 2123 1356 2162 nc
1379 2120 1464 2162 com-

119 2185 213 2246 munis.
261 2186 343 2265 Ergo
372 2210 430 2262 πα,
455 2187 501 2264 nli
536 2187 687 2267 aequales.
734 2185 776 2246 Et
806 2185 850 2245 sic
879 2185 1048 2247 Reinholdo
1077 2199 1224 2267 usurpata
1247 2190 1463 2252 demonstratio

119 2271 148 2335 de
171 2282 237 2336 tota
259 2300 300 2355 ay
322 2286 353 2337 et
377 2276 441 2356 ejus
465 2276 563 2337 medio
588 2285 697 2355 puncto
721 2276 749 2352 β,
776 2294 847 2335 rera
870 2282 972 2336 manet
995 2276 1031 2335 de
1055 2286 1164 2355 puncto
1185 2300 1206 2340 σ
1224 2292 1254 2339 et
1268 2277 1391 2340 dimidia
1410 2280 1464 2357 αβ.

195 2365 302 2426 Possit
326 2365 417 2444 igitur
438 2365 545 2444 aliquis
568 2366 717 2442 cogitare,
743 2382 809 2423 cum
834 2362 863 2423 iu
886 2383 907 2424 rr
930 2363 1076 2426 distantia
1099 2388 1149 2427 un
1171 2367 1225 2429 fiat
1248 2369 1384 2448 aequalis
1409 2368 1467 2447 ipsi

120 2450 418 2531 haemidiametro,
443 2453 584 2534 angulum
608 2452 795 2529 etiamtiam
819 2452 962 2531 ruajorem
987 2472 1054 2515 esse
1080 2454 1146 2534 ipso
1170 2452 1250 2529 βζα,
1277 2468 1308 2516 et
1328 2457 1371 2519 sic
1396 2477 1463 2519 mra-

188 2563 217 2603 m
244 2544 453 2622 aequationem
476 2543 506 2604 iu
530 2565 550 2604 n
572 2541 760 2621 contingere:
787 2551 962 2621 argumento
986 2562 1068 2616 usus,
1094 2544 1172 2624 quod
1187 2555 1271 2606 recta
1295 2546 1344 2622 βα
1368 2546 1464 2625 ipsiu

122 2538 251 2713 ttius
279 2632 438 2712 objiciatur
471 2651 559 2711 quam
588 2630 647 2710 ipsi
676 2627 700 2704 ζ.
756 2631 851 2710 Atqui
881 2649 983 2691 verum
1007 2650 1064 2692 non
1089 2643 1154 2706 est,
1186 2634 1264 2714 quod
1298 2643 1364 2695 erat·
1392 2654 1464 2714 pro-

126 2712 247 2805 'p'tum
299 2721 378 2783 Nam
407 2729 519 2803 quanto
553 2719 700 2799 obliquius
728 2720 774 2795 βα
798 2719 920 2798 respicit
942 2715 974 2793 ζ,
1004 2729 1090 2782 tauto
1114 2721 1233 2802 lougius
1257 2722 1391 2785 vicissim
1415 2724 1463 2785 di·

124 2812 174 2871 dit
192 2832 213 2870 n
238 2830 328 2890 quam
351 2807 375 2884 ζ,
399 2829 466 2872 cum
490 2831 536 2871 nc
558 2810 600 2871 sit
623 2809 738 2889 longior
762 2827 850 2889 quarn
873 2804 931 2884 ζα,
957 2808 1052 2888 major
1076 2811 1154 2872 enim
1177 2814 1252 2889 πβσ
1275 2831 1365 2892 quam
1388 2809 1462 2889 ζβα,

124 2896 160 2957 ni
179 2894 218 2970 ζα
242 2900 441 2962 subtenditur.

195 2989 426 3051 Demonstravit
448 2987 539 3068 igitur
562 2994 643 3048 recte
667 2986 859 3047 Ptolemaeus
884 2992 915 3046 et
938 3006 976 3046 ex
999 3005 1033 3046 eo
1050 2985 1235 3049 Reinholdus
1256 2990 1284 3051 iu
1301 2990 1465 3064 Tlreoricis,

123 3077 268 3139 maximam
294 3079 501 3158 aequationem
526 3076 671 3150 (eeecntri
696 3075 813 3155 quidem
844 3075 1011 3136 solitariam
1039 3096 1092 3136 seu
1117 3078 1265 3156 opticam)
1288 3080 1463 3161 contingere
1543 3119 1545 3123 «

123 3161 192 3240 inl.
245 3169 323 3229 Eam
353 3178 454 3229 tamen
485 3165 770 3228 demonstrationem
802 3164 831 3224 iu
861 3165 957 3225 forma
981 3165 1041 3226 alia
1066 3165 1192 3228 faciliori
1216 3167 1264 3230 hic
1287 3187 1462 3248 proponam.

123 3248 297 3338 disignum
330 3259 533 3338 qualecunque
566 3274 657 3334 supra
681 3250 711 3328 ζ,
735 3262 839 3334 utpote
863 3257 906 3326 θ,
938 3264 969 3314 et
993 3255 1195 3336 qualecunque
1225 3257 1301 3318 inira
1325 3280 1349 3334 η·
1365 3255 1462 3335 vell,

122 3350 210 3424 upote
234 3373 259 3420 ι,
292 3354 323 3408 et
346 3352 563 3411 connectantur
596 3364 662 3406 cum
686 3362 723 3418 α,
754 3350 786 3403 et
817 3344 898 3419 exit
928 3344 1192 3422 perpendiculares
1225 3347 1336 3408 cadant
1358 3348 1388 3408 in
1411 3352 1464 3409 θα

122 3433 159 3493 rel
179 3461 212 3497 ια
236 3436 451 3510 continuatam,
476 3453 550 3515 quae
576 3434 637 3495 siut
659 3435 710 3508 βκ.
758 3431 838 3503 Quia
866 3431 957 3509 igitur
989 3433 1132 3514 aequales
1161 3442 1232 3495 suut
1254 3431 1324 3507 δαζ
1344 3443 1375 3496 et
1397 3438 1465 3513 βκα

123 3526 319 3603 incursari,
345 3536 376 3588 et
399 3526 481 3602 κβα,
506 3523 573 3599 καβ
591 3521 688 3602 juncti
712 3520 854 3601 aequales
880 3520 929 3582 uni
954 3530 1053 3596 recto,
1078 3521 1184 3584 eodem
1207 3523 1300 3603 igitur
1320 3529 1393 3586 δαθ
1415 3527 1465 3586 vel

122 3608 178 3685 βακ
200 3615 238 3677 ab
267 3606 444 3695 aequalibus
473 3612 589 3688 ablate,
623 3610 828 3691 relinquentur
850 3605 937 3684 θαζ,
969 3613 1036 3686 κβα
1070 3612 1223 3692 aequales.
1270 3613 1312 3674 Et
1334 3615 1463 3695 primum

122 3706 196 3783 alque
220 3724 313 3786 supra
335 3713 478 3786 punctum
500 3698 519 3774 ζ
539 3700 656 3783 ducitur
680 3700 781 3779 aliqua
804 3718 858 3778 per
881 3723 910 3773 α,
935 3707 969 3761 ut
987 3700 1052 3779 jam
1065 3704 1130 3775 θα,
1155 3721 1207 3763 seu
1232 3702 1399 3782 proximum
1422 3704 1464 3765 sit

120 3789 246 3872 dipsic
265 3815 319 3857 seu
342 3801 507 3867 remotum,
533 3790 620 3852 simul
642 3789 737 3851 etiam
762 3808 780 3848 a
803 3789 849 3864 βα
873 3787 1009 3849 declinat
1032 3789 1114 3852 illius
1137 3792 1395 3870 perpendicularis
1410 3794 1461 3870 βκ.

122 3876 206 3963 lujat
229 3893 332 3946 autem
354 3892 404 3945 est
425 3884 469 3960 βα
493 3900 581 3962 quam
609 3880 671 3941 ulla
701 3877 993 3958 perpendicularium
1016 3879 1072 3954 βα,
1101 3898 1168 3941 eum
1191 3881 1236 3956 βα
1264 3881 1480 3942 subtendatur,

121 3968 174 4044 ira
196 3981 296 4047 recto,
319 3975 362 4051 βα
385 3991 457 4034 vero
492 3978 580 4032 acuto
604 3970 669 4045 βακ
693 3975 723 4027 et
745 3965 861 4028 minori.
911 3964 987 4028 Cum
1015 3976 1117 4029 autem
1145 3963 1198 4044 βζ,
1231 3971 1294 4046 βθ,
1329 3972 1364 4047 βι
1400 3971 1463 4032 sint

123 4062 259 4142 aequales,
285 4071 317 4124 et
338 4058 416 4140 βαζ,
440 4062 520 4139 aad,
544 4060 601 4135 βκι
624 4055 717 4129 recti;
743 4055 892 4136 quadrant
915 4055 1006 4135 igitur
1029 4057 1060 4118 in
1081 4058 1207 4119 eundem
1230 4058 1458 4128 semicirculum.

122 4150 190 4230 ujus
223 4152 370 4214 diameter
401 4159 449 4212 est
479 4146 614 4228 aequalis
648 4145 722 4225 ipsis
756 4140 809 4223 βζ,
841 4145 904 4222 tid,
938 4147 983 4222 βι.
1031 4146 1139 4228 Itaque
1172 4149 1217 4225 βα
1246 4149 1295 4221 (ut
1326 4148 1459 4228 longior)

122 4240 252 4320 najaram
285 4238 554 4302 circumferentiam
586 4233 792 4314 hujuscemodi
828 4233 954 4313 alicujus
986 4234 1164 4297 semicirculi
1197 4235 1351 4299 subtendit
1374 4256 1463 4316 quam

126 4324 226 4400 la'aut
249 4348 441 4411 quaecuuque
471 4323 784 4407 perpendicularium;
818 4332 849 4384 et
872 4323 995 4401 proinde
1030 4325 1125 4404 major
1153 4325 1212 4387 erit
1239 4327 1305 4406 ejus
1333 4327 1462 4406 angulus

126 4410 178 4488 lla
205 4437 295 4499 quam
318 4420 388 4498 βθκ
416 4425 470 4480 aut
501 4415 702 4495 cujuscunque
717 4410 834 4492 ¹puncti
863 4411 988 4474 alterius
1018 4432 1109 4492 supra
1131 4409 1161 4490 ζ,
1190 4421 1294 4503 utpote
1317 4437 1339 4478 α
1361 4416 1411 4477 vel
1433 4414 1461 4491 ξ,

127 4507 237 4586 agarus
259 4507 578 4589 prostbapbaereseos.
627 4499 715 4573 Quod
738 4509 805 4563 erat
828 4501 1103 4563 demonstrandum.
1312 4581 1317 4589 Ι
1369 4500 1383 4529 ³

197 4593 283 4667 Quae
305 4596 363 4660 boc
385 4596 484 4676 eapite
518 4593 553 4655 de
577 4590 787 4669 computandis
811 4589 963 4652 distantiis
979 4588 1061 4652 Solis
1086 4597 1117 4652 at
1136 4591 1247 4653 Terrae
1271 4600 1341 4659 sunt
1364 4593 1465 4668 dieta,¹

126 4681 250 4748 ruebant
282 4685 372 4748 etiam
395 4685 424 4747 iu
443 4684 561 4756 Marte,
591 4679 766 4762 quantisper
789 4681 845 4742 erit
868 4679 909 4755 inv
922 4678 1103 4759 suppositis,
1127 4679 1317 4760 planetarum
1341 4682 1456 4743 orbitas

127 4781 179 4839 bre
200 4764 326 4839 circulos
348 4775 524 4856 perlectos..
556 4767 623 4863 Quo
648 4766 725 4831 salso
749 4769 949 4850 deprehenso,
975 4766 1037 4831 alia
1058 4769 1217 4849 methodus
1242 4771 1379 4861 tradetur
1402 4791 1455 4832 eas

127 4861 312 4945 amputandi.
1390 4870 1393 4877 '
