3278 5550
471 310 502 368 da
520 310 710 371 Gmmsnwhs
727 315 759 370 de
774 323 845 371 motu
862 317 951 372 atellae
969 315 1066 374 lutia-
1370 362 1373 371 ,
1394 312 1438 388 39

105 494 318 570 oentrieitata,
340 495 431 578 idque
454 497 485 559 in
510 497 712 578 suspicionem
724 498 815 560 traxi
839 498 994 562 falsitatis.
1039 499 1085 563 Ar
1112 517 1150 560 ex
1179 496 1298 587 theoria
1325 499 1438 573 Mettis

105 634 108 646 .
129 585 376 649 luculentissime
398 586 520 668 probari
541 595 662 668 potest,
685 587 790 651 Solem
812 586 877 662 (vel
898 589 930 650 in
945 587 1112 670 Copsrnioo
1127 590 1278 664 Terram),
1295 602 1368 652 uum
1391 597 1440 651 est

105 692 288 778 ruapogaeo,
317 695 378 737 non
404 676 449 738 ita
471 677 535 738 alte
558 677 738 751 ascendere,
771 676 815 738 uti
837 677 971 740 maxima
993 677 1059 758 ejus
1075 678 1223 759 'aequatio
1244 697 1302 758 per
1324 696 1439 760 suppo-

105 771 221 826 truneru
243 764 395 846 simmicis
418 764 654 829 accentricitatis
676 765 819 846 requirit,
851 767 905 828 sed
936 766 1063 829 delicere
1085 773 1203 848 partem
1230 767 1296 848 ejus
1319 766 1443 830 circiter

105 853 209 927 utiam,
233 872 291 934 per
305 853 488 935 positionem
503 853 662 936 aoqnautr's
678 854 866 918 salvandam.
903 855 1113 937 Aequatioues
1126 862 1229 918 tamen
1244 856 1295 919 ubi
1308 857 1439 931 maxime

105 942 229 1018 manne
248 943 283 1004 in
296 943 449 1006 anomalia
465 941 528 1006 135
534 941 556 1018 ⁰,
572 944 713 1025 scrupulo
726 963 786 1005 uno
801 963 869 1006 cum
883 953 972 1007 sexta
988 953 1077 1026 parte
1091 945 1242 1021 differunt,
1257 944 1334 1008 nihil
1346 946 1438 1008 ultra

161 1031 286 1094 Eodem
309 1032 455 1114 incapite
470 1052 578 1094 moneo
602 1033 639 1094 de
658 1032 804 1114 peculiari
823 1034 1040 1116 inaequalitate
1068 1034 1288 1097 revolutionum
1310 1035 1443 1099 Veneris

105 1120 295 1196 tllercurii,
326 1123 405 1203 quod
429 1121 615 1203 Copernions
638 1122 682 1185 ait
714 1130 818 1184 centra
840 1131 1046 1202 eccentrorum
1067 1124 1183 1187 revolvi
1206 1123 1237 1186 iu
1257 1143 1354 1205 parvo
1377 1124 1440 1186 cir-

105 1209 162 1285 ello,
185 1211 315 1291 uerique
340 1219 475 1273 centrum
498 1211 659 1273 euoentrici
678 1211 819 1286 Veneris,
843 1231 910 1275 oum
932 1212 964 1274 in
986 1231 1123 1295 apogaeo
1145 1213 1195 1274 vel
1216 1213 1357 1306 parigaeo
1377 1208 1438 1297 est,

105 1308 178 1362 uuo
202 1299 290 1362 orbis
313 1300 404 1363 annui
427 1301 560 1381 propius,
584 1319 651 1362 cnm
665 1300 696 1361 in
722 1301 1004 1364 looisintermediis
1025 1309 1084 1378 eat,
1106 1302 1262 1378 remotius,
1286 1312 1440 1364 eteccen-

105 1388 242 1451 ioitatem
265 1390 429 1470 majorem
462 1397 568 1451 contra
591 1389 735 1457 Mercurii
757 1389 789 1451 in
811 1409 945 1471 apogaeo
976 1398 1007 1453 et
1034 1391 1175 1473 opposito
1196 1392 1265 1473 loco
1287 1392 1440 1454 eccentri-

105 1486 201 1540 tatem
216 1496 290 1539 esse
301 1479 461 1559 majorem',
476 1478 507 1540 in
522 1477 740 1560 quadrantibus
756 1479 910 1562 minorem.
942 1481 1019 1555 Has,
1034 1481 1166 1563 inquam,
1183 1500 1278 1544 novas
1294 1472 1440 1565 inaequa'ss

105 1574 178 1629 tates
203 1586 269 1629 non
292 1568 420 1630 obscure
443 1568 475 1633 in
499 1568 622 1630 dubium
642 1568 761 1630 vocavi.
801 1569 839 1631 Id
862 1576 963 1633 autam
986 1570 1074 1652 quale
1097 1570 1141 1632 sit
1162 1577 1194 1631 et
1214 1571 1293 1632 unde
1316 1571 1374 1632 hae
1392 1571 1442 1632 in-

105 1656 284 1738 !qualitatas
308 1656 501 1719 inferioribus
525 1656 624 1718 inesse
648 1656 818 1732 videantur,
840 1658 898 1719 hoc
919 1657 988 1740 ipso
1003 1668 1138 1739 tempore
1158 1658 1360 1742 deprehendo,
1384 1660 1442 1741 quo

105 1763 172 1825 uaga
186 1745 303 1808 absum
316 1747 349 1808 in
365 1746 469 1827 Styria
490 1745 807 1809 baereditatis.causa
828 1751 1060 1822 (eomp.v01.1,p.
1075 1753 1158 1823 tta),
1182 1748 1240 1810 nisi
1257 1740 1338 1830 qood
1352 1749 1440 1833 libris

105 1835 240 1901 struma
267 1836 411 1899 numeros
439 1834 593 1916 applicare
621 1855 745 1916 nequeo.
792 1837 837 1898 Tu
869 1854 941 1898 vero
975 1837 1001 1899 si
1029 1837 1153 1899 schema
1174 1837 1283 1901 feceris
1307 1838 1347 1900 ad
1368 1837 1441 1913 imi7

105 1924 218 1986 tionem
236 1924 417 2006 Coperuici,
439 1934 472 1986 et
488 1943 625 2005 apogaea
640 1924 733 2000 Solis,
758 1923 888 1987 Veneris
903 1934 936 1986 et
949 1925 1094 1988 Mercurii
1112 1926 1310 2002 ordinaveris,
1334 1926 1442 1989 siniul-

105 2034 127 2076 ιο
147 2014 228 2075 duos
254 2033 315 2095 pro
341 2016 436 2076 Terra
459 2014 587 2076 circulos
610 2015 743 2099 duxeris,
768 2014 897 2076 alterum
919 2034 974 2095 pro
997 2015 1049 2076 via
1066 2017 1178 2078 l'errae
1200 2015 1348 2080 hactenns
1371 2035 1441 2078 cre-

105 2114 148 2180 ta,
173 2103 318 2165 alterum
348 2122 387 2165 ex
409 2102 476 2165 Soli
500 2104 642 2183 propiore
666 2112 771 2192 centro
792 2122 848 2184 pro
870 2103 922 2165 via
944 2106 1057 2166 Terrae
1079 2102 1256 2181 verissima,
1289 2105 1337 2167 cui
1358 2106 1444 2187 prior·

105 2195 211 2257 suco
236 2193 407 2274 aequantia
429 2192 609 2255 Ptolemaici
631 2193 780 2259 inserviat
811 2194 896 2265 (nam
928 2193 1128 2256 universalem
1159 2194 1343 2275 theoriamm
1375 2194 1442 2264 sive

105 2284 250 2346 rurlorum
277 2281 520 2362 planetariorum
542 2281 762 2344 ordinationem
784 2281 865 2343 iasio
887 2282 928 2343 ad
944 2282 1151 2345 imitationem
1175 2278 1335 2365 Copernici
1362 2283 1444 2346 circa

105 2373 171 2435 oleru
199 2370 416 2446 immobilem,
449 2370 674 2452 particulariter
706 2390 778 2432 vero
807 2370 944 2434 theorias
972 2372 1108 2452 singulas
1138 2392 1221 2435 more
1243 2373 1443 2450 Ptolemaiou,

105 2480 140 2524 ι
151 2461 390 2544 aequipolleant
402 2461 596 2542 hypotheses,
621 2460 810 2535 administro,
832 2461 898 2523 solo
913 2461 1048 2543 epicyolo
1069 2470 1205 2542 excepto,
1229 2462 1279 2543 qui
1292 2461 1411 2525 tollitur·
1425 2478 1444 2524 a

105 2551 236 2613 abitura
266 2552 419 2624 Terrae);
443 2550 531 2624 haec,
555 2550 691 2630 inquam,
725 2550 751 2610 si
775 2549 821 2610 ita
843 2550 1044 2630 disposueris,
1076 2550 1165 2612 facile
1194 2551 1249 2612 tibi
1273 2551 1442 2632 apparebit,

105 2658 143 2701 ru
159 2641 356 2703 existimatus
379 2639 613 2720 inaequalitates
635 2639 916 2709 inferiorumnihil,
930 2639 1011 2700 aliud
1035 2657 1122 2714 esse,
1140 2659 1235 2720 quam
1270 2640 1442 2719 parallaxin
1465 2636 1468 2641 ’

105 2738 217 2804 unuln,
239 2729 295 2791 vel
319 2747 445 2790 accessu
469 2736 501 2790 et
513 2747 636 2791 recessu
650 2729 763 2790 Terrae
785 2727 824 2788 ad
841 2728 943 2790 orbem
958 2722 1088 2790 Veneris
1111 2729 1258 2808 hactenns
1281 2748 1341 2790 non
1360 2729 1442 2791 satis

105 2819 434 2899 ugn'touesultantem.
480 2818 560 2879 Nam
588 2818 659 2898 quia
689 2835 827 2898 apogaea
849 2816 933 2880 Solis
964 2825 996 2879 et
1018 2818 1149 2880 Veneris
1183 2817 1344 2898 conjuncta
1357 2869 1362 2879 .
1377 2818 1441 2879 fore

105 2916 147 2970 u
164 2909 300 2991 ideoque
315 2909 413 2969 Terra
429 2927 447 2968 a
462 2906 536 2970 Sole
552 2907 727 2987 longissime
741 2915 869 2982 remoto,
893 2925 960 2970 cunr
980 2914 1103 2987 potetur
1117 2915 1181 2969 tum
1204 2908 1293 2988 longe
1316 2914 1442 2983 remota,
1506 2973 1510 2979 ,
1627 2953 1630 2957 .

105 2995 214 3060 ntum
238 2997 387 3079 postulat
408 2996 493 3059 Solis
516 2997 657 3076 aequatio
668 2997 812 3081 'mamma
834 2997 864 3058 in
888 2995 1277 3077 eceentricitatesimplioi,
1306 2992 1348 3058 sit
1370 3000 1443 3061 vore

105 3088 169 3150 r-rei
190 3087 334 3149 veritate
362 3085 485 3167 propior
507 3085 589 3161 Soli,
622 3085 745 3166 propior
774 3086 868 3153 etiarn
898 3085 956 3147 erit
978 3085 1043 3147 orbi
1067 3085 1199 3148 Veneris
1222 3085 1290 3150 Soli
1313 3086 1448 3151 circum-⁸¹

105 3177 185 3239 reio:
210 3178 325 3257 itaque
349 3173 480 3236 Venerei
504 3174 586 3236 orbis
610 3182 745 3245 centrum
768 3175 807 3236 ad
831 3170 956 3237 Terram
985 3175 1153 3238 accessisse
1183 3183 1215 3237 et
1243 3175 1276 3238 in
1303 3175 1443 3256 opposito

105 3284 192 3328 arrae
209 3266 278 3331 situ
302 3264 341 3326 ab
364 3284 402 3326 ea
425 3264 590 3327 recessisse
619 3263 784 3344 putabitur.
831 3265 880 3327 Ita
902 3264 985 3345 quod·
1010 3264 1093 3327 inest
1121 3264 1212 3345 globo
1235 3267 1361 3328 Terrae.
1378 3264 1443 3352 (rel

105 3355 153 3430 oli,
175 3356 230 3436 qui
245 3352 383 3416 Veneris
407 3353 509 3416 orbem
532 3360 635 3433 gestat
658 3354 821 3415 secondum
834 3353 1033 3437 Tychouem),
1056 3354 1088 3415 id
1112 3353 1177 3416 orbi
1191 3353 1322 3416 Veneris
1341 3352 1442 3421 inesse

105 3452 219 3519 rtatrrr3
256 3443 443 3505 contrarium
465 3442 577 3505 accidit
598 3442 767 3518 Mercurio,
798 3462 868 3504 nam
896 3442 961 3524 ejus
991 3443 1327 3529 apogaeumperigaeo
1359 3442 1443 3506 Solis

105 3535 203 3615 ropius
237 3540 304 3606 est,
338 3551 428 3613 quam
459 3549 614 3613 apogaeu·
658 3533 756 3595 Pareo
786 3532 903 3607 verbis,
917 3561 922 3572 ·
936 3550 1003 3594 cum
1031 3533 1081 3594 vel
1108 3532 1254 3594 hacteuus
1284 3531 1444 3595 verborum

105 3623 202 3685 mium
226 3640 333 3685 coram
356 3621 556 3703 sagacissimo
578 3620 699 3685 homino
723 3621 856 3683 fecerim.
896 3621 972 3685 Cum
990 3620 1083 3701 igitur
1097 3620 1154 3684 hoc
1169 3621 1213 3685 ita
1228 3621 1341 3683 haheat
1361 3621 1443 3684 circa

105 3712 256 3785 duriores,
278 3708 443 3797 iu'magr'ra
465 3709 653 3773 dubitatione
677 3730 754 3786 sum,
776 3730 816 3772 au
839 3727 944 3772 verum
959 3711 1000 3772 sit
1014 3711 1050 3782 de
1064 3710 1225 3786 Mercurio,
1250 3710 1329 3793 quod
1343 3709 1443 3790 gemi-

105 3820 148 3864 rm
170 3800 488 3882 porrigerem-habeat
510 3800 590 3873 circa
612 3799 750 3863 trientes.
798 3799 834 3863 Sl
856 3800 981 3862 schema
1003 3799 1091 3882 quale
1114 3799 1178 3863 dixi
1200 3799 1319 3874 feceris,
1344 3818 1442 3879 appa·

105 3890 158 3955 tir
178 3889 415 3965 demonstratio,
439 3900 498 3971 qua
521 3891 544 3967 ζῖ
565 3890 596 3952 in
610 3888 708 3970 primo
724 3889 834 3954 triente
849 3888 888 3951 ab
903 3908 1039 3971 apogaeo
1057 3889 1203 3969 majorem
1222 3887 1440 3968 digressionem

105 3999 180 4043 aere
203 3979 456 4059 deprehenditur,
489 3998 580 4060 quam
602 3978 642 4041 in
673 3978 831 4059 perigaeo,
863 3978 895 4041 in
917 3980 1014 4041 altero
1037 3997 1109 4041 vero
1141 3972 1251 4040 triente
1283 3977 1439 4043 minorem.

105 4079 170 4132 arra
194 4070 227 4131 in
253 4067 309 4130 illo
326 4069 428 4150 altero
451 4087 512 4131 nou
534 4069 569 4131 lit
591 4067 774 4148 conspicuus
795 4075 931 4130 autnon
954 4075 1077 4139 exstant
1092 4068 1195 4129 forsan
1216 4065 1249 4129 in
1264 4067 1441 4130 Ptolemaeo

105 4160 207 4222 terius
231 4156 354 4220 trientis
377 4156 629 4234 ohservationes3'
644 4176 720 4238 quae
743 4158 833 4220 facile
855 4157 1046 4238 perquires,..
1062 4176 1119 4237 ego
1143 4157 1208 4236 jam
1231 4155 1317 4218 libris
1336 4175 1439 4218 careo.

105 4248 207 4312 lanuini
230 4255 346 4319 tamen,
367 4248 575 4309 Ptolemaeum
596 4246 627 4309 in
643 4250 665 4323 Q
684 4264 722 4311 ex
737 4245 854 4308 duabus
872 4246 1133 4322 observationibus
1152 4246 1241 4325 lunge
1264 4244 1441 4307 distantium

105 4356 230 4403 morum
254 4355 348 4401 unam
366 4336 437 4399 anni
459 4335 629 4401 intermedii
652 4336 817 4410 effinxisse,
850 4356 909 4418 qua
936 4336 1089 4398 commode
1111 4329 1288 4409 uteretur.⁸)
1334 4337 1451 4417 ltaque

105 4428 152 4491 mi
175 4444 288 4508 parum
311 4433 410 4488 metuo
433 4446 453 4488 a
473 4426 650 4495 Ptolemaeo
673 4424 704 4491 in
726 4425 784 4489 hoc
806 4425 938 4506 negotio.
983 4416 1095 4499 Adde,
1115 4424 1193 4506 quod
1216 4442 1358 4504 magnum
1380 4424 1440 4491 ali-

105 4517 151 4581 uo
175 4516 272 4580 infert
293 4513 449 4582 inclinatio
472 4514 555 4595 plani
573 4514 765 4578 Mercurialis
783 4513 822 4576 ad
841 4510 965 4596 planum
986 4513 1155 4595 eclipticae,
1178 4520 1266 4595 qualo
1289 4513 1321 4575 in
1343 4513 1441 4576 forma

105 4605 299 4689 ppothesium
321 4601 480 4685 Coperuici
501 4603 603 4668 inveni
624 4604 770 4684 malorem
791 4604 916 4678 Lunari,
941 4622 983 4666 sc.
1007 4598 1046 4666 7⁰
1067 4599 1122 4669 45⁴
1145 4623 1182 4680 u,
1205 4601 1343 4685 quamvis
1366 4601 1440 4663 lati-

105 4696 154 4759 rd)
176 4695 251 4757 visa
271 4712 423 4774 nunquam
443 4700 532 4756 tanta
553 4694 617 4757 hat.
662 4694 768 4776 ltaque
800 4694 830 4756 si
849 4689 911 4757 45θ
932 4713 952 4755 a
974 4692 1052 4756 nodo
1079 4693 1111 4757 iu
1142 4690 1272 4763 alterum
1300 4690 1441 4754 trientem

105 4785 285 4866 bapogaee
308 4778 430 4859 incidit,
464 4779 515 4845 16¹
538 4782 685 4845 alteratur
714 4791 857 4865 punctum
887 4780 1044 4862 eclipticas
1073 4782 1260 4867 respondens
1289 4787 1442 4863 apuncto

105 4874 167 4939 rbia
183 4871 397 4948 Mercurialis,
419 4871 507 4936 lineis
529 4890 569 4935 ex
583 4871 657 4936 Sole
679 4873 807 4948 eductis,
826 4891 906 4954 ¹quae
929 4869 1117 4937 differentiae
1138 4869 1259 4955 aliquid*
1274 4869 1386 4935 inferre
1409 4873 1442 4933 et
