3278 5550
150 514 153 521 ’
200 492 422 577 Albategnius‚
455 501 573 559 retenta
604 496 773 580 quantitate
800 493 987 577 aequationis
1008 492 1111 577 hujus,
1137 492 1210 557 nibil
1233 489 1324 554 etiam
1347 485 1377 550 in
1401 504 1454 562 eo-

117 583 307 647 sentricitate
328 591 443 646 mutare
465 586 572 666 potuit
957 604 961 613 ·
988 597 991 606 '
1175 592 1181 603 “

202 670 387 753 θοροτῃίοιιε
409 675 548 751 exiguum
572 675 682 753 aliquid
706 675 825 737 demsit.
864 668 943 737 Nam
967 672 1031 755 ejus
1055 671 1194 754 aequatio
1213 668 1344 732 maxima
1358 684 1451 746 oopu-

117 761 186 824 aris
215 762 247 824 in
273 761 407 844 syzygiis
438 758 477 825 4⁰
508 760 561 827 56¹
597 762 662 828 20”
698 763 830 826 ostendit
861 763 1112 825 eocentrioitatem
1135 757 1233 826 8010.
1278 759 1381 836 Atque
1405 755 1452 816 hio

117 851 221 913 nodus
243 860 292 913 est
313 850 542 932 investigandae
566 853 799 916 eocentrioitatis
821 853 925 914 Lunae
948 852 1025 914 idem
1050 851 1127 930 apnd
1151 868 1263 911 omnes.

202 938 297 1020 Atqui
326 958 384 1001 non
412 958 501 1003 nuum
530 950 589 1017 est,
621 942 699 1022 quod
727 942 756 1004 in
779 941 840 1004 hae
859 942 975 1004 ratione
999 941 1177 1003 desiderem.
1224 936 1354 1000 Primum
1377 932 1455 994 enim

117 1028 207 1091 unixi
230 1036 300 1091 snut
320 1029 476 1110 principio,
496 1030 697 1094 insufficienti.
736 1031 812 1093 'Non
835 1031 913 1092 enim
934 1031 1031 1092 omnis
1054 1030 1164 1091 variati
1191 1035 1288 1090 motus
1311 1025 1457 1102 inaequa-

117 1117 187 1181 litas
223 1134 262 1178 ex
288 1117 409 1180 fallacia
436 1118 520 1182 risus
544 1121 653 1183 oritur:
693 1120 805 1202 aliquid
828 1120 886 1199 ipsi
910 1121 1000 1182 etiam
1023 1119 1136 1194 Lunae,
1171 1135 1229 1179 non
1248 1115 1345 1178 minus
1368 1130 1456 1193 quam

117 1206 224 1270 ueteris
260 1225 294 1267 re
322 1225 396 1268 vera
434 1208 514 1270 inest
543 1209 683 1289 planetis.
744 1207 999 1280 Quemadmodum
1036 1208 1114 1271 enim
1146 1207 1262 1269 illorum
1295 1209 1392 1264 motus
1425 1207 1459 1260 et

117 1295 288 1358 lentescunt
314 1314 399 1366 vere,
428 1316 495 1361 cum
517 1316 536 1358 a
560 1297 631 1360 Sole
659 1298 865 1378 digrediuntur
890 1306 921 1359 et
943 1297 1079 1361 contrabi
1092 1297 1123 1359 in
1138 1302 1296 1375 angustum
1309 1292 1456 1362 ridentur,

118 1384 154 1461 pb
181 1384 347 1449 discessum
380 1387 505 1461 avisn,
537 1387 626 1468 idque
656 1389 830 1466 aequalibus
857 1388 1069 1468 propemodum
1091 1386 1225 1466 utrisque
1249 1378 1457 1453 decrementis,

118 1490 235 1555 quuo
258 1474 368 1544 evenit,
391 1483 425 1536 nt
447 1476 530 1538 sinus
554 1476 741 1559 aequationis
763 1477 911 1538 maximae
934 1497 993 1541 non
1015 1484 1107 1550 totus,
1132 1475 1186 1535 sed
1204 1482 1290 1555 parte
1306 1469 1351 1532 sui
1366 1467 1456 1530 dimi-

118 1560 172 1624 dia
194 1561 336 1624 metiatur
357 1565 622 1639 eocentricitatem,
647 1585 705 1646 qua
728 1566 764 1627 de
788 1585 820 1627 re
843 1566 912 1626 vide
935 1565 1120 1645 praeludium
1138 1564 1202 1626 loco
1218 1580 1308 1642 supra
1326 1558 1458 1635 allegato

124 1646 189 1732 Opt
213 1668 243 1729 p.
269 1647 349 1727 336,
379 1653 584 1731 plenissimam
614 1673 684 1717 vero
718 1655 1003 1717 demonstrationem
1036 1651 1265 1718 Commentariis
1286 1651 1327 1711 de
1350 1648 1457 1718 Marte,
1480 1680 1484 1689 ·

125 1756 182 1820 rap.
191 1739 281 1805 XVI.
305 1741 355 1802 Ad
366 1742 491 1804 eundem
501 1744 619 1805 modurn
631 1743 700 1805 etin
711 1744 797 1807 Luna
807 1744 966 1819 reshabet‚
981 1752 1015 1805 ut
1025 1742 1237 1815 semicirculus,
1254 1739 1302 1822 qui
1313 1735 1459 1799 aTellure

127 1825 238 1907 longius
273 1828 379 1901 abest,
412 1850 468 1892 non
500 1840 616 1894 tantum
646 1833 741 1894 minor
772 1833 849 1894 visui
879 1832 1017 1895 videatur
1040 1834 1077 1894 ob
1101 1831 1294 1894 remotionem
1316 1826 1459 1906 majorem

130 1917 240 1992 arian,
264 1917 317 1978 sed
341 1919 431 1980 etiam
454 1921 564 1984 lentius
588 1930 619 1982 et
646 1921 773 2001 longiori
797 1930 931 2001 tempore
962 1922 1101 1983 asidere
1132 1922 1316 1983 decurratur.
1371 1912 1457 1984 Quae

121 2002 197 2068 aare
227 2024 338 2068 causae
361 2010 546 2088 compositae
574 2029 639 2072 cum
667 2010 825 2072 conficiant
852 2009 1062 2090 aequationem
1088 2009 1246 2072 maximam
1277 2005 1457 2087 copularem,

125 2100 157 2157 rt
176 2112 266 2175 supra
289 2094 409 2170 dictum,
433 2095 481 2167 5⁰,
505 2098 656 2180 quaelibet
678 2100 769 2178 igitur
791 2118 846 2179 per
869 2118 902 2160 se
926 2099 1098 2162 causabitur
1121 2099 1273 2161 dimidium
1295 2087 1378 2176 272⁰
1399 2090 1460 2154 eii·-

125 2181 214 2255 eitar:
240 2191 272 2245 et
294 2185 338 2246 sio
360 2188 577 2257 eeoentrioitoti
601 2188 682 2250 orbis
705 2189 809 2249 Lunae
838 2189 1019 2270 (epioyolum
1047 2189 1125 2250 enim
1148 2196 1281 2250 veterum
1305 2193 1460 2246 auctorum

120 2286 177 2353 ego
208 2271 239 2333 in
267 2274 465 2337 eocentricnm
493 2285 656 2350 commuto,
695 2285 729 2338 ut
751 2276 891 2338 similium
917 2296 1016 2338 rerum
1048 2277 1162 2339 similes
1190 2276 1280 2337 etiam
1303 2274 1364 2336 sint
1386 2288 1459 2333 con-

120 2364 242 2442 eaptus)
264 2362 441 2442 relinquitur
455 2384 514 2428 non
536 2367 604 2446 plus
627 2385 715 2448 quam
738 2361 834 2439 4365,
859 2366 1011 2428 dimidium
1033 2385 1077 2429 so.
1101 2367 1139 2427 de
1153 2364 1357 2428 Ptolemaiou:
1382 2357 1460 2443 qnod

119 2450 272 2513 minimmn
288 2450 376 2513 abest
392 2454 430 2515 ab
454 2471 505 2529 eo,
529 2454 607 2535 quod
630 2473 667 2516 ex
690 2454 903 2534 apparentibus
926 2454 1081 2518 diametris
1104 2473 1195 2536 supra
1217 2455 1396 2515 inveneram.

210 2537 326 2620 Siquis
349 2559 387 2602 ex
409 2560 456 2603 me
478 2553 613 2623 quaerat,
636 2543 685 2624 qui
702 2544 835 2624 probem,
858 2543 937 2605 idem
960 2544 1078 2606 evenire
1093 2544 1206 2616 Lunae,
1232 2541 1309 2623 quod
1330 2537 1461 2621 planetis

119 2627 249 2703 ueteris,
272 2637 460 2711 metuatque,
490 2651 529 2693 ne
561 2633 630 2713 quid
663 2632 929 2693 indemonstratum
953 2633 1066 2714 irrepat
1087 2632 1166 2694 inter
1190 2631 1290 2693 initia:
1313 2629 1382 2709 huie
1406 2645 1460 2705 ego

119 2718 151 2781 si
179 2717 350 2797 analogiam
381 2721 508 2800 allegem
537 2722 723 2802 planetarum
757 2722 885 2782 omnium
917 2721 1069 2802 ipsiusque
1105 2722 1180 2783 adeo
1217 2718 1299 2783 Solis
1335 2718 1460 2791 (Terrae
1517 2740 1521 2753 ·

119 2802 308 2886 Cepernico)
335 2826 499 2891 causasque
531 2810 690 2890 physicas,
727 2809 833 2890 quibus
863 2811 1005 2891 planetae
1037 2810 1160 2893 ipsaque
1183 2811 1278 2872 Luna¹
1293 2808 1408 2870 cientur
1430 2805 1461 2869 in

119 2910 220 2958 vacuo
245 2893 366 2958 aethere
389 2899 479 2961 nullis
498 2899 625 2960 revincti
642 2898 771 2972 orbibus,
796 2918 918 2979 quarum
940 2899 1092 2978 ingenium
1113 2901 1169 2962 boo
1183 2907 1241 2973 est,
1265 2905 1298 2960 ut
1318 2913 1463 2958 concessa

119 2983 293 3048 variatione
314 2985 467 3049 intervalli
496 2988 591 3067 (quod
621 2988 650 3048 in
673 2988 760 3048 Luna
787 2996 869 3050 certo
900 2989 999 3067 arguit
1020 2989 1173 3051 mutabilis
1196 2986 1372 3068 apparentia
1394 2985 1461 3046 dia-

119 3073 228 3147 metri)
251 3075 420 3137 necessario
443 3084 475 3138 et
495 3077 621 3158 physica
643 3084 741 3138 motus
762 3077 888 3140 intentio
911 3085 943 3139 et
964 3077 1101 3140 remissio
1125 3087 1283 3159 sequatur:
1315 3077 1391 3138 haee
1412 3073 1461 3135 in-

120 3179 213 3248 quam
237 3162 263 3224 si
287 3163 424 3242 allegem,
452 3165 623 3246 repudiabit
644 3166 716 3227 talis
739 3165 846 3246 aliquis
868 3172 903 3228 ut
923 3166 1050 3248 physica
1072 3186 1107 3228 ao
1124 3167 1249 3248 proinde
1265 3171 1409 3227 extranea
1424 3162 1462 3224 ab

120 3250 329 3317 ¹astronomia:
352 3253 478 3332 perinde
500 3274 537 3316 ao
560 3255 586 3316 si
609 3255 790 3316 eontrarium
812 3255 879 3316 buio
902 3255 1021 3318 axioma
1044 3257 1081 3317 de
1104 3265 1236 3318 motuum
1250 3253 1463 3336 aequabilitate

120 3356 183 3406 uon
215 3341 260 3402 sit
292 3360 385 3422 aeque
412 3343 587 3427 physicum,
620 3344 697 3425 quod
727 3353 826 3406 tamen
855 3353 999 3426 usurpant
1020 3352 1138 3407 veteres
1161 3345 1240 3407 inter
1263 3340 1462 3406 astronomiae

120 3429 279 3511 principia
327 3429 427 3500 Quare
450 3441 483 3494 ut
505 3433 587 3494 litem
606 3433 846 3512 intempestivam
870 3434 1022 3508 differam,
1060 3435 1179 3497 remitto
1206 3441 1406 3513 opponentem
1425 3430 1462 3515 'in

120 3520 294 3589 (domment
324 3520 449 3596 Martis,
481 3521 532 3583 ubi
564 3522 600 3583 de
629 3522 716 3584 Luna
743 3522 891 3601 peculiare
914 3532 1004 3605 eaput
1025 3524 1097 3585 Nro.
1121 3522 1291 3587 XXXVII.
1322 3520 1462 3583 inveniet.

120 3606 160 3697 ΙιιΙ
182 3608 359 3695 praesentia
381 3610 457 3672 satis
480 3618 538 3684 est,
562 3610 654 3683 ‚coiise
678 3611 763 3673 nobis
787 3612 843 3673 dno
867 3619 1106 3692 argumentorum
1130 3630 1241 3692 genera
1263 3611 1292 3672 in
1316 3609 1464 3672 eocentri·

120 3696 252 3801 pistari
272 3699 487 3778 propemodum
508 3701 642 3775 eandem,
666 3718 789 3781 quorum
811 3702 860 3764 vel
874 3702 1040 3765 solitarlum
1057 3702 1232 3787 alterutrum
1247 3699 1401 3780 probando
1417 3697 1465 3759 in·

120 3788 235 3875 atitnto
256 3782 376 3850 umus
703 3840 713 3855 .

214 3873 372 3952 Brahous,
409 3875 547 3955 adjutore
576 3876 748 3942 Christiano
777 3875 914 3939 Severini
943 3878 1221 3957 (Longomontano)
1252 3895 1317 3939 eum
1339 3874 1466 3949 rideret,

121 3983 241 4033 unas
263 3964 474 4046 aequationem
498 3984 534 4026 en
557 3965 678 4027 dimidio
703 3984 770 4027 esse
792 3966 943 4048 physicas,
966 3967 1053 4047 idque
1077 3966 1150 4029 mibi
1166 3966 1194 4027 in
1210 3965 1282 4028 Sole
1296 3963 1465 4038 succedere,

121 4051 300 4127 &munit
321 4052 412 4127 etiam
440 4054 470 4114 in
494 4055 610 4117 Lunam
632 4055 729 4117 simile
752 4055 831 4136 quid,
854 4073 936 4116 more
959 4063 1060 4117 tamen
1081 4073 1154 4131 suo,
1185 4063 1220 4117 ut
1241 4055 1291 4135 qui
1312 4071 1377 4115 cum
1403 4049 1466 4116 co-

125 4130 149 4157 ''
186 4142 212 4158 '⁰
264 4139 510 4222 inaequalitatem
527 4152 771 4224 motusperosue,
784 4144 1166 4224 ,aequantesPtolemaicos
1189 4163 1242 4206 seu
1258 4163 1343 4204 meas
1358 4161 1467 4204 causas

121 4156 275 4317 &aa
292 4239 429 4312 speraret
450 4232 565 4294 duobus
589 4228 880 4314 epicyoliisbxprimi
895 4240 927 4292 et
939 4233 1159 4311 repraesentari
1175 4252 1230 4296 seu
1241 4226 1352 4295 salvari
1365 4248 1465 4312 posse.

122 4322 238 4411 Igitur,
262 4320 485 4382 eocentrioitate
513 4321 712 4396 Ptolemaiou,
744 4318 831 4385 8700
853 4321 980 4383 rotundo
994 4341 1124 4396 numero,
1148 4341 1185 4387 aa
1207 4322 1275 4385 sinu
1288 4322 1316 4383 in
1335 4328 1465 4470 tangen-

125 4420 192 4475 tem
213 4428 360 4472 conversa
374 4409 481 4470 relicta
495 4411 681 4489 quantitate,
704 4430 758 4492 pro
776 4410 952 4490 aequatione
975 4406 1014 4472 5⁰
1039 4409 1067 4473 1⁴
1090 4405 1296 4479 assumat-tt
1319 4407 1373 4473 58‘
1411 4406 1466 4484 0“,

126 4507 275 4584 qnantum
298 4497 434 4577 exhibuit
456 4517 594 4562 numems
616 4496 703 4563 8700
723 4518 760 4560 ex
773 4498 878 4561 tabula
890 4507 1074 4578 tangentum.
1104 4500 1208 4581 quue
1221 4484 1467 4585 minpartes

124 4598 202 4673 tres,
226 4587 304 4669 qnod
327 4584 413 4650 8700
437 4587 465 4648 in
489 4588 660 4669 triqstquile
683 4588 874 4662 divideretur,
899 4597 930 4648 et
952 4589 1137 4653 circellorsm
1156 4589 1243 4651 alteri
1263 4576 1347 4651 'utcu
1370 4584 1465 4660 5800,

121 4677 245 4761 reliquo
269 4672 366 4751 2000,
391 4676 489 4739 effecit
511 4670 699 4753 usturam
722 4695 856 4758 apogaeo
879 4677 927 4739 vel
948 4676 1088 4757 perigaeo
1104 4686 1244 4741 vermnte
1259 4677 1466 4740 eocentrieitas

132 4775 219 4831 emet
241 4785 301 4845 non
322 4765 420 4845 major
442 4782 528 4846 quam
544 4758 655 4841 ’2,900;
680 4767 758 4845 quod
781 4767 872 4829 etiam
894 4765 924 4826 in
937 4765 1395 4846 parallaxibustraetaudis-sibi
1410 4783 1465 4845 op-

130 4865 291 4942 portunum
327 4872 394 4917 esse
426 4856 576 4920 credebat.
628 4854 709 4930 Vide
737 4854 774 4919 de
804 4855 860 4924 boo
889 4863 921 4917 et
947 4863 1065 4941 partem
1086 4855 1214 4941 primam
1236 4854 1404 4926 comment
1418 4854 1465 4919 de
