3278 5550
274 1293 326 1367 m
353 1293 723 1371 commoriare
750 1293 819 1370 nu
846 1295 1084 1403 horreris,
1099 1297 1288 1375 MARTls

591 1490 736 1557 NOTAE
757 1489 965 1556 EDITORIS.
1322 1424 1326 1431 ι

713 1738 841 1748 ιρ-ι-ι-αι

194 1930 223 1993 1)
242 1949 268 1996 p.
287 1929 329 1981 30.
366 1931 474 1984 Tabulas
490 1933 536 1984 has
555 1934 641 1985 eodem
660 1930 722 1984 forte
744 1940 854 1998 tempore
885 1935 947 1986 sdiit
963 1935 1099 2001 Keplerns,
1127 1953 1175 2003 qno
1200 1939 1313 2003 adjunxit
1330 1938 1454 2004 Tyehonis

119 2003 353 2070 bcpymnasmatum
372 2005 438 2054 edito
456 2005 571 2056 volumini
594 2010 671 2070 primo
690 2003 784 2067 (160²)
802 2007 879 2065 folia,
905 2020 969 2071 qnae
988 2010 1116 2060 continent
1134 2011 1238 2069 ,Lunae
1256 2017 1337 2061 motus
1354 2014 1454 2062 restitn-

119 2075 213 2126 lsuem“
235 2077 371 2139 inspersam
390 2077 456 2126 inter
473 2079 578 2143 paginas
595 2079 660 2129 illins
673 2079 752 2140 operis
773 2075 822 2126 ¹¹2
842 2085 868 2127 et
887 2075 954 2144 tlt,
965 2080 1066 2144 signata
1083 2083 1190 2131 numeris
1207 2079 1338 2132 01-030.
1366 2082 1455 2134 insunt

119 2146 164 2198 Ιιι
182 2147 285 2197 tabulae
303 2149 524 2211 manuscriptorum
535 2148 659 2213 Petropol.
676 2148 777 2199 v01.11.
797 2150 947 2214 inscriptae:
967 2149 1220 2203 Traneformatio
1237 2152 1454 2217 hypotheseos

119 2224 141 2269 ιι
159 2219 345 2268 tabularum
372 2219 550 2270 Lunarinm
575 2221 732 2284 Tyohonis
754 2220 874 2278 Brahe,
893 2221 967 2286 plane
985 2220 1018 2271 ad
1036 2229 1121 2287 typum
1139 2224 1301 2283 informatae,
1319 2227 1456 2289 praemisse

119 2286 263 2341 werdone
283 2289 315 2338 ad
332 2289 488 2340 Hervannm
507 2291 530 2340 d.
550 2291 574 2340 d.
593 2291 623 2349 Χ,
644 2291 697 2341 Cal.
716 2291 799 2354 Maias
820 2289 897 2341 1003.
933 2291 1065 2358 legentur·
1085 2309 1131 2353 ea,
1156 2309 1220 2360 quae
1245 2291 1408 2360 imprimenda
1425 2312 1456 2348 ex

119 2356 155 2411 isc
171 2364 263 2425 scripto
281 2362 335 2410 risa
352 2367 418 2419 sunt,
439 2363 484 2411 suh
501 2362 576 2412 finem
595 2364 666 2426 hujus
684 2362 819 2413 voluminis.

194 2429 223 2493 2)
242 2448 267 2496 p.
287 2428 329 2479 32.
367 2433 603 2499 Longomontaune,
623 2433 732 2498 'lychoni
759 2449 834 2498 supra
859 2435 957 2485 modum
985 2434 1116 2495 addictus,
1135 2437 1345 2504 Tenpnageliiqne
1368 2445 1455 2492 contra

119 2503 190 2555 nudis
207 2503 311 2567 Kepleri
338 2501 451 2554 defensor
468 2520 518 2555 uon
544 2507 648 2571 integer,
667 2505 803 2570 Keplerum
821 2508 941 2557 acerrime
968 2507 1111 2573 aggreditur
1132 2510 1158 2559 in
1182 2509 1259 2559 literis
1282 2524 1367 2560 mense
1384 2509 1453 2574 Malo

119 2571 177 2625 teet
201 2576 285 2632 datis,
310 2577 358 2624 etsi
380 2576 506 2625 exordium
529 2576 618 2627 harum
646 2577 772 2628 literarum
796 2577 859 2628 talia
884 2593 933 2627 non
956 2578 1089 2644 siguificat
1134 2578 1176 2631 Sic
1204 2581 1269 2631 enim
1296 2579 1451 2647 Lonpomon·

119 2636 198 2697 inu:
218 2646 368 2696 Doctissime
385 2645 422 2696 ll.
440 2647 464 2697 l.
482 2648 600 2712 Keplere,
619 2651 698 2699 amioe
717 2649 793 2698 reteri
810 2649 991 2700 necessitudine
1014 2652 1168 2712 coniunctus.
1204 2653 1292 2702 Annus
1316 2654 1368 2716 lam
1391 2653 1455 2705 alter

119 2718 206 2783 spur,
236 2733 267 2767 ex
284 2732 331 2781 qno
357 2718 521 2768 nobilissimus
539 2720 578 2770 Fr.
598 2719 778 2784 Tengnaglius,
801 2726 922 2786 generet
944 2735 1070 2773 successor
1096 2723 1293 2787 incomparabilia
1320 2726 1454 2775 astronomi

120 2784 148 2838 u.
163 2788 285 2852 'l'ychouis
307 2787 398 2849 Brahe,
416 2789 559 2855 wiburgum
585 2791 617 2841 ad
640 2806 679 2841 me
706 2791 814 2841 scribens
840 2793 905 2841 iuter
923 2791 973 2842 alia
999 2799 1069 2842 tuam
1090 2799 1118 2843 nt
1144 2793 1204 2843 mihi
1229 2792 1324 2845 ridetur
1350 2796 1452 2846 nimiam

122 2856 255 2910 iudustriam
273 2859 340 2909 circa
356 2861 530 2912 refutationem
555 2864 661 2913 recentis
679 2862 856 2925 Tychonianae
873 2864 899 2911 in
917 2863 1015 2913 Lunam
1032 2863 1172 2928 hypothesin
1197 2861 1284 2926 (veluti
1301 2867 1352 2915 suis
1377 2867 1452 2918 oculis

122 2930 221 2993 muse)
237 2930 298 2980 mihi
316 2931 407 2981 retulit.
438 2932 491 2998 Ego
510 2948 565 2984 rero
586 2935 638 2997 elus
656 2934 733 2984 literis
750 2949 908 2997 responsurus
926 2949 973 2985 uec
990 2936 1017 2984 iu
1034 2948 1120 2986 manes
1139 2935 1248 2987 defuncti
1264 2936 1388 3001 'lychouis
1405 2952 1453 2989 nec

123 3003 185 3051 stiam
202 3003 316 3066 propriae
334 3003 501 3054 conscientiae
518 3005 684 3056 innocentiam
703 3013 755 3054 tam
773 3020 813 3056 me
832 3005 955 3055 cmdelem
974 3019 1028 3056 esse
1047 3008 1184 3057 existimari
1207 3014 1331 3072 oportere,
1350 3009 1408 3075 quin
1425 3016 1452 3060 tc

123 3072 147 3121 sb
160 3073 207 3124 hac
224 3075 348 3138 superflua
366 3077 515 3136 curiositate,
538 3088 603 3141 qnae
621 3078 647 3125 in
665 3076 796 3141 prioribus,
819 3077 917 3127 biennio
940 3085 999 3128 ante
1019 3091 1033 3126 e
1052 3076 1135 3140 styria
1152 3078 1259 3144 Pragam
1280 3080 1340 3131 mihi
1362 3081 1451 3138 missis,

122 3154 226 3207 qpsrere
245 3146 340 3208 coepit,
359 3146 392 3194 ad
410 3154 455 3196 tua
471 3148 546 3210 ipsius
564 3150 666 3211 incepta
681 3147 833 3211 perficienda
850 3149 948 3198 rerhnlo
966 3161 1114 3199 revocarem.
1151 3150 1184 3199 Ει
1201 3158 1282 3207 certe,
1300 3152 1373 3202 modo
1391 3166 1450 3203 con·

121 3212 168 3265 dno
182 3230 240 3267 mes
258 3217 364 3274 tulisset,
383 3219 420 3266 ita
438 3233 468 3267 ex
485 3218 551 3268 illius
569 3226 595 3268 et
611 3233 670 3268 mea
687 3219 757 3269 simul
776 3220 889 3282 opinione
911 3221 1012 3270 meritus
1030 3220 1126 3281 fuisses,
1141 3228 1170 3270 ιιι
1186 3220 1296 3287 Pragam
1312 3237 1352 3273 me
1371 3223 1451 3275 deum

121 3287 238 3338 conferens
255 3288 340 3351 pelam
358 3289 388 3338 de
405 3288 454 3340 hec
472 3291 563 3353 injuria
580 3297 662 3340 tecum
681 3290 871 3354 expostularem,
897 3292 923 3340 in
941 3304 1015 3357 quam
1032 3292 1205 3356 inexspectata
1221 3294 1452 3361 inconsiderateqne

120 3369 183 3421 spera
199 3365 246 3409 tua
261 3360 370 3409 lahorem
388 3362 480 3423 pariter
498 3367 525 3411 et
542 3362 677 3412 amicitiam
695 3368 805 3411 nostram
823 3362 964 3415 resolveres.
1000 3363 1040 3412 De
1058 3370 1083 3412 te
1101 3371 1239 3412 autem...
1259 3360 1292 3425 (v.
1312 3380 1332 3415 s.
1351 3382 1376 3431 p.
1394 3363 1450 3428 33).

120 3424 173 3479 linio
191 3430 305 3496 equidem
323 3445 372 3479 non
390 3433 565 3487 retorsionem,
583 3432 627 3483 sed
644 3432 781 3482 modestam
800 3446 863 3497 qnae
881 3448 920 3483 me
944 3432 1041 3484 decebit
1065 3435 1248 3498 responsionem
1266 3450 1369 3500 oppono,
1393 3437 1451 3487 dnm

119 3492 151 3549 Βι
164 3499 292 3552 Rostochii
311 3502 443 3551 amicorum
463 3517 541 3553 causa
559 3517 647 3553 maneo
666 3510 692 3552 et
708 3503 819 3568 epistolio
837 3510 879 3553 tuo
899 3504 1031 3565 destituor,
1051 3505 1115 3570 qnod
1131 3504 1180 3555 hnc
1198 3506 1323 3569 traJ'iciens
1341 3507 1450 3559 Htfnise

119 3568 273 3635 hpmdenosr
290 3572 396 3638 neglexi.
421 3573 543 3638 Principio
562 3590 627 3631 vero,
646 3576 679 3623 mi
697 3574 814 3639 Keplere‚
834 3589 877 3625 cur
894 3577 938 3625 tibi
956 3582 1085 3640 tantopere
1104 3570 1263 3641 applaudes!
1283 3577 1355 3639 Quod
1371 3578 1448 3645 hypo·

120 3638 190 3692 fissos
209 3643 297 3694 Lunae
316 3645 510 3702 transformssti,
528 3646 696 3696 fundamentis
714 3646 880 3709 'Pythonianis
898 3662 931 3696 ne
948 3649 974 3697 in
991 3647 1098 3697 minimis
1122 3649 1219 3712 quidem
1243 3644 1449 3702 canumet...

120 3708 238 3772 Qsmam
256 3716 394 3766 emendasti
413 3717 446 3767 ad
465 3717 559 3767 dunas
576 3723 634 3766 tuas
658 3719 824 3781 proportiones
848 3718 959 3777 scilicet;
983 3732 1147 3784 rerumquae
1170 3719 1265 3770 calculo
1287 3723 1449 3773 neronomioo

120 3792 154 3847 μ
168 3791 193 3835 te
211 3788 344 3850 promtiore
362 3788 499 3844 existimas.
519 3802 551 3838 ea
569 3794 635 3839 certe
653 3790 693 3838 rix
714 3789 790 3838 menti
813 3789 899 3839 incluti
917 3789 949 3839 D.
969 3789 1092 3853 'l'ychonis
1109 3790 1355 3854 respondebunt...
1390 3791 1448 3852 Dic,

121 3866 213 3917 meso.
236 3858 295 3922 quid
313 3864 338 3908 te
356 3859 496 3909 tabularum
521 3861 628 3909 omnium
651 3859 906 3923 prosthaphaeresium
924 3868 977 3910 tam
998 3860 1145 3912 foecundam
1168 3860 1287 3912 fabricam
1305 3862 1403 3923 docuit,
1420 3870 1450 3915 ut

120 3925 171 3977 Ues
188 3929 290 3980 tabulae
309 3931 396 3980 ceteris
414 3930 524 3981 similiter
546 3931 653 3994 planetis
671 3938 755 3981 essent
777 3945 917 3982 communes
936 3946 966 3982 ac
984 3932 1147 3991 sufficientes,
1169 3932 1302 3984 latentibus
1325 3934 1406 3986 adhuc
1421 3943 1448 3987 te

121 4000 170 4048 ιώ
186 3999 274 4050 horum
286 3999 483 4064 phoenomenis?
501 4002 599 4067 Ignaris
610 4008 639 4051 tu
650 4003 724 4069 igitur
741 4001 901 4066 persuadeor
913 4002 1105 4070 intelligentibus
1123 4002 1207 4054 dmiue
1219 4005 1323 4068 amplius
1341 4007 1448 4059 memes

122 4076 217 4121 terrare.
255 4069 306 4121 Sed
323 4071 424 4123 ulterius
443 4073 475 4123 ad
494 4079 564 4123 tuum
581 4073 680 4138 Augias
698 4073 821 4125 stabulum
841 4087 1019 4139 pergamus-
1029 4074 1094 4124 Dein
1112 4076 1239 4126 recensitis
1257 4077 1295 4134 iis,
1314 4091 1378 4141 quse
1395 4079 1449 4143 lpse

123 4135 235 4193 thnse
247 4141 345 4193 theoria
356 4144 494 4207 perfecerit,
508 4144 593 4194 addit:
612 4145 676 4196 haee
688 4151 716 4194 tu
727 4146 761 4194 mi
772 4144 880 4207 Keplere
899 4151 1029 4211 ceteraque
1039 4146 1102 4195 forte
1119 4148 1208 4206 omnis,
1226 4161 1291 4211 quae
1302 4162 1319 4198 a
1330 4147 1448 4213 hebone

122 4206 209 4263 breme
227 4227 260 4264 ao
277 4214 406 4265 elaborata
423 4223 495 4272 sunt,
521 4216 671 4280 sterquilinio
689 4217 714 4265 ln
732 4216 829 4281 Augias
851 4216 948 4266 stabulo
966 4217 1024 4267 olim
1045 4217 1141 4280 sepulto
1168 4231 1274 4282 aequare
1291 4233 1341 4270 uon
1357 4222 1447 4272 vereris

121 4284 241 4358 leplerus
258 4295 283 4344 in
299 4296 430 4360 margine:
453 4288 525 4342 haee
551 4305 602 4358 per
628 4288 870 4343 luculentissimam
896 4288 1024 4359 injuriam
1042 4289 1108 4344 mihi
1134 4286 1254 4360 tribuit),
1275 4303 1393 4367 tumque
1414 4302 1447 4353 ul

120 4369 142 4412 ts
151 4365 313 4431 expurganda
329 4381 424 4416 rursum
441 4365 550 4416 laborem
563 4380 593 4416 ac
606 4381 701 4417 carrum
718 4368 866 4431 promittere,
885 4368 943 4417 site
956 4368 1087 4419 Herculem
1099 4368 1230 4418 redidsum
1248 4382 1445 4436 agnoscerem.

119 4429 183 4487 told
200 4443 270 4487 certe
288 4451 360 4487 uemo
377 4437 439 4489 facit
455 4444 529 4502 teque
550 4442 622 4487 tanto
639 4440 690 4487 rire
708 4438 828 4502 praefert,
851 4439 899 4487 uisi
917 4440 970 4502 ejus
994 4439 1104 4488 omnibus
1121 4441 1232 4506 purpstis
1253 4450 1400 4508 cognom,
1419 4450 1445 4496 te

119 4507 174 4559 wo
192 4514 221 4559 et
245 4507 392 4558 coelestibus
418 4509 567 4573 appetentiis
593 4510 783 4574 congruentiora
808 4508 970 4560 substinuisse.
1005 4509 1071 4560 Nam
1092 4509 1150 4559 hino
1176 4518 1317 4563 astronomo
1343 4516 1446 4566 slctorls

119 4580 259 4638 mdc,
286 4578 344 4630 hinc
369 4579 512 4643 trimnphus.
549 4578 579 4628 Id
596 4586 680 4630 autem
698 4595 747 4630 non
765 4586 874 4638 metuo„
889 4580 955 4646 qnod
971 4581 1005 4631 sd
1025 4580 1164 4646 preclaram
1190 4595 1319 4635 commun
1336 4588 1445 4650 omnium

119 4659 224 4702 morum
243 4656 270 4701 et
285 4650 475 4716 intelligentium
493 4652 523 4702 de
541 4649 656 4700 defuncto
675 4651 791 4715 Tyohone
808 4651 873 4703 haec
890 4652 988 4702 sordide
1005 4659 1050 4702 tna
1067 4653 1199 4703 insolentis
1220 4656 1300 4720 magis
1318 4657 1445 4708 sordesost

119 4733 250 4785 tserdids
271 4731 325 4781 fiet
364 4729 428 4793 (K.:
447 4723 627 4778 Debeoohare
648 4722 675 4778 in
696 4725 802 4779 larvam
823 4740 841 4777 a
853 4732 889 4779 >te
910 4721 1118 4791 concinnatam.)
1137 4756 1179 4766 -

191 4803 254 4856 rom
272 4802 326 4853 sdlt
343 4801 373 4851 L.
392 4803 503 4866 eclipses,
522 4800 715 4855 umldlsmstros
732 4802 900 4862 lumlnsrium,
918 4803 1102 4862 refractionem,
1120 4805 1210 4872 nilque
1226 4796 1361 4871 K'eplsrum
1377 4807 1444 4869 retu·
