3278 5550
414 303 896 393 commus-reimponere
913 304 1011 358 uun.
1342 298 1385 370 35

28 494 83 548 cst.
132 484 253 549 Mensis
276 483 364 547 nobis
387 503 423 546 eo
446 487 579 548 curando
601 487 670 549 dura
698 491 888 566 aegrotaret,
919 493 950 546 et
973 484 1147 565 sepeliendo
1170 489 1288 546 mortuo
1310 502 1385 545 con-

33 584 159 638 sumtus.
204 574 280 637 lude
312 594 407 656 usque
438 575 478 636 ad
510 574 603 638 ferias
634 573 800 637 Natalitias
832 573 927 653 relegi
958 575 1245 655 Progymnasmata,
1278 571 1387 653 scripsi

33 664 170 738 inlicem,
192 663 319 744 concepi
341 671 441 739 uotae,
464 683 589 745 quarum
612 665 731 746 aliquae
754 665 879 737 (utrem
894 663 1132 742 indignissimam
1148 661 1245 724 obiter
1260 661 1384 735 addam)

36 753 240 817 tntummodo
261 752 401 834 privatae
423 754 598 815 monitionis
621 773 715 816 causa
738 753 887 834 scriptae,
919 752 1109 834 postmodum
1130 770 1186 832 per
1215 749 1386 815 simultates

39 852 167 916 metrae,
196 860 247 905 me
270 861 330 905 nou
354 843 483 925 amplius
505 843 653 918 consulto,
678 844 799 905 luerunt
822 842 866 904 ita
888 841 1003 903 mditer
1026 849 1058 903 et
1079 839 1220 915 eruditor,
1243 846 1279 901 ut
1300 844 1387 903 crant

42 951 121 1000 ame
143 939 324 1015 conceptae,
347 930 425 995 citra
448 950 564 999 omnem
586 932 800 996 necessitatem
822 931 997 1012 impressae,
1021 929 1158 1005 consilio,
1181 936 1215 990 ut
1232 928 1327 1009 ajunt,
1349 947 1388 992 ue

40 1021 172 1084 iuberem
197 1039 267 1102 ego,
285 1040 348 1102 quo
371 1021 579 1084 calumniarer.
616 1022 676 1086 Ubi
699 1022 791 1084 etiam
807 1027 1000 1103 praeceptum
1018 1019 1049 1081 in
1067 1017 1269 1100 computanda
1281 1019 1386 1080 Lunae

40 1109 219 1190 longitudine
241 1128 281 1172 ex
303 1129 373 1172 mea
393 1129 488 1191 prava
510 1112 696 1175 correctione
729 1111 780 1183 (de
813 1130 872 1192 qua
902 1129 985 1172 oram
1017 1108 1144 1172 seorsim
1166 1107 1386 1170 deliberaturus

40 1210 113 1263 satra
145 1199 328 1264 seminarum
360 1199 533 1280 strepitum:
572 1201 619 1263 cui
656 1201 701 1263 rei
737 1208 840 1264 notam
876 1199 916 1263 ad
947 1198 1113 1278 marginem
1144 1214 1320 1278 posueram,
1351 1202 1388 1258 ut

40 1289 157 1371 euplius
179 1307 333 1369 supereo
356 1290 524 1351 conferrem
546 1309 612 1352 curu
635 1290 831 1364 haeredibus)
858 1307 906 1352 me
935 1308 996 1352 non
1018 1288 1147 1368 amplius
1170 1286 1307 1348 consulto
1330 1285 1388 1347 lhit

39 1397 220 1459 perversum:
244 1384 280 1439 ut
300 1377 391 1458 plane
413 1378 529 1440 babeas
551 1387 585 1441 tu
607 1380 656 1441 vel
679 1379 828 1441 Miillerus
849 1378 966 1460 potius,
998 1377 1078 1459 quod
1109 1374 1183 1438 mihi
1214 1393 1268 1437 seu
1289 1373 1387 1455 magis

39 1466 238 1530 saltatubus
254 1468 376 1549 ¹uostris
400 1468 616 1532 succenseatis.

110 1554 177 1620 Sed
201 1556 435 1636 regrediendum
457 1556 496 1618 ad
518 1558 605 1620 initia
626 1557 697 1620 anui
722 1552 823 1631 16023
856 1554 897 1618 ibi
929 1563 963 1618 tu
985 1553 1048 1617 noli
1070 1553 1218 1616 rationem
1239 1552 1384 1633 temporis

37 1645 154 1727 uigere.
207 1644 309 1709 Crede
331 1647 419 1720 mihi,
452 1648 531 1728 quod
563 1646 639 1709 duos
671 1645 807 1726 integros
838 1663 958 1707 menses
981 1643 1091 1706 stando
1115 1640 1330 1705 consumserim
1353 1641 1384 1705 iu
1504 1646 1513 1662 “

37 1734 156 1818 quecui
180 1734 313 1816 palatio.
358 1736 438 1798 Nam
460 1744 578 1798 mortuo
601 1735 743 1819 Tychoue
766 1731 818 1797 24.
844 1734 912 1797 Oct.
938 1737 1042 1805 (¹⁸⁰¹)
1065 1731 1227 1795 Barwiiius
1244 1725 1296 1793 26·
1315 1730 1383 1794 Oct

36 1824 93 1887 nihi
114 1823 204 1886 ultro
229 1823 376 1885 salarium
401 1824 584 1888 Caesareum
607 1824 814 1900 annunciavit;
847 1824 878 1885 id
910 1831 943 1886 ut
974 1823 1200 1884 confirmaretur
1225 1820 1387 1901 petendum

36 1922 97 1987 nat,
118 1913 224 1975 donec
247 1913 373 1974 taudem
387 1910 417 1978 9.
432 1915 538 1977 Martii
560 1915 688 1996 primam
712 1913 814 1993 accepi
838 1913 1005 1994 pecuniam.
1049 1909 1145 1973 Paulo
1167 1915 1239 1992 post
1260 1908 1388 2009 migravi

37 2003 220 2076 ineuntem,
246 2002 340 2063 horae
363 2003 451 2065 unius
474 2003 582 2067 itinere
607 2003 757 2067 cursitans
781 2002 914 2083 quotidie
937 2003 969 2064 iu
992 2001 1101 2062 aulam.
1147 1997 1194 2062 lbi
1217 2007 1279 2060 tum
1303 1996 1388 2079 coepi
1417 2053 1428 2071 ,

36 2092 185 2154 observare
213 2098 248 2153 et
273 2091 313 2153 ad
335 2093 467 2154 Martem
490 2094 605 2166 redire,
637 2092 811 2173 iuvenique,
843 2092 924 2154 viam
956 2090 1021 2171 ejus
1050 2108 1117 2151 esse
1141 2105 1200 2151 uon
1223 2087 1389 2168 perlectum

35 2182 246 2255 cccmtricum,
282 2180 337 2242 sed
368 2181 494 2244 evalem.
541 2181 725 2264 Supervenit
746 2189 847 2244 autem
870 2179 1076 2260 Tenguaglius
1108 2182 1141 2239 et
1171 2176 1286 2239 invenit
1316 2176 1387 2238 lites

34 2288 69 2332 ue
87 2272 168 2334 iuter
192 2277 230 2332 et
245 2269 460 2351 Tychouiauos
484 2272 559 2353 (qua
576 2272 608 2333 iu
622 2290 655 2334 re
669 2271 878 2333 curiositatem
893 2270 948 2332 tibi
964 2288 1063 2331 meam
1077 2266 1329 2340 libertatatem,
1353 2271 1389 2326 ut

35 2360 91 2423 obn
103 2378 232 2442 quoque
250 2358 285 2420 in
299 2358 424 2433 literis),
447 2368 480 2422 et
492 2379 539 2422 me
555 2361 740 2443 quarundam
756 2360 1000 2422 observationum
1014 2376 1073 2420 uon
1088 2363 1206 2419 oratum
1224 2355 1390 2429 custodem,

34 2469 95 2530 quas
112 2449 174 2532 ipsi
204 2446 335 2530 quidem
366 2448 444 2511 citra
474 2450 569 2512 ullam
600 2450 837 2512 controversiam
865 2449 993 2523 tradidi3
1026 2446 1097 2509 sed'
1113 2446 1262 2507 adventus
1293 2443 1391 2525 ipsius

135 2538 299 2601 salarium
331 2557 484 2619 quassare¹
505 2539 675 2602 videbatur.
722 2540 827 2620 Itaque
857 2557 953 2600 nuvae
987 2544 1070 2598 ortae
1104 2532 1336 2597 sollicitationes
1359 2540 1391 2594 et

45 2626 147 2708 dadum
166 2646 225 2690 res
254 2644 293 2688 eo
316 2626 415 2700 rediit,
439 2635 474 2690 ut
491 2628 615 2708 juberer
629 2628 782 2690 nominare
798 2628 899 2690 studia
914 2647 966 2688 seu
982 2644 1084 2707 opera,
1108 2641 1185 2705 quae
1206 2621 1389 2703 susciperem

46 2716 205 2795 menum
230 2733 293 2796 pro
317 2714 429 2778 salario
452 2736 528 2780 meo.
574 2720 701 2783 Factum
723 2718 755 2779 id
779 2724 827 2780 est
852 2711 946 2780 1602.
964 2709 1178 2796 Septembri')
1210 2711 1389 2793 Nuucupavi

44 2806 243 2869 smoniae
276 2813 394 2885 partem
418 2806 559 2888 Opticam
591 2808 630 2869 ad
664 2807 821 2888 sequentia
843 2805 1006 2878 Natalitia,
1040 2811 1072 2864 et
1095 2800 1319 2866 commentaria
1351 2801 1388 2861 de

39 2895 149 2958 umba
168 2893 296 2958 Martis
319 2894 360 2955 ad
383 2910 512 2977 sequens
526 2896 656 2959 Pascha.
703 2896 846 2976 Seposito
868 2896 960 2976 igitur
974 2896 1075 2958 Marte
1099 2891 1193 2954 sumsi
1212 2889 1332 2970 Optica,
1359 2896 1392 2951 et

37 3002 89 3046 tun
103 2985 169 3065 jam
196 2983 240 3045 de
268 2983 429 3046 excusioue
454 3003 586 3066 agerem,
609 2993 672 3047 tum
696 2986 815 3048 demum
837 2985 923 3066 coepi
945 2984 983 3046 de
1006 3002 1085 3045 novo
1101 2981 1281 3042 concinnare
1303 2997 1388 3060 opus,

33 3092 112 3156 uepue
132 3081 268 3137 tantum
283 3093 303 3133 a
317 3072 402 3154 Sept
420 3071 514 3138 1602.
539 3076 571 3136 in
585 3073 738 3139 Natalitia
764 3070 858 3151 1602,
883 3074 937 3136 sed
960 3074 991 3136 iu
1014 3073 1112 3134 altera
1124 3068 1274 3135 Natalitia
1292 3065 1386 3132 1603.

35 3161 67 3224 iis
84 3162 275 3226 incumbere.
315 3161 359 3224 Iis
380 3164 525 3242 perfectis
550 3171 713 3245 occupatus
739 3164 781 3225 fui
804 3183 881 3245 peue
899 3164 956 3226 hoc
979 3169 1044 3224 toto
1067 3179 1146 3222 auno
1169 3154 1262 3223 1604.
1288 3159 1388 3239 operis

33 3251 276 3334 tpegnphicis,
308 3251 410 3333 itaque
442 3260 508 3316 toto
543 3250 637 3316 1603.
670 3253 723 3314 vix
745 3272 848 3334 parum
872 3250 994 3334 respexi
1026 3252 1065 3313 ad
1087 3251 1236 3323 Martem,
1269 3246 1388 3310 condidi

33 3350 121 3404 lumen
135 3340 387 3423 Ephemeridad
397 3350 429 3404 et
442 3342 555 3404 tradidi
571 3361 637 3404 cum
648 3342 778 3423 Optiois,
795 3343 944 3423 etiamque
959 3341 1043 3402 illam
1057 3346 1192 3405 nostram
1205 3337 1387 3413 Pandoram,

33 3429 330 3495 meomatiouem
352 3429 420 3493 dico
434 3432 608 3506 Lanarium,
632 3430 773 3512 moerjeci'
783 3432 936 3494 mensibus
951 3429 1075 3504 Martio,
1098 3426 1198 3508 Aprili
1216 3433 1248 3487 et
1269 3426 1386 3488 duobus

33 3519 94 3582 uiis
113 3521 148 3583 iu
171 3519 317 3601 plenaria
338 3519 536 3584 adornatione
559 3530 592 3583 et
609 3520 811 3601 descriptione
827 3518 1001 3583 consumtis.
1037 3517 1087 3583 Ab
1102 3515 1187 3578 initio
1202 3515 1273 3577 anui
1290 3511 1383 3579 1604.

32 3608 100 3672 redii
121 3609 164 3672 ad
188 3609 326 3703 blaptem
349 3617 382 3672 et
403 3610 629 3674 Commentario
652 3609 777 3691 scripsi;
810 3610 898 3672 simul
929 3607 1050 3672 tabulas
1073 3605 1402 3695 prosthaphaereseon

33 3697 108 3760 erbis
139 3698 238 3760 annui
269 3698 428 3778 generales
460 3707 493 3762 et
523 3700 686 3780 cuicunque
725 3697 910 3763 restitutioni
942 3707 968 3769 <5
1000 3704 1105 3778 aptas,
1144 3695 1233 3758 simul
1264 3693 1385 3755 tabulas

32 3786 210 3869 presthaph.
235 3805 275 3849 ex
295 3786 459 3873 hypothesi
479 3789 617 3871 physica,
640 3789 700 3864 uhi,
724 3790 832 3851 credas
854 3787 938 3866 mihi,
962 3786 1142 3869 quadragies
1162 3783 1314 3846 minimum
1328 3798 1385 3844 usu

32 3877 118 3951 mit,
142 3885 181 3939 ut
203 3894 268 3956 per,
284 3873 345 3939 181
369 3879 453 3939 vices
477 3879 582 3941 eadem
615 3878 751 3960 operatio
782 3879 999 3941 traduceretur.
1045 3876 1123 3939 Nam
1153 3872 1198 3935 rei
1230 3869 1384 3934 subtilitas
1447 3951 1452 3960 Ι

32 3984 86 4028 uou
106 3973 161 4029 cst
183 3984 289 4047 mssa,
311 3984 366 4046 per
388 3967 482 4029 denos
505 3976 559 4030 aut
580 3987 671 4031 senos
694 3969 805 4048 gradus
828 3968 951 4030 saltare.
990 3965 1086 4029 Simul
1101 3971 1201 4026 autem
1215 3968 1248 4023 et
1261 3978 1384 4042 operam

32 4053 132 4119 liberis
154 4054 242 4130 dedi,
264 4055 411 4138 genuique
434 4056 558 4120 filiolum
571 4057 774 4133 Fn'dericum;
798 4057 886 4119 simul
905 4064 937 4119 et
956 4054 1093 4119 bimestri
1115 4061 1249 4133 tempore
1272 4067 1384 4130 aegro-

32 4145 91 4207 tari
115 4152 150 4207 et
172 4163 236 4207 uua
266 4163 358 4222 uxor3
392 4145 480 4209 simul
511 4166 591 4209 nove
622 4148 713 4210 stella
745 4155 851 4209 exorta
883 4145 1095 4227 occupationes
1126 4141 1262 4223 peperit3
1294 4139 1385 4203 simul

31 4234 159 4316 mgravi
174 4233 205 4295 iu
215 4232 306 4297 nimis
318 4235 499 4317 longinquas
513 4238 616 4313 aedes,
631 4245 663 4299 et
675 4236 758 4298 mille
774 4236 836 4298 alia
850 4236 972 4316 negotia
985 4232 1151 4296 domestica
1165 4239 1197 4293 et
1210 4230 1241 4292 in
1250 4228 1386 4321 Styriam

32 4324 215 4405 sciptiones
236 4322 293 4386 tibi
314 4332 470 4407 comperte
490 4346 550 4389 uon
569 4334 648 4402 suut,
672 4326 771 4388 aulica
785 4345 823 4387 ex
838 4324 1025 4406 Tenguaglio
1040 4322 1141 4384 discas
1153 4328 1234 4404 peto.
1272 4319 1383 4394 Credo,

32 4413 109 4495 quod
131 4411 294 4476 dimidium
313 4414 459 4496 temporis
482 4415 620 4496 eripiant.
665 4417 735 4479 Jam
758 4415 830 4498 quid
853 4415 894 4477 sit
916 4415 1053 4475 ellectum
1075 4411 1153 4473 vide.
1200 4410 1297 4474 Ovale
1324 4409 1383 4471 iter

33 4511 132 4585 dper
155 4521 265 4566 auram
286 4504 459 4568 aetheream
481 4512 530 4568 est
551 4511 704 4567 constans.
752 4503 854 4568 Causa
877 4502 1032 4566 ovalitatis
1051 4501 1172 4564 titubat.
1217 4499 1284 4579 Ego
1306 4499 1383 4562 beo

33 4599 118 4655 tenus
141 4611 271 4655 cauam
292 4594 381 4658 attuli
403 4595 513 4671 talem,
545 4612 584 4655 ex
615 4613 674 4675 qua
706 4593 855 4676 sequitur,
887 4594 1055 4673 ingressum
1079 4599 1146 4663 <la
1174 4589 1286 4652 circulo
1313 4607 1382 4650 esse

37 4677 118 4746 1³⁰0
131 4683 173 4745 de
191 4679 332 4759 152500,
346 4702 434 4766 quem
448 4681 502 4746 ubi
514 4683 600 4765 coepi
613 4682 777 4768 illustrare,
796 4704 855 4746 non
870 4681 989 4745 invenio
1005 4681 1148 4761 majorem
1163 4675 1228 4744 800
1243 4679 1291 4740 vel
1306 4673 1380 4743 900.

37 4768 259 4855 Comprehendi
281 4779 383 4837 tanmn
406 4771 445 4837 51
473 4770 622 4854 capitibus
645 4773 745 4835 omnia
768 4792 843 4855 quae
866 4773 1024 4854 explorata
1046 4771 1152 4833 habeo.
1199 4767 1234 4833 Si
1260 4766 1381 4841 moriar,

39 4862 97 4925 scio
118 4863 200 4927 haec
222 4863 324 4927 omnia
344 4861 509 4931 utilissima
530 4861 772 4929 massulanos
789 4879 997 4946 progressuro.
1035 4859 1158 4927 Summa
1180 4859 1272 4923 haec:
1295 4858 1383 4926 Mars

1132 4960 1172 5018 3·
