3278 5550
147 278 210 351 132
523 308 526 315 ¹
562 275 664 332 litterae
682 278 786 345 Kepleri
806 279 956 347 aliorumque
973 286 1076 333 mutuae

141 465 257 529 tionem
289 466 397 543 captus
429 457 577 522 facilitate
611 457 702 537 longo
736 458 897 522 intervallo
928 467 1000 540 post
1032 479 1066 522 ee
1098 459 1269 542 relinquere
1300 459 1496 526 Ptolemaicos

141 560 306 634 aequantes
335 559 368 611 et
390 568 443 611 eos
475 556 576 610 tamen
600 549 731 610 nondum
764 543 949 611 sufficientes
980 549 1151 611 observatis
1181 549 1405 630 exprimendis,
1439 572 1496 617 cum

140 653 194 706 tua
218 639 422 723 aequipolleat
443 656 528 699 meae
551 637 696 717 physicae
711 638 846 718 adeoque
872 638 1042 700 observatis
1059 639 1251 701 coelestibus.
1292 638 1327 703 Si
1352 640 1429 703 haec
1449 660 1496 723 ego

143 734 288 805 odoratus
303 729 428 789 fuissem
447 734 518 789 ante
533 722 553 790 9
568 744 698 800 menses,
724 727 861 789 lubenter
884 727 1075 806 scripsissem
1090 728 1126 789 de
1151 727 1199 790 iis.
1231 729 1277 791 At
1294 748 1375 791 nunc
1386 750 1496 796 accusa

59 804 63 811 ’
142 831 195 884 tua
225 819 381 883 schemata
410 834 537 877 erronea
565 814 602 874 de
630 834 698 876 meo
728 815 867 877 silentio:
902 836 940 877 ex
971 816 1046 896 ipsis
1078 817 1157 879 enim
1187 816 1264 879 visis
1291 826 1324 880 et
1354 819 1393 880 de
1420 828 1494 887 textu

139 906 358 991 judicavi,¹qui
383 903 613 967 intricatissima
635 923 724 965 rnauu
748 903 945 985 perscribitur
968 913 1049 966 ate.

236 995 323 1057 Vale.
375 992 423 1055 t0.
448 995 527 1057 Nov.
556 988 649 1055 1608.

232 1084 344 1136 Ultimae
362 1082 411 1132 hae
429 1089 488 1132 sunt
505 1088 534 1130 ut
552 1081 656 1130 diximum
680 1080 768 1131 literae
780 1076 888 1145 'Keplerl
908 1081 941 1131 ad
959 1081 1107 1132 Fabricium.
1145 1081 1218 1145 Quae
1244 1090 1383 1150 sequuntur
1408 1099 1492 1152 pareas

143 1157 250 1213 Fabricii
269 1155 302 1205 ad
321 1154 458 1219 Keplemm
476 1153 541 1203 heeo
559 1150 676 1202 exhibent
693 1151 741 1202 hoc
759 1152 813 1203 loeo
832 1153 951 1203 notanda.
1380 1220 1383 1225 Ι

229 1228 278 1278 Die
291 1223 361 1283 titt.
377 1224 434 1274 Oet.
450 1221 527 1273 1008.
541 1224 639 1287 scripsit
648 1224 784 1283 Fabricius¹
799 1225 941 1287 praemissis
951 1226 1075 1275 consuetis
1088 1224 1193 1289 querelis
1203 1223 1234 1274 ob
1243 1224 1349 1291 Kepleri
1363 1227 1490 1281 diuturnam

140 1302 283 1354 silentium:
302 1313 353 1347 non
366 1303 425 1361 puto
439 1303 465 1345 te
482 1295 548 1345 male
565 1293 706 1344 habiturum
725 1295 877 1357 objectiones
889 1309 967 1344 meaa.
996 1295 1080 1345 Meam
1097 1295 1245 1362 hypothesin
1263 1312 1313 1347 non
1333 1300 1491 1351 commended

142 1382 241 1440 propter
259 1366 434 1420 certitudinem
460 1369 593 1429 malorem.
621 1365 665 1415 sed
683 1366 748 1429 qued
766 1366 895 1417 intellectu
920 1374 987 1416 esset
1013 1368 1116 1417 facilior.
1153 1368 1313 1418 Facilitatem
1332 1376 1444 1435 optatam
1459 1384 1492 1437 ps

141 1444 294 1510 suppositam
313 1439 409 1504 ellipsin
429 1438 483 1487 dari
502 1453 550 1486 uon
569 1451 641 1500 posse
659 1438 748 1493 video;
768 1444 796 1487 at
813 1439 876 1488 torte
895 1440 921 1488 in
934 1438 1122 1490 Commentariis
1143 1453 1175 1489 ea
1192 1439 1293 1489 solidius
1312 1449 1342 1493 et
1357 1442 1491 1504 luerim

141 1512 324 1567 demonstrasti.
338 1510 407 1561 uoti
419 1511 494 1575 igitur
513 1509 617 1571 amplius
631 1509 749 1559 cunctari.
777 1508 855 1558 Jubes
867 1524 906 1559 me
920 1511 1027 1572 abjicere
1045 1512 1191 1575 phantasias
1205 1523 1276 1560 meas
1290 1511 1321 1561 de
1334 1520 1404 1563 motu
1416 1513 1490 1565 Mar&

143 1595 169 1639 et
188 1584 312 1637 calculare
328 1582 411 1649 potius
431 1578 605 1647 Ephemerides
625 1579 657 1628 ad
671 1593 825 1629 communem
844 1581 986 1631 utilitatem.
1013 1584 1045 1631 Αι
1059 1592 1086 1631 tn
1102 1582 1171 1632 rides
1190 1588 1216 1631 et
1233 1583 1290 1643 scis,
1309 1597 1387 1649 quam
1405 1585 1490 1637 difficile

142 1660 176 1709 sit
193 1658 247 1707 sine
275 1653 425 1719 compendiis
444 1650 474 1702 rix
500 1650 675 1715 hypothesibus
703 1650 837 1700 calculare.
875 1650 1027 1705 solutionem
1048 1642 1230 1718 triangularem
1258 1654 1344 1720 angnh
1373 1656 1491 1721 pararini

116 1772 119 1777 ,
143 1731 207 1781 orbis
225 1734 253 1779 et
270 1724 408 1782 latitudiuis
426 1738 523 1787 semper
540 1723 620 1771 timui.

231 1797 305 1849 Mitto
324 1795 470 1860 hypothesin
489 1793 603 1843 Martis„
624 1792 726 1842 Videbis
745 1791 929 1843 observationes
947 1794 1005 1846 huic
1024 1798 1173 1846 consentire.
1212 1794 1238 1847 Si
1261 1797 1405 1860 adiunxeris
1423 1799 1492 1851 birds

143 1881 195 1927 tuo,
213 1868 380 1937 grafissimum
399 1868 453 1916 erit.
491 1865 546 1914 Tibi
566 1864 638 1928 copia
656 1866 688 1913 sit
706 1864 743 1913 rel
763 1866 875 1914 mutandi
903 1872 998 1915 textum
1024 1869 1062 1918 rel
1087 1868 1226 1934 corrigendi
1245 1870 1283 1919 rel
1301 1870 1400 1921 meliori
1428 1873 1493 1923 iem

144 1940 298 2006 disponendi,
317 1945 389 2004 prout
406 1937 534 1993 ridebitur,
554 1935 642 1985 saltem
661 1942 690 1984 ut
701 1935 756 1998 ipsa
773 1933 915 1998 hypothesis
933 1939 1004 1988 salva
1021 1946 1133 1996 maneat,
1153 1954 1208 1990 curu
1221 1941 1282 1998 scio,
1301 1954 1388 1992 reram
1406 1950 1494 2005 ested

144 2013 214 2065 coelo
233 2011 389 2062 exactissime
407 2007 562 2071 respondere.
752 2050 755 2055 ,
782 2066 785 2071 ³
987 2025 995 2045 0
1466 2056 1469 2060 .

218 2083 294 2134 ·Earn
315 2089 344 2132 nt
365 2081 469 2131 diximus
488 2080 601 2143 quintam
620 2078 724 2127 iormam
742 2073 850 2136 (sextam
869 2080 975 2131 eandem
987 2081 1039 2131 lere
1051 2083 1117 2132 misit
1130 2097 1185 2132 cum
1197 2081 1275 2132 literis
1287 2082 1312 2135 d.
1328 2081 1420 2147 teste.
1430 2084 1495 2138 ihi

146 2152 228 2218 teca)
247 2153 411 2218 hypotheseos
430 2164 491 2200 snae
509 2152 535 2198 in
553 2149 671 2199 mundum
690 2148 852 2211 descriptam,
871 2155 942 2215 quasi
961 2153 993 2203 ad
1013 2155 1105 2216 prelum
1125 2162 1251 2218 paratam,
1276 2155 1421 2221 inscripsit:
1445 2157 1495 2223 up.

143 2227 291 2293 pothesis
309 2222 423 2275 Martis
447 2235 525 2270 nora
543 2235 560 2271 a
579 2219 610 2269 D.
631 2219 782 2269 Fabricio
799 2219 959 2281 'inventas
988 2239 1092 2289 eamque
1112 2227 1237 2276 concludit
1253 2226 1293 2279 his
1310 2229 1413 2279 verbm:
1440 2229 1496 2283 vus

61 2352 65 2357 ,
141 2296 225 2351 'laeam
242 2303 269 2347 et
286 2294 391 2346 feliciter
409 2307 439 2344 ac
457 2292 552 2342 utiliter
569 2290 696 2342 laboriosis
714 2293 802 2340 uostris
814 2294 925 2344 inventia
943 2296 1031 2346 fruere.

205 2368 209 2374 ·
231 2367 334 2420 amma
348 2365 414 2417 aare
433 2370 479 2415 aas
515 2365 539 2412 a
558 2361 609 2421 so,
628 2362 655 2412 ιι
672 2363 764 2418 usum
785 2364 827 2414 cr.
847 2365 915 2417 una
938 2368 1029 2431 spuere
1048 2368 1143 2417 moeurs
1165 2368 1268 2418 rsuram
1285 2358 1404 2436 umque
1423 2372 1496 2429 sm

514 2434 520 2449 ¹
782 2437 871 2501 aphelii
890 2439 958 2488 linea
975 2439 1021 2489 ΒΟ
1040 2440 1074 2489 ad
1093 2440 1212 2505 angulum
1231 2439 1306 2502 cita,
1325 2444 1367 2506 qui
1387 2442 1496 2499 ‹itmtffl

785 2511 965 2560 eccsutrieitati
984 2510 1032 2563 Da
1051 2512 1190 2575 respondet.
1215 2510 1362 2574 Quando&
1382 2514 1411 2565 in
1430 2516 1496 2581 apte·

785 2582 817 2630 lio
836 2581 874 2630 vel
893 2596 1003 2647 apogaeo
1023 2589 1069 2642 est,
1088 2585 1170 2633 lineae
1184 2582 1226 2633 CL
1245 2592 1271 2632 et
1282 2583 1328 2633 130
1348 2587 1496 2644 coincidunt

785 2653 884 2717 quando
903 2653 1003 2714 vero&¹
1028 2654 1177 2705 anomaliaur
1206 2669 1288 2704 reram
1307 2652 1357 2703 90⁰
1384 2660 1496 2725 attigerit,

784 2723 861 2773 hebet
869 2727 1003 2774 maximam
1015 2727 1178 2783 librationem,
1192 2725 1308 2777 dimidiae
1321 2730 1496 2781 sccenmeitsa

785 2797 992 2860 respondentem
1010 2799 1035 2846 ln
1047 2798 1164 2862 perihello
1180 2798 1262 2848 lineae
1275 2799 1364 2848 iterum
1376 2802 1493 2852 uminum

786 2867 904 2917 Circelius
923 2868 968 2918 RE
995 2869 1051 2919 ideo
1079 2869 1208 2919 addendus
1235 2870 1300 2928 luit,
1328 2873 1396 2936 quod
1427 2874 1494 2925 ol*

654 2980 668 3007 ’ἡ
690 2998 695 3003 „
785 2939 886 2989 saiones
906 2940 1048 2998 ostendunt,
1067 2941 1276 2991 semidiametrum
1291 2945 1428 2994 eocentrici
1441 2946 1495 2995 ma

675 3002 696 3034 Ἰ
785 3009 951 3074 longitudines
969 3011 1064 3061 medias
1082 3013 1195 3076 utrinque
1220 3012 1288 3061 radio
1311 3017 1435 3077 majoram
1453 3028 1495 3066 eu

787 3080 820 3130 ad
841 3077 881 3127 15⁴
901 3084 981 3130 sinum
1000 3078 1053 3131 130
1071 3078 1154 3144 (130).
1191 3083 1221 3132 ln
1244 3083 1316 3147 hujus
1342 3085 1436 3137 circelii
1457 3086 1495 3136 olr-

787 3151 994 3214 cumierentiad
1023 3168 1119 3218 semper
1142 3156 1168 3203 ln
1189 3157 1368 3220 consequentia
1396 3164 1494 3208 moretm

786 3224 930 3273 admotum
950 3225 1090 3289 duplicatae
1116 3227 1257 3277 anomaliae
1276 3228 1394 3286 mediae.
1422 3232 1457 3280 its
1470 3234 1493 3279 ιι

786 3294 854 3345 linea
872 3310 888 3344 a
904 3298 1021 3362 perigaeo
1046 3297 1138 3353 circelli
1164 3297 1241 3358 add
1269 3313 1357 3363 corpus
1383 3301 1491 3366 protum

787 3380 883 3430 semper
901 3367 1087 3425 addatursinui
1107 3369 1247 3421 mortaline
1265 3370 1372 3421 mediae.

859 3437 1070 3491 Commensuratio
1081 3452 1088 3490 ι
1101 3439 1148 3489 ab
1161 3456 1188 3480 =
1197 3437 1311 3498 ibiibi),
1324 3440 1370 3492 RE
1380 3459 1407 3482 =
1416 3436 1489 3491 etsta

787 3506 908 3571 (ilaec).
928 3513 1073 3576 Apogaeum
1093 3513 1118 3574 ό
1138 3526 1205 3562 anno
1225 3510 1293 3562 1000
1310 3516 1336 3563 in
1356 3511 1406 3562 29⁰
1424 3512 1448 3560 i‘
1463 3508 1489 3577 Ω,

786 3587 868 3649 motus
885 3583 980 3632 medius
992 3583 1025 3633 ad
1038 3585 1164 3635 meridiem
1180 3583 1202 3633 1.
1216 3584 1274 3635 lun.
1289 3583 1338 3634 25⁰
1347 3584 1394 3649 ‚27¹
1408 3584 1488 3641 1010

727 3684 731 3691 -
788 3652 931 3715 (Embdaei
969 3652 1063 3704 Semid.
1083 3659 1215 3706 eecentrici
1235 3655 1261 3716 0¹
1284 3652 1431 3707 15250000.
1474 3706 1480 3720 ,

857 3723 934 3791 Ratio
953 3725 1042 3775 calculi
1067 3727 1227 3777 instituendi:
1256 3728 1338 3778 Loem
1362 3729 1489 3796 apogaeia

674 3814 677 3823 ·
788 3794 870 3844 media
881 3794 1035 3861 longitudine
1053 3798 1185 3852 auferatur.
1205 3797 1366 3850 athabeatnr
1378 3798 1490 3850 anomalh

121 3910 125 3919 .
788 3867 885 3922 medie.
904 3871 974 3931 cujus
992 3870 1074 3925 sinus.
1099 3877 1127 3918 nt
1145 3877 1171 3918 et
1189 3871 1361 3934 complementi
1379 3874 1447 3921 sinus
1462 3872 1492 3920 d

152 3941 345 3999 exscribendmt
362 3941 398 3991 illi
416 3939 524 3992 addatur
540 3954 598 4006 pars
614 3941 801 4005 proportionalis
820 3940 910 3990 cimelii
924 3940 964 4001 (ut
976 3941 1021 3989 sin.
1035 3948 1080 3989 tot.
1095 3940 1127 3991 ad
1140 3939 1229 3991 iacto
1247 3943 1283 3992 sic
1303 3956 1385 3993 auom
1405 3943 1492 4015 medea

129 4015 217 4077 ‚unns
236 4013 269 4063 ad
285 4010 443 4077 quaesitum).
468 4012 582 4064 Habetur
598 4013 645 4062 hoc
663 4012 735 4062 modo
754 4012 925 4078 rectiangulum
944 4027 974 4062 ex
992 4013 1047 4061 sinu
1066 4012 1205 4063 andmaliae
1225 4020 1299 4064 aucto
1318 4021 1344 4063 et
1363 4019 1417 4078 elus
1436 4028 1492 4066 eota·

129 4084 269 4146 piamenti
283 4084 339 4134 sinu
359 4085 528 4141 consitutum.
547 4086 613 4149 qnod
631 4083 773 4134 solvendum
792 4092 838 4134 est.
865 4083 931 4133 Nam
949 4090 977 4131 ut
995 4084 1062 4132 sinus
1080 4083 1167 4148 compl.
1188 4084 1328 4135 anomaliae
1347 4082 1401 4147 (cui
1419 4094 1494 4143 tanta

150 4156 216 4217 prius
243 4156 415 4213 eccsntrieitas
444 4160 483 4205 est
509 4154 597 4206 addita
624 4152 661 4204 rel
689 4152 828 4216 subracta)
856 4154 1009 4214 adremon,
1037 4156 1073 4204 sic
1099 4156 1165 4204 sinus
1194 4155 1334 4221 anomaliae
1363 4165 1452 4210 auctos
1468 4154 1495 4207 sd

151 4226 269 4290 angulum
280 4241 360 4283 suurn.
374 4228 414 4291 qui
429 4242 485 4277 oum
497 4228 589 4292 angulo
601 4227 742 4277 anomaliae
754 4227 852 4277 mediae
865 4226 970 4275 collatus
983 4226 1028 4276 dat
1040 4227 1143 4289 priorem
1156 4233 1252 4289 partem
1265 4227 1494 4293 prosthaphaerssia

236 4297 285 4347 Pro
303 4299 384 4349 altera
407 4307 495 4362 parte:
519 4306 548 4348 ut
572 4305 639 4350 totus
663 4298 746 4348 radius
772 4299 805 4348 ad
827 4294 944 4351 025200.
972 4299 1008 4348 sic
1031 4312 1113 4348 mom.
1131 4299 1195 4361 prior
1219 4307 1328 4363 aequata
1347 4299 1379 4350 ad
1399 4301 1496 4353 alteru

151 4374 257 4432 partem.
275 4383 339 4432 quae
357 4384 454 4434 semper
470 4370 544 4433 priori
562 4368 775 4435 prosthaphaeresi
795 4369 954 4434 adjungenda
972 4378 1023 4423 ost.

240 4437 288 4507 l’ro
308 4430 429 4491 distantia
448 4437 479 4501 Θ
495 4439 558 4502 etd
577 4443 612 4491 sic
631 4440 771 4506 agendum:
791 4449 820 4491 ut
837 4441 943 4507 angulus
962 4440 1102 4507 anomaliae
1115 4453 1157 4501 per
1174 4439 1279 4503 primam
1297 4440 1496 4507 prosthaphaem·

151 4510 188 4559 sin
209 4516 332 4573 aequatae
351 4512 383 4560 ad
401 4513 481 4561 sinum
500 4519 600 4563 anctum
619 4524 700 4562 anem.
726 4512 836 4569 mediae,
855 4514 891 4562 sic
910 4513 954 4561 sin.
974 4514 1021 4562 toti
1041 4512 1073 4561 ad
1091 4511 1244 4561 distantiam.
1281 4512 1316 4563 Ut
1333 4514 1421 4563 semid.
1442 4514 1496 4565 orbis

151 4580 177 4641 (ς
200 4578 340 4630 10000000
359 4583 392 4633 ad
411 4580 525 4636 152500.
545 4586 580 4635 sio
598 4584 654 4633 dist
674 4584 777 4646 simplex
795 4581 828 4643 Θ
848 4589 874 4633 et
892 4583 917 4643 d
937 4585 970 4634 ad
993 4584 1137 4634 distantiam
1154 4583 1181 4632 in
1203 4585 1359 4647 proportione
1376 4587 1443 4636 erbis
1461 4582 1496 4648 Θ.

62 4692 64 4697 ,
147 4652 196 4703 Per
222 4652 349 4703 dimidiam
376 4662 484 4717 eceentr.
506 4652 538 4716 Θ
556 4656 651 4721 inquire
679 4670 774 4720 qnoque
802 4655 865 4704 Solis
893 4655 1045 4715 (latentiam.
1065 4663 1091 4705 et
1115 4655 1152 4704 sic
1171 4670 1226 4705 cern
1249 4656 1286 4704 his
1306 4654 1322 4702 2
1340 4656 1496 4709 lateribus-et

149 4723 240 4791 angulo
259 4726 324 4774 inter
348 4733 482 4790 aequatum
504 4727 586 4778 locum
605 4727 630 4788 d
650 4733 676 4778 et
696 4721 766 4789 0οΘ
786 4728 922 4790 intercepto
949 4729 1044 4794 inquire
1069 4726 1202 4791 parallaxis
1230 4727 1365 4793 angulum,
1385 4735 1415 4778 et
1432 4731 1496 4781 datur

147 4794 303 4919 11ιέἱέἕὲ
321 4795 360 4919 εἰ
377 4797 422 4903 qpi⁴
435 4803 491 4861 post
508 4813 553 4862 per
570 4797 688 4865 angulum
705 4797 872 4903 inclinatiopi's
892 4797 916 4858 d
933 4799 1175 4879 juxta-distantiam
1194 4811 1211 4847 a
1228 4798 1344 4881 nodoad
1363 4799 1496 4870 eclipticam
