<?xml version="1.0" encoding="UTF-8"?>
<!DOCTYPE html PUBLIC "-//W3C//DTD XHTML 1.0 Transitional//EN"
    "http://www.w3.org/TR/xhtml1/DTD/xhtml1-transitional.dtd">
<html xmlns="http://www.w3.org/1999/xhtml" xml:lang="en" lang="en">
 <head>
  <title>
</title>
<meta http-equiv="Content-Type" content="text/html;charset=utf-8" />
  <meta name='ocr-system' content='tesseract 3.04.00' />
  <meta name='ocr-capabilities' content='ocr_page ocr_carea ocr_par ocr_line ocrx_word'/>
</head>
<body>
  <div class='ocr_page' id='page_1' title='image "./joanniskepleria12frisgoog/joanniskepleria12frisgoog_0636.png"; bbox 0 0 3278 5550; ppageno 0'>
   <div class='ocr_carea' id='block_1_1' title="bbox 565 234 1466 389">
    <p class='ocr_par' dir='ltr' id='par_1_1' title="bbox 565 234 1466 389">
     <span class='ocr_line' id='line_1_1' title="bbox 565 234 1466 389; baseline 0.001 -64"><span class='ocrx_word' id='word_1_1' title='bbox 565 271 901 326; x_wconf 45' lang='lat' dir='ltr'><strong>ammomum.</strong></span> <span class='ocrx_word' id='word_1_2' title='bbox 1085 312 1089 317; x_wconf 96' lang='lat'>.</span> <span class='ocrx_word' id='word_1_3' title='bbox 1341 234 1466 389; x_wconf 50' lang='grc' dir='ltr'><strong>ρι’</strong></span> 
     </span>
    </p>
   </div>
   <div class='ocr_carea' id='block_1_2' title="bbox 109 364 1426 927">
    <p class='ocr_par' dir='ltr' id='par_1_2' title="bbox 109 364 1426 927">
     <span class='ocr_line' id='line_1_2' title="bbox 145 364 1405 536; baseline 0.003 -26"><span class='ocrx_word' id='word_1_4' title='bbox 145 459 293 528; x_wconf 78' lang='lat' dir='ltr'><strong>Apparet,</strong></span> <span class='ocrx_word' id='word_1_5' title='bbox 322 462 446 528; x_wconf 87' lang='lat' dir='ltr'><strong>quatuor&#39;</strong></span> <span class='ocrx_word' id='word_1_6' title='bbox 469 453 638 527; x_wconf 77' lang='lat' dir='ltr'><strong>integrorum</strong></span> <span class='ocrx_word' id='word_1_7' title='bbox 664 456 799 529; x_wconf 69' lang='lat' dir='ltr'><strong>graduum</strong></span> <span class='ocrx_word' id='word_1_8' title='bbox 827 454 1027 511; x_wconf 88' lang='lat' dir='ltr'><strong>retroductioue</strong></span> <span class='ocrx_word' id='word_1_9' title='bbox 1053 459 1116 513; x_wconf 91' lang='lat' dir='ltr'><strong>nodi</strong></span> <span class='ocrx_word' id='word_1_10' title='bbox 1146 364 1405 536; x_wconf 51' lang='lat' dir='ltr'><strong>nos&#39;ffij&#39;asneqni</strong></span> 
     </span>
     <span class='ocr_line' id='line_1_3' title="bbox 109 534 1404 621; baseline 0.006 -29"><span class='ocrx_word' id='word_1_11' title='bbox 109 551 162 592; x_wconf 81' lang='lat' dir='ltr'><strong>am</strong></span> <span class='ocrx_word' id='word_1_12' title='bbox 184 536 360 601; x_wconf 70' lang='lat' dir='ltr'><strong>durationem,</strong></span> <span class='ocrx_word' id='word_1_13' title='bbox 383 543 475 591; x_wconf 85' lang='lat' dir='ltr'><strong>stante</strong></span> <span class='ocrx_word' id='word_1_14' title='bbox 495 536 549 589; x_wconf 90' lang='lat' dir='ltr'><strong>hac</strong></span> <span class='ocrx_word' id='word_1_15' title='bbox 569 535 700 590; x_wconf 89' lang='lat' dir='ltr'><strong>diametro</strong></span> <span class='ocrx_word' id='word_1_16' title='bbox 713 539 836 592; x_wconf 89' lang='lat' dir='ltr'><strong>umbrae.</strong></span> <span class='ocrx_word' id='word_1_17' title='bbox 867 534 906 588; x_wconf 88' lang='lat' dir='ltr'><strong>Et</strong></span> <span class='ocrx_word' id='word_1_18' title='bbox 925 541 991 589; x_wconf 86' lang='lat' dir='ltr'><strong>tunc</strong></span> <span class='ocrx_word' id='word_1_19' title='bbox 1010 554 1087 592; x_wconf 88' lang='lat' dir='ltr'><strong>mora</strong></span> <span class='ocrx_word' id='word_1_20' title='bbox 1105 540 1185 594; x_wconf 87' lang='lat' dir='ltr'><strong>tieret</strong></span> <span class='ocrx_word' id='word_1_21' title='bbox 1204 540 1292 621; x_wconf 68' lang='lat' dir='ltr'><strong>minor</strong></span> <span class='ocrx_word' id='word_1_22' title='bbox 1310 546 1404 599; x_wconf 88' lang='lat' dir='ltr'><strong>obser·</strong></span> 
     </span>
     <span class='ocr_line' id='line_1_4' title="bbox 109 614 1426 690; baseline 0.006 -19"><span class='ocrx_word' id='word_1_23' title='bbox 109 630 135 671; x_wconf 78' lang='grc' dir='ltr'><strong>ι.</strong></span> <span class='ocrx_word' id='word_1_24' title='bbox 178 618 254 689; x_wconf 72' lang='lat' dir='ltr'><strong>Ergo</strong></span> <span class='ocrx_word' id='word_1_25' title='bbox 274 616 334 681; x_wconf 88' lang='lat' dir='ltr'><strong>hic,</strong></span> <span class='ocrx_word' id='word_1_26' title='bbox 362 616 426 687; x_wconf 89' lang='lat' dir='ltr'><strong>quia</strong></span> <span class='ocrx_word' id='word_1_27' title='bbox 444 615 589 672; x_wconf 79' lang='lat' dir='ltr'><strong>laxatione</strong></span> <span class='ocrx_word' id='word_1_28' title='bbox 610 616 673 669; x_wconf 92' lang='lat' dir='ltr'><strong>nodi</strong></span> <span class='ocrx_word' id='word_1_29' title='bbox 692 633 746 670; x_wconf 91' lang='lat' dir='ltr'><strong>non</strong></span> <span class='ocrx_word' id='word_1_30' title='bbox 767 633 910 687; x_wconf 82' lang='lat' dir='ltr'><strong>possumus</strong></span> <span class='ocrx_word' id='word_1_31' title='bbox 927 614 1035 683; x_wconf 85' lang='lat' dir='ltr'><strong>juvari,</strong></span> <span class='ocrx_word' id='word_1_32' title='bbox 1058 620 1185 690; x_wconf 79' lang='lat' dir='ltr'><strong>argnritur</strong></span> <span class='ocrx_word' id='word_1_33' title='bbox 1205 618 1426 678; x_wconf 64' lang='lat' dir='ltr'><strong>semidiameteru</strong></span> 
     </span>
     <span class='ocr_line' id='line_1_5' title="bbox 109 695 1404 770; baseline 0.007 -20"><span class='ocrx_word' id='word_1_34' title='bbox 109 712 175 751; x_wconf 75' lang='lat' dir='ltr'><strong>rrae</strong></span> <span class='ocrx_word' id='word_1_35' title='bbox 195 697 287 754; x_wconf 87' lang='lat' dir='ltr'><strong>nimia.</strong></span> <span class='ocrx_word' id='word_1_36' title='bbox 326 695 411 768; x_wconf 81' lang='lat' dir='ltr'><strong>Atqui</strong></span> <span class='ocrx_word' id='word_1_37' title='bbox 432 713 493 750; x_wconf 88' lang='lat' dir='ltr'><strong>eam</strong></span> <span class='ocrx_word' id='word_1_38' title='bbox 513 695 654 750; x_wconf 87' lang='lat' dir='ltr'><strong>nonlicet</strong></span> <span class='ocrx_word' id='word_1_39' title='bbox 680 696 758 750; x_wconf 90' lang='lat' dir='ltr'><strong>nobis</strong></span> <span class='ocrx_word' id='word_1_40' title='bbox 783 703 889 751; x_wconf 68' lang='lat' dir='ltr'><strong>mutme</strong></span> <span class='ocrx_word' id='word_1_41' title='bbox 913 712 965 766; x_wconf 86' lang='lat' dir='ltr'><strong>per</strong></span> <span class='ocrx_word' id='word_1_42' title='bbox 992 697 1062 751; x_wconf 90' lang='lat' dir='ltr'><strong>alias</strong></span> <span class='ocrx_word' id='word_1_43' title='bbox 1089 700 1221 770; x_wconf 76' lang='lat' dir='ltr'><strong>eclipses,</strong></span> <span class='ocrx_word' id='word_1_44' title='bbox 1249 709 1294 757; x_wconf 90' lang='lat' dir='ltr'><strong>est</strong></span> <span class='ocrx_word' id='word_1_45' title='bbox 1318 704 1404 759; x_wconf 88' lang='lat' dir='ltr'><strong>etiam</strong></span> 
     </span>
     <span class='ocr_line' id='line_1_6' title="bbox 109 774 1402 846; baseline 0.007 -16"><span class='ocrx_word' id='word_1_46' title='bbox 109 775 188 830; x_wconf 87' lang='lat' dir='ltr'><strong>incta</strong></span> <span class='ocrx_word' id='word_1_47' title='bbox 207 777 482 830; x_wconf 72' lang='lat' dir='ltr'><strong>demonstrationibus</strong></span> <span class='ocrx_word' id='word_1_48' title='bbox 502 774 677 846; x_wconf 75' lang='lat' dir='ltr'><strong>geometricis</strong></span> <span class='ocrx_word' id='word_1_49' title='bbox 698 792 716 828; x_wconf 91' lang='lat' dir='ltr'><strong>a</strong></span> <span class='ocrx_word' id='word_1_50' title='bbox 735 777 928 844; x_wconf 86' lang='lat' dir='ltr'><strong>parallaxibus</strong></span> <span class='ocrx_word' id='word_1_51' title='bbox 945 783 975 829; x_wconf 87' lang='lat' dir='ltr'><strong>et</strong></span> <span class='ocrx_word' id='word_1_52' title='bbox 994 778 1199 834; x_wconf 89' lang='lat' dir='ltr'><strong>semidiametris</strong></span> <span class='ocrx_word' id='word_1_53' title='bbox 1220 782 1402 840; x_wconf 88' lang='lat' dir='ltr'><strong>luminarium.</strong></span> 
     </span>
     <span class='ocr_line' id='line_1_7' title="bbox 109 856 1175 927; baseline 0.003 -16"><span class='ocrx_word' id='word_1_54' title='bbox 109 856 277 925; x_wconf 63' lang='lat' dir='ltr'><strong>plorabimus</strong></span> <span class='ocrx_word' id='word_1_55' title='bbox 297 863 397 919; x_wconf 59' lang='lat' dir='ltr'><strong>amen.</strong></span> <span class='ocrx_word' id='word_1_56' title='bbox 420 862 550 927; x_wconf 88' lang='lat' dir='ltr'><strong>quantum</strong></span> <span class='ocrx_word' id='word_1_57' title='bbox 570 862 691 909; x_wconf 85' lang='lat' dir='ltr'><strong>mutetur</strong></span> <span class='ocrx_word' id='word_1_58' title='bbox 713 862 806 909; x_wconf 88' lang='lat' dir='ltr'><strong>stante</strong></span> <span class='ocrx_word' id='word_1_59' title='bbox 827 857 880 910; x_wconf 87' lang='lat' dir='ltr'><strong>hac</strong></span> <span class='ocrx_word' id='word_1_60' title='bbox 900 856 1047 910; x_wconf 87' lang='lat' dir='ltr'><strong>latitudine</strong></span> <span class='ocrx_word' id='word_1_61' title='bbox 1067 859 1175 915; x_wconf 90' lang='lat' dir='ltr'><strong>calculi.</strong></span> 
     </span>
    </p>
   </div>
   <div class='ocr_carea' id='block_1_3' title="bbox 306 945 1001 1071">
    <p class='ocr_par' dir='ltr' id='par_1_3' title="bbox 306 945 1001 1071">
     <span class='ocr_line' id='line_1_8' title="bbox 590 945 1000 999; baseline 0 -1"><span class='ocrx_word' id='word_1_62' title='bbox 590 949 648 998; x_wconf 79' lang='lat' dir='ltr'><strong>Lat</strong></span> <span class='ocrx_word' id='word_1_63' title='bbox 685 945 710 996; x_wconf 86' lang='grc'><strong>3’</strong></span> <span class='ocrx_word' id='word_1_64' title='bbox 729 945 782 997; x_wconf 86' lang='grc'><strong>32”</strong></span> <span class='ocrx_word' id='word_1_65' title='bbox 799 949 877 999; x_wconf 76' lang='lat' dir='ltr'><strong>Antil.</strong></span> <span class='ocrx_word' id='word_1_66' title='bbox 895 947 938 998; x_wconf 84' lang='grc'><strong>00.</strong></span> <span class='ocrx_word' id='word_1_67' title='bbox 948 947 1000 998; x_wconf 85' lang='grc'><strong>053</strong></span> 
     </span>
     <span class='ocr_line' id='line_1_9' title="bbox 306 1015 1001 1071; baseline -0.003 0"><span class='ocrx_word' id='word_1_68' title='bbox 306 1021 433 1071; x_wconf 74' lang='lat' dir='ltr'><strong>Ponuntur</strong></span> <span class='ocrx_word' id='word_1_69' title='bbox 450 1035 498 1071; x_wconf 85' lang='lat' dir='ltr'><strong>scr.</strong></span> <span class='ocrx_word' id='word_1_70' title='bbox 516 1021 569 1070; x_wconf 92' lang='lat' dir='ltr'><strong>dur.</strong></span> <span class='ocrx_word' id='word_1_71' title='bbox 588 1021 646 1069; x_wconf 84' lang='lat' dir='ltr'><strong>dim.</strong></span> <span class='ocrx_word' id='word_1_72' title='bbox 665 1015 707 1068; x_wconf 76' lang='grc'><strong>30.</strong></span> <span class='ocrx_word' id='word_1_73' title='bbox 746 1019 763 1068; x_wconf 88' lang='grc'><strong>4</strong></span> <span class='ocrx_word' id='word_1_74' title='bbox 815 1043 851 1054; x_wconf 95' lang='grc'>-</span> <span class='ocrx_word' id='word_1_75' title='bbox 898 1021 938 1071; x_wconf 80' lang='lat'><strong>15.</strong></span> <span class='ocrx_word' id='word_1_76' title='bbox 950 1017 1001 1070; x_wconf 81' lang='grc'><strong>237</strong></span> 
     </span>
    </p>
   </div>
   <div class='ocr_carea' id='block_1_4' title="bbox 329 1089 1002 1256">
    <p class='ocr_par' dir='ltr' id='par_1_4' title="bbox 329 1089 1002 1256">
     <span class='ocr_line' id='line_1_10' title="bbox 329 1089 1002 1162; baseline -0.001 -3"><span class='ocrx_word' id='word_1_77' title='bbox 329 1089 762 1159; x_wconf 59' lang='lat' dir='ltr'><strong>mmmmomamm</strong></span> <span class='ocrx_word' id='word_1_78' title='bbox 814 1106 1002 1162; x_wconf 63' lang='lat' dir='ltr'><strong>-rwm</strong></span> 
     </span>
     <span class='ocr_line' id='line_1_11' title="bbox 390 1171 784 1256; baseline -0.003 -27"><span class='ocrx_word' id='word_1_79' title='bbox 390 1178 440 1229; x_wconf 84' lang='lat' dir='ltr'><strong>Sed</strong></span> <span class='ocrx_word' id='word_1_80' title='bbox 458 1186 497 1228; x_wconf 87' lang='lat' dir='ltr'><strong>est</strong></span> <span class='ocrx_word' id='word_1_81' title='bbox 513 1180 597 1228; x_wconf 84' lang='lat' dir='ltr'><strong>semid.</strong></span> <span class='ocrx_word' id='word_1_82' title='bbox 618 1171 784 1256; x_wconf 53' lang='lat' dir='ltr'><strong>JQ</strong></span> 
     </span>
    </p>
   </div>
   <div class='ocr_carea' id='block_1_5' title="bbox 355 1264 1167 1405">
    <p class='ocr_par' dir='ltr' id='par_1_5' title="bbox 355 1264 1167 1405">
     <span class='ocr_line' id='line_1_12' title="bbox 355 1264 1167 1343; baseline 0.002 -27"><span class='ocrx_word' id='word_1_83' title='bbox 355 1269 420 1333; x_wconf 76' lang='lat' dir='ltr'><strong>Ergo</strong></span> <span class='ocrx_word' id='word_1_84' title='bbox 437 1267 523 1317; x_wconf 88' lang='lat' dir='ltr'><strong>semid.</strong></span> <span class='ocrx_word' id='word_1_85' title='bbox 541 1264 835 1343; x_wconf 55' lang='lat' dir='ltr'><strong>umbraeffld-cum</strong></span> <span class='ocrx_word' id='word_1_86' title='bbox 854 1267 963 1318; x_wconf 82' lang='lat' dir='ltr'><strong>calculus</strong></span> <span class='ocrx_word' id='word_1_87' title='bbox 981 1268 1024 1318; x_wconf 86' lang='lat' dir='ltr'><strong>det</strong></span> <span class='ocrx_word' id='word_1_88' title='bbox 1040 1271 1167 1332; x_wconf 77' lang='lat' dir='ltr'><strong>malorem.</strong></span> 
     </span>
     <span class='ocr_line' id='line_1_13' title="bbox 422 1353 1002 1405; baseline 0 -2"><span class='ocrx_word' id='word_1_89' title='bbox 422 1356 455 1403; x_wconf 84' lang='lat' dir='ltr'><strong>Et</strong></span> <span class='ocrx_word' id='word_1_90' title='bbox 472 1354 523 1404; x_wconf 76' lang='lat' dir='ltr'><strong>diti.</strong></span> <span class='ocrx_word' id='word_1_91' title='bbox 543 1355 646 1404; x_wconf 80' lang='lat' dir='ltr'><strong>semidd.</strong></span> <span class='ocrx_word' id='word_1_92' title='bbox 667 1353 709 1404; x_wconf 83' lang='grc'><strong>28.</strong></span> <span class='ocrx_word' id='word_1_93' title='bbox 729 1353 764 1403; x_wconf 84' lang='grc'><strong>20</strong></span> <span class='ocrx_word' id='word_1_94' title='bbox 817 1381 852 1391; x_wconf 90' lang='grc'>-</span> <span class='ocrx_word' id='word_1_95' title='bbox 896 1353 939 1404; x_wconf 84' lang='lat'><strong>0³.</strong></span> <span class='ocrx_word' id='word_1_96' title='bbox 950 1353 1002 1405; x_wconf 83' lang='grc'><strong>397</strong></span> 
     </span>
    </p>
   </div>
   <div class='ocr_carea' id='block_1_6' title="bbox 337 1425 1285 1567">
    <p class='ocr_par' dir='ltr' id='par_1_6' title="bbox 337 1425 1285 1567">
     <span class='ocr_line' id='line_1_14' title="bbox 337 1425 1160 1510; baseline 0 -16"><span class='ocrx_word' id='word_1_97' title='bbox 337 1445 401 1510; x_wconf 72' lang='lat' dir='ltr'><strong>argo</strong></span> <span class='ocrx_word' id='word_1_98' title='bbox 419 1458 465 1494; x_wconf 66' lang='lat' dir='ltr'><strong>ser.</strong></span> <span class='ocrx_word' id='word_1_99' title='bbox 485 1456 568 1492; x_wconf 74' lang='lat' dir='ltr'><strong>mom</strong></span> <span class='ocrx_word' id='word_1_100' title='bbox 588 1442 645 1491; x_wconf 75' lang='lat' dir='ltr'><strong>um.</strong></span> <span class='ocrx_word' id='word_1_101' title='bbox 665 1441 707 1493; x_wconf 79' lang='lat' dir='ltr'><strong>aa.</strong></span> <span class='ocrx_word' id='word_1_102' title='bbox 727 1440 761 1491; x_wconf 80' lang='lat' dir='ltr'><strong>aa</strong></span> <span class='ocrx_word' id='word_1_103' title='bbox 815 1468 850 1480; x_wconf 96' lang='lat'>-</span> <span class='ocrx_word' id='word_1_104' title='bbox 881 1425 1054 1494; x_wconf 65' lang='grc' dir='ltr'><strong>ὀι-ιιῖ-</strong></span> <span class='ocrx_word' id='word_1_105' title='bbox 1073 1442 1160 1494; x_wconf 74' lang='lat' dir='ltr'><strong>storo</strong></span> 
     </span>
     <span class='ocr_line' id='line_1_15' title="bbox 527 1509 1285 1567; baseline 0.005 -5"><span class='ocrx_word' id='word_1_106' title='bbox 527 1509 761 1567; x_wconf 61' lang='lat' dir='ltr'><strong>mmmm,s</strong></span> <span class='ocrx_word' id='word_1_107' title='bbox 1073 1513 1161 1566; x_wconf 65' lang='lat' dir='ltr'><strong>cmo</strong></span> <span class='ocrx_word' id='word_1_108' title='bbox 1275 1540 1285 1558; x_wconf 58' lang='lat'><em>2</em></span> 
     </span>
    </p>
   </div>
   <div class='ocr_carea' id='block_1_7' title="bbox 454 1585 1178 1736">
    <p class='ocr_par' dir='ltr' id='par_1_7' title="bbox 454 1585 1178 1736">
     <span class='ocr_line' id='line_1_16' title="bbox 454 1585 1178 1654; baseline 0.007 -5"><span class='ocrx_word' id='word_1_109' title='bbox 454 1600 526 1650; x_wconf 81' lang='lat' dir='ltr'><strong>Mora</strong></span> <span class='ocrx_word' id='word_1_110' title='bbox 544 1599 647 1649; x_wconf 90' lang='lat' dir='ltr'><strong>dimidia</strong></span> <span class='ocrx_word' id='word_1_111' title='bbox 665 1599 707 1649; x_wconf 87' lang='grc'><strong>51.</strong></span> <span class='ocrx_word' id='word_1_112' title='bbox 726 1598 760 1649; x_wconf 79' lang='lat' dir='ltr'><strong>ts</strong></span> <span class='ocrx_word' id='word_1_113' title='bbox 1042 1585 1178 1654; x_wconf 60' lang='lat' dir='ltr'>W</span> 
     </span>
     <span class='ocr_line' id='line_1_17' title="bbox 484 1671 985 1736; baseline 0.002 -15"><span class='ocrx_word' id='word_1_114' title='bbox 484 1672 558 1734; x_wconf 85' lang='lat' dir='ltr'><strong>paulo</strong></span> <span class='ocrx_word' id='word_1_115' title='bbox 576 1673 667 1727; x_wconf 86' lang='lat' dir='ltr'><strong>minor.</strong></span> <span class='ocrx_word' id='word_1_116' title='bbox 687 1685 760 1736; x_wconf 82' lang='lat' dir='ltr'><strong>quum</strong></span> <span class='ocrx_word' id='word_1_117' title='bbox 779 1671 824 1722; x_wconf 84' lang='lat' dir='ltr'><strong>dat</strong></span> <span class='ocrx_word' id='word_1_118' title='bbox 841 1673 985 1722; x_wconf 80' lang='lat' dir='ltr'><strong>observatio.</strong></span> 
     </span>
    </p>
   </div>
   <div class='ocr_carea' id='block_1_8' title="bbox 107 1761 1408 2376">
    <p class='ocr_par' dir='ltr' id='par_1_8' title="bbox 107 1761 1408 2376">
     <span class='ocr_line' id='line_1_18' title="bbox 153 1761 1403 1832; baseline 0.006 -15"><span class='ocrx_word' id='word_1_119' title='bbox 153 1766 196 1818; x_wconf 90' lang='lat' dir='ltr'><strong>lta</strong></span> <span class='ocrx_word' id='word_1_120' title='bbox 216 1761 397 1817; x_wconf 88' lang='lat' dir='ltr'><strong>conciliantur</strong></span> <span class='ocrx_word' id='word_1_121' title='bbox 418 1777 498 1832; x_wconf 88' lang='lat' dir='ltr'><strong>quam</strong></span> <span class='ocrx_word' id='word_1_122' title='bbox 519 1761 642 1831; x_wconf 85' lang='lat' dir='ltr'><strong>proxime</strong></span> <span class='ocrx_word' id='word_1_123' title='bbox 663 1762 819 1816; x_wconf 84' lang='lat' dir='ltr'><strong>observatio</strong></span> <span class='ocrx_word' id='word_1_124' title='bbox 840 1762 991 1817; x_wconf 88' lang='lat' dir='ltr'><strong>durationis</strong></span> <span class='ocrx_word' id='word_1_125' title='bbox 1010 1780 1069 1818; x_wconf 87' lang='lat' dir='ltr'><strong>cum</strong></span> <span class='ocrx_word' id='word_1_126' title='bbox 1089 1765 1281 1821; x_wconf 83' lang='lat' dir='ltr'><strong>observatione</strong></span> <span class='ocrx_word' id='word_1_127' title='bbox 1300 1784 1403 1824; x_wconf 85' lang='lat' dir='ltr'><strong>morae.</strong></span> 
     </span>
     <span class='ocr_line' id='line_1_19' title="bbox 108 1840 1406 1918; baseline 0.005 -21"><span class='ocrx_word' id='word_1_128' title='bbox 108 1860 141 1917; x_wconf 70' lang='lat' dir='ltr'><strong>qo</strong></span> <span class='ocrx_word' id='word_1_129' title='bbox 160 1844 205 1898; x_wconf 92' lang='lat' dir='ltr'><strong>hic</strong></span> <span class='ocrx_word' id='word_1_130' title='bbox 225 1843 303 1896; x_wconf 79' lang='lat' dir='ltr'><strong>valet</strong></span> <span class='ocrx_word' id='word_1_131' title='bbox 323 1841 463 1896; x_wconf 86' lang='lat' dir='ltr'><strong>diminutio</strong></span> <span class='ocrx_word' id='word_1_132' title='bbox 481 1841 594 1895; x_wconf 87' lang='lat' dir='ltr'><strong>umbrae</strong></span> <span class='ocrx_word' id='word_1_133' title='bbox 615 1840 716 1909; x_wconf 73' lang='lat' dir='ltr'><strong>optica</strong></span> <span class='ocrx_word' id='word_1_134' title='bbox 739 1858 819 1914; x_wconf 90' lang='lat' dir='ltr'><strong>quam</strong></span> <span class='ocrx_word' id='word_1_135' title='bbox 833 1843 991 1896; x_wconf 87' lang='lat' dir='ltr'><strong>nullatenus</strong></span> <span class='ocrx_word' id='word_1_136' title='bbox 1006 1843 1126 1898; x_wconf 75' lang='lat' dir='ltr'><strong>admittit</strong></span> <span class='ocrx_word' id='word_1_137' title='bbox 1138 1847 1299 1918; x_wconf 77' lang='lat' dir='ltr'><strong>geometria</strong></span> <span class='ocrx_word' id='word_1_138' title='bbox 1328 1850 1406 1903; x_wconf 81' lang='lat' dir='ltr'><strong>adde</strong></span> 
     </span>
     <span class='ocr_line' id='line_1_20' title="bbox 108 1914 1407 1994; baseline 0.005 -16"><span class='ocrx_word' id='word_1_139' title='bbox 108 1938 161 1994; x_wconf 80' lang='lat' dir='ltr'><strong>ape</strong></span> <span class='ocrx_word' id='word_1_140' title='bbox 183 1925 218 1976; x_wconf 94' lang='lat' dir='ltr'><strong>ad</strong></span> <span class='ocrx_word' id='word_1_141' title='bbox 239 1918 288 1976; x_wconf 74' lang='lat'><strong>44¹</strong></span> <span class='ocrx_word' id='word_1_142' title='bbox 310 1917 367 1977; x_wconf 81' lang='lat'><strong>15‘¹</strong></span> <span class='ocrx_word' id='word_1_143' title='bbox 387 1921 427 1974; x_wconf 88' lang='lat' dir='ltr'><strong>sic</strong></span> <span class='ocrx_word' id='word_1_144' title='bbox 447 1920 566 1974; x_wconf 75' lang='lat' dir='ltr'><strong>elicitam</strong></span> <span class='ocrx_word' id='word_1_145' title='bbox 586 1920 679 1975; x_wconf 85' lang='lat' dir='ltr'><strong>somid.</strong></span> <span class='ocrx_word' id='word_1_146' title='bbox 701 1914 734 1979; x_wconf 84' lang='grc' dir='ltr'>Θ</span> <span class='ocrx_word' id='word_1_147' title='bbox 758 1916 804 1977; x_wconf 86' lang='grc'><strong>15’</strong></span> <span class='ocrx_word' id='word_1_148' title='bbox 827 1917 892 1985; x_wconf 84' lang='grc'><strong>33”,</strong></span> <span class='ocrx_word' id='word_1_149' title='bbox 921 1938 991 1992; x_wconf 86' lang='lat' dir='ltr'><strong>quae</strong></span> <span class='ocrx_word' id='word_1_150' title='bbox 1010 1929 1086 1977; x_wconf 88' lang='lat' dir='ltr'><strong>certo</strong></span> <span class='ocrx_word' id='word_1_151' title='bbox 1108 1941 1161 1978; x_wconf 90' lang='lat' dir='ltr'><strong>non</strong></span> <span class='ocrx_word' id='word_1_152' title='bbox 1181 1932 1225 1980; x_wconf 87' lang='lat' dir='ltr'><strong>est</strong></span> <span class='ocrx_word' id='word_1_153' title='bbox 1245 1924 1317 1992; x_wconf 83' lang='lat' dir='ltr'><strong>alia,</strong></span> <span class='ocrx_word' id='word_1_154' title='bbox 1342 1946 1407 1984; x_wconf 89' lang='lat' dir='ltr'><strong>con·</strong></span> 
     </span>
     <span class='ocr_line' id='line_1_21' title="bbox 108 1996 1408 2072; baseline 0.005 -16"><span class='ocrx_word' id='word_1_155' title='bbox 108 2003 143 2057; x_wconf 83' lang='lat' dir='ltr'><strong>bis</strong></span> <span class='ocrx_word' id='word_1_156' title='bbox 166 1998 214 2058; x_wconf 79' lang='lat'><strong>59‘</strong></span> <span class='ocrx_word' id='word_1_157' title='bbox 235 1997 307 2066; x_wconf 75' lang='lat'><strong>48“‚</strong></span> <span class='ocrx_word' id='word_1_158' title='bbox 333 2017 404 2072; x_wconf 89' lang='lat' dir='ltr'><strong>quae</strong></span> <span class='ocrx_word' id='word_1_159' title='bbox 431 2001 552 2054; x_wconf 75' lang='lat' dir='ltr'><strong>debebat</strong></span> <span class='ocrx_word' id='word_1_160' title='bbox 571 2016 632 2053; x_wconf 89' lang='lat' dir='ltr'><strong>esse</strong></span> <span class='ocrx_word' id='word_1_161' title='bbox 654 2017 758 2055; x_wconf 90' lang='lat' dir='ltr'><strong>summa</strong></span> <span class='ocrx_word' id='word_1_162' title='bbox 781 2001 969 2070; x_wconf 86' lang='lat' dir='ltr'><strong>parallaxium</strong></span> <span class='ocrx_word' id='word_1_163' title='bbox 992 1997 1023 2060; x_wconf 85' lang='grc' dir='ltr'>Θ</span> <span class='ocrx_word' id='word_1_164' title='bbox 1046 2009 1076 2056; x_wconf 85' lang='lat' dir='ltr'><strong>et</strong></span> <span class='ocrx_word' id='word_1_165' title='bbox 1096 1996 1137 2067; x_wconf 71' lang='lat'><strong>)‚</strong></span> <span class='ocrx_word' id='word_1_166' title='bbox 1165 2021 1228 2059; x_wconf 85' lang='lat' dir='ltr'><strong>cum</strong></span> <span class='ocrx_word' id='word_1_167' title='bbox 1251 2014 1345 2062; x_wconf 86' lang='lat' dir='ltr'><strong>tamen</strong></span> <span class='ocrx_word' id='word_1_168' title='bbox 1370 2009 1408 2064; x_wconf 87' lang='lat' dir='ltr'><strong>sit</strong></span> 
     </span>
     <span class='ocr_line' id='line_1_22' title="bbox 108 2071 1407 2171; baseline 0.005 -34"><span class='ocrx_word' id='word_1_169' title='bbox 108 2089 140 2137; x_wconf 84' lang='lat' dir='ltr'><strong>tc</strong></span> <span class='ocrx_word' id='word_1_170' title='bbox 161 2081 276 2144; x_wconf 90' lang='lat' dir='ltr'><strong>certius,</strong></span> <span class='ocrx_word' id='word_1_171' title='bbox 305 2080 465 2150; x_wconf 80' lang='lat' dir='ltr'><strong>parallaxin</strong></span> <span class='ocrx_word' id='word_1_172' title='bbox 488 2079 573 2133; x_wconf 88' lang='lat' dir='ltr'><strong>solius</strong></span> <span class='ocrx_word' id='word_1_173' title='bbox 595 2071 621 2140; x_wconf 69' lang='lat' dir='ltr'><strong>J)</strong></span> <span class='ocrx_word' id='word_1_174' title='bbox 648 2079 692 2132; x_wconf 89' lang='lat' dir='ltr'><strong>hic</strong></span> <span class='ocrx_word' id='word_1_175' title='bbox 713 2097 774 2134; x_wconf 89' lang='lat' dir='ltr'><strong>esse</strong></span> <span class='ocrx_word' id='word_1_176' title='bbox 796 2077 843 2135; x_wconf 83' lang='lat'><strong>62‘</strong></span> <span class='ocrx_word' id='word_1_177' title='bbox 865 2081 979 2136; x_wconf 84' lang='lat' dir='ltr'><strong>circiter.</strong></span> <span class='ocrx_word' id='word_1_178' title='bbox 1020 2082 1072 2135; x_wconf 85' lang='lat' dir='ltr'><strong>Est</strong></span> <span class='ocrx_word' id='word_1_179' title='bbox 1092 2083 1227 2171; x_wconf 58' lang='lat' dir='ltr'><strong>igituqet</strong></span> <span class='ocrx_word' id='word_1_180' title='bbox 1247 2086 1299 2140; x_wconf 83' lang='lat' dir='ltr'><strong>boc</strong></span> <span class='ocrx_word' id='word_1_181' title='bbox 1318 2104 1407 2160; x_wconf 89' lang='lat' dir='ltr'><strong>aeque</strong></span> 
     </span>
     <span class='ocr_line' id='line_1_23' title="bbox 108 2159 1405 2235; baseline 0.005 -19"><span class='ocrx_word' id='word_1_182' title='bbox 108 2170 177 2226; x_wconf 85' lang='lat' dir='ltr'><strong>tum,</strong></span> <span class='ocrx_word' id='word_1_183' title='bbox 200 2161 427 2215; x_wconf 89' lang='lat' dir='ltr'><strong>semidiametrum</strong></span> <span class='ocrx_word' id='word_1_184' title='bbox 448 2160 560 2212; x_wconf 88' lang='lat' dir='ltr'><strong>umbrae</strong></span> <span class='ocrx_word' id='word_1_185' title='bbox 581 2159 766 2230; x_wconf 79' lang='lat' dir='ltr'><strong>geometricae</strong></span> <span class='ocrx_word' id='word_1_186' title='bbox 786 2177 847 2214; x_wconf 87' lang='lat' dir='ltr'><strong>esse</strong></span> <span class='ocrx_word' id='word_1_187' title='bbox 868 2159 1006 2228; x_wconf 79' lang='lat' dir='ltr'><strong>majorem.</strong></span> <span class='ocrx_word' id='word_1_188' title='bbox 1029 2178 1110 2232; x_wconf 90' lang='lat' dir='ltr'><strong>quam</strong></span> <span class='ocrx_word' id='word_1_189' title='bbox 1131 2169 1238 2233; x_wconf 88' lang='lat' dir='ltr'><strong>quanta</strong></span> <span class='ocrx_word' id='word_1_190' title='bbox 1256 2167 1348 2235; x_wconf 86' lang='lat' dir='ltr'><strong>prodit</strong></span> <span class='ocrx_word' id='word_1_191' title='bbox 1367 2186 1405 2223; x_wconf 90' lang='lat' dir='ltr'><strong>ex</strong></span> 
     </span>
     <span class='ocr_line' id='line_1_24' title="bbox 107 2239 1408 2312; baseline 0.007 -19"><span class='ocrx_word' id='word_1_192' title='bbox 107 2243 271 2302; x_wconf 56' lang='lat' dir='ltr'><strong>terraticum</strong></span> <span class='ocrx_word' id='word_1_193' title='bbox 303 2241 366 2311; x_wconf 88' lang='lat' dir='ltr'><strong>quia</strong></span> <span class='ocrx_word' id='word_1_194' title='bbox 393 2239 515 2293; x_wconf 88' lang='lat' dir='ltr'><strong>nimirum</strong></span> <span class='ocrx_word' id='word_1_195' title='bbox 540 2239 636 2292; x_wconf 89' lang='lat' dir='ltr'><strong>umbra</strong></span> <span class='ocrx_word' id='word_1_196' title='bbox 663 2239 697 2291; x_wconf 96' lang='lat' dir='ltr'><strong>ob</strong></span> <span class='ocrx_word' id='word_1_197' title='bbox 726 2255 824 2292; x_wconf 87' lang='lat' dir='ltr'><strong>causas</strong></span> <span class='ocrx_word' id='word_1_198' title='bbox 851 2240 980 2310; x_wconf 80' lang='lat' dir='ltr'><strong>physicas</strong></span> <span class='ocrx_word' id='word_1_199' title='bbox 1005 2247 1034 2294; x_wconf 88' lang='lat' dir='ltr'><strong>ct</strong></span> <span class='ocrx_word' id='word_1_200' title='bbox 1061 2242 1167 2312; x_wconf 87' lang='lat' dir='ltr'><strong>opticas</strong></span> <span class='ocrx_word' id='word_1_201' title='bbox 1188 2243 1241 2296; x_wconf 90' lang='lat' dir='ltr'><strong>bac</strong></span> <span class='ocrx_word' id='word_1_202' title='bbox 1262 2245 1321 2300; x_wconf 82' lang='lat' dir='ltr'><strong>rice</strong></span> <span class='ocrx_word' id='word_1_203' title='bbox 1342 2265 1408 2302; x_wconf 93' lang='lat' dir='ltr'><strong>con·</strong></span> 
     </span>
     <span class='ocr_line' id='line_1_25' title="bbox 108 2314 1400 2376; baseline 0.004 0"><span class='ocrx_word' id='word_1_204' title='bbox 108 2323 179 2376; x_wconf 91' lang='lat' dir='ltr'><strong>cticr</strong></span> <span class='ocrx_word' id='word_1_205' title='bbox 200 2322 259 2375; x_wconf 88' lang='lat' dir='ltr'><strong>fuit.</strong></span> <span class='ocrx_word' id='word_1_206' title='bbox 1390 2314 1400 2335; x_wconf 80' lang='lat'><em>⁰</em></span> 
     </span>
    </p>
   </div>
   <div class='ocr_carea' id='block_1_9' title="bbox 253 2461 1218 2543">
    <p class='ocr_par' dir='ltr' id='par_1_9' title="bbox 253 2461 1218 2543">
     <span class='ocr_line' id='line_1_26' title="bbox 253 2461 1218 2543; baseline 0.001 -17"><span class='ocrx_word' id='word_1_207' title='bbox 253 2470 350 2526; x_wconf 83' lang='lat' dir='ltr'>XLVL</span> <span class='ocrx_word' id='word_1_208' title='bbox 379 2468 497 2539; x_wconf 89' lang='lat' dir='ltr'><strong>Eclipsis</strong></span> <span class='ocrx_word' id='word_1_209' title='bbox 515 2469 612 2521; x_wconf 88' lang='lat' dir='ltr'><strong>Lunae</strong></span> <span class='ocrx_word' id='word_1_210' title='bbox 633 2482 704 2520; x_wconf 89' lang='lat' dir='ltr'><strong>anuo</strong></span> <span class='ocrx_word' id='word_1_211' title='bbox 727 2461 810 2523; x_wconf 81' lang='lat'><strong>1625.</strong></span> <span class='ocrx_word' id='word_1_212' title='bbox 834 2463 927 2527; x_wconf 80' lang='grc'><strong>13123.</strong></span> <span class='ocrx_word' id='word_1_213' title='bbox 947 2468 1041 2522; x_wconf 81' lang='lat' dir='ltr'><strong>Martii</strong></span> <span class='ocrx_word' id='word_1_214' title='bbox 1060 2475 1141 2524; x_wconf 92' lang='lat' dir='ltr'><strong>nocte</strong></span> <span class='ocrx_word' id='word_1_215' title='bbox 1160 2487 1218 2543; x_wconf 88' lang='lat' dir='ltr'><strong>seq.</strong></span> 
     </span>
    </p>
   </div>
   <div class='ocr_carea' id='block_1_10' title="bbox 106 2598 1411 3800">
    <p class='ocr_par' dir='ltr' id='par_1_10' title="bbox 107 2598 1408 3080">
     <span class='ocr_line' id='line_1_27' title="bbox 155 2598 1408 2683; baseline 0.002 -15"><span class='ocrx_word' id='word_1_216' title='bbox 155 2612 258 2668; x_wconf 89' lang='lat' dir='ltr'><strong>Nubila</strong></span> <span class='ocrx_word' id='word_1_217' title='bbox 279 2611 385 2683; x_wconf 89' lang='lat' dir='ltr'><strong>quidem</strong></span> <span class='ocrx_word' id='word_1_218' title='bbox 405 2611 496 2674; x_wconf 83' lang='lat' dir='ltr'><strong>nulla.</strong></span> <span class='ocrx_word' id='word_1_219' title='bbox 519 2613 568 2664; x_wconf 90' lang='lat' dir='ltr'><strong>sed</strong></span> <span class='ocrx_word' id='word_1_220' title='bbox 587 2619 662 2664; x_wconf 89' lang='lat' dir='ltr'><strong>totns</strong></span> <span class='ocrx_word' id='word_1_221' title='bbox 683 2616 733 2665; x_wconf 80' lang='lat' dir='ltr'><strong>adr</strong></span> <span class='ocrx_word' id='word_1_222' title='bbox 753 2610 822 2664; x_wconf 86' lang='lat' dir='ltr'><strong>adeo</strong></span> <span class='ocrx_word' id='word_1_223' title='bbox 843 2626 952 2663; x_wconf 87' lang='lat' dir='ltr'><strong>crassus</strong></span> <span class='ocrx_word' id='word_1_224' title='bbox 972 2617 1047 2674; x_wconf 84' lang='lat' dir='ltr'><strong>erat,</strong></span> <span class='ocrx_word' id='word_1_225' title='bbox 1068 2617 1100 2665; x_wconf 93' lang='lat' dir='ltr'><strong>ut</strong></span> <span class='ocrx_word' id='word_1_226' title='bbox 1119 2613 1229 2682; x_wconf 84' lang='lat' dir='ltr'><strong>Jupiter</strong></span> <span class='ocrx_word' id='word_1_227' title='bbox 1247 2614 1333 2669; x_wconf 85' lang='lat' dir='ltr'><strong>rideri</strong></span> <span class='ocrx_word' id='word_1_228' title='bbox 1346 2598 1408 2671; x_wconf 59' lang='lat' dir='ltr'><strong>&#39;nou</strong></span> 
     </span>
     <span class='ocr_line' id='line_1_28' title="bbox 107 2689 1408 2765; baseline 0.003 -18"><span class='ocrx_word' id='word_1_229' title='bbox 107 2702 175 2756; x_wconf 84' lang='lat' dir='ltr'><strong>sset,</strong></span> <span class='ocrx_word' id='word_1_230' title='bbox 202 2691 323 2762; x_wconf 82' lang='lat' dir='ltr'><strong>quamvis</strong></span> <span class='ocrx_word' id='word_1_231' title='bbox 344 2691 440 2744; x_wconf 89' lang='lat' dir='ltr'><strong>Lunae</strong></span> <span class='ocrx_word' id='word_1_232' title='bbox 461 2690 563 2744; x_wconf 83' lang='lat' dir='ltr'><strong>ricinus</strong></span> <span class='ocrx_word' id='word_1_233' title='bbox 585 2697 675 2744; x_wconf 86' lang='lat' dir='ltr'><strong>staret</strong></span> <span class='ocrx_word' id='word_1_234' title='bbox 694 2691 764 2744; x_wconf 87' lang='lat' dir='ltr'><strong>hora</strong></span> <span class='ocrx_word' id='word_1_235' title='bbox 783 2689 871 2759; x_wconf 89' lang='lat' dir='ltr'><strong>prima</strong></span> <span class='ocrx_word' id='word_1_236' title='bbox 891 2698 955 2759; x_wconf 89' lang='lat' dir='ltr'><strong>post</strong></span> <span class='ocrx_word' id='word_1_237' title='bbox 973 2691 1089 2745; x_wconf 87' lang='lat' dir='ltr'><strong>mediam</strong></span> <span class='ocrx_word' id='word_1_238' title='bbox 1108 2700 1223 2750; x_wconf 90' lang='lat' dir='ltr'><strong>noctem.</strong></span> <span class='ocrx_word' id='word_1_239' title='bbox 1264 2696 1330 2750; x_wconf 86' lang='lat' dir='ltr'><strong>Cum</strong></span> <span class='ocrx_word' id='word_1_240' title='bbox 1346 2696 1408 2765; x_wconf 87' lang='lat' dir='ltr'><strong>jam</strong></span> 
     </span>
     <span class='ocr_line' id='line_1_29' title="bbox 107 2768 1407 2842; baseline 0.002 -15"><span class='ocrx_word' id='word_1_241' title='bbox 107 2773 213 2827; x_wconf 89' lang='lat' dir='ltr'><strong>dimidio</strong></span> <span class='ocrx_word' id='word_1_242' title='bbox 234 2773 318 2825; x_wconf 91' lang='lat' dir='ltr'><strong>horae</strong></span> <span class='ocrx_word' id='word_1_243' title='bbox 339 2772 492 2842; x_wconf 85' lang='lat' dir='ltr'><strong>quadrante</strong></span> <span class='ocrx_word' id='word_1_244' title='bbox 512 2770 574 2823; x_wconf 86' lang='lat' dir='ltr'><strong>visa</strong></span> <span class='ocrx_word' id='word_1_245' title='bbox 593 2778 669 2823; x_wconf 87' lang='lat' dir='ltr'><strong>esset</strong></span> <span class='ocrx_word' id='word_1_246' title='bbox 688 2769 793 2840; x_wconf 82' lang='lat' dir='ltr'><strong>pallere</strong></span> <span class='ocrx_word' id='word_1_247' title='bbox 815 2771 849 2823; x_wconf 91' lang='lat' dir='ltr'><strong>ad</strong></span> <span class='ocrx_word' id='word_1_248' title='bbox 868 2768 1007 2824; x_wconf 87' lang='lat' dir='ltr'><strong>sinistram</strong></span> <span class='ocrx_word' id='word_1_249' title='bbox 1026 2770 1106 2835; x_wconf 83' lang='lat' dir='ltr'><strong>inira,</strong></span> <span class='ocrx_word' id='word_1_250' title='bbox 1127 2779 1160 2826; x_wconf 89' lang='lat' dir='ltr'><strong>ut</strong></span> <span class='ocrx_word' id='word_1_251' title='bbox 1179 2774 1251 2827; x_wconf 89' lang='lat' dir='ltr'><strong>solet</strong></span> <span class='ocrx_word' id='word_1_252' title='bbox 1271 2782 1336 2829; x_wconf 85' lang='lat' dir='ltr'><strong>ante</strong></span> <span class='ocrx_word' id='word_1_253' title='bbox 1356 2777 1407 2829; x_wconf 90' lang='lat' dir='ltr'><strong>ini·</strong></span> 
     </span>
     <span class='ocr_line' id='line_1_30' title="bbox 107 2849 1406 2920; baseline 0.002 -14"><span class='ocrx_word' id='word_1_254' title='bbox 107 2871 148 2916; x_wconf 92' lang='lat' dir='ltr'><strong>m,</strong></span> <span class='ocrx_word' id='word_1_255' title='bbox 175 2853 258 2905; x_wconf 85' lang='lat' dir='ltr'><strong>otiam</strong></span> <span class='ocrx_word' id='word_1_256' title='bbox 279 2868 338 2904; x_wconf 91' lang='lat' dir='ltr'><strong>cum</strong></span> <span class='ocrx_word' id='word_1_257' title='bbox 358 2866 429 2920; x_wconf 85' lang='lat' dir='ltr'><strong>pura</strong></span> <span class='ocrx_word' id='word_1_258' title='bbox 449 2857 492 2903; x_wconf 89' lang='lat' dir='ltr'><strong>cst</strong></span> <span class='ocrx_word' id='word_1_259' title='bbox 513 2866 595 2912; x_wconf 91' lang='lat' dir='ltr'><strong>aura,</strong></span> <span class='ocrx_word' id='word_1_260' title='bbox 619 2849 679 2918; x_wconf 88' lang='lat' dir='ltr'><strong>jam</strong></span> <span class='ocrx_word' id='word_1_261' title='bbox 699 2857 791 2903; x_wconf 90' lang='lat' dir='ltr'><strong>tamen</strong></span> <span class='ocrx_word' id='word_1_262' title='bbox 811 2849 926 2902; x_wconf 84' lang='lat' dir='ltr'><strong>discerni</strong></span> <span class='ocrx_word' id='word_1_263' title='bbox 947 2867 1000 2903; x_wconf 90' lang='lat' dir='ltr'><strong>nou</strong></span> <span class='ocrx_word' id='word_1_264' title='bbox 1028 2851 1133 2919; x_wconf 86' lang='lat' dir='ltr'><strong>potuit,</strong></span> <span class='ocrx_word' id='word_1_265' title='bbox 1162 2861 1271 2907; x_wconf 84' lang='lat' dir='ltr'><strong>essetne</strong></span> <span class='ocrx_word' id='word_1_266' title='bbox 1291 2855 1406 2918; x_wconf 87' lang='lat' dir='ltr'><strong>initium.</strong></span> 
     </span>
     <span class='ocr_line' id='line_1_31' title="bbox 107 2927 1408 2999; baseline 0.002 -12"><span class='ocrx_word' id='word_1_267' title='bbox 107 2952 137 2987; x_wconf 82' lang='lat' dir='ltr'><strong>eo</strong></span> <span class='ocrx_word' id='word_1_268' title='bbox 157 2933 264 2985; x_wconf 88' lang='lat' dir='ltr'><strong>coelum</strong></span> <span class='ocrx_word' id='word_1_269' title='bbox 284 2935 346 2984; x_wconf 88' lang='lat' dir='ltr'><strong>erat</strong></span> <span class='ocrx_word' id='word_1_270' title='bbox 365 2929 501 2984; x_wconf 92' lang='lat' dir='ltr'><strong>turbidum</strong></span> <span class='ocrx_word' id='word_1_271' title='bbox 522 2937 552 2982; x_wconf 89' lang='lat' dir='ltr'><strong>et</strong></span> <span class='ocrx_word' id='word_1_272' title='bbox 571 2929 648 2999; x_wconf 89' lang='lat' dir='ltr'><strong>qnasi</strong></span> <span class='ocrx_word' id='word_1_273' title='bbox 673 2929 846 2992; x_wconf 83' lang='lat' dir='ltr'><strong>nebulosum,</strong></span> <span class='ocrx_word' id='word_1_274' title='bbox 872 2927 911 2981; x_wconf 87' lang='lat' dir='ltr'><strong>sic</strong></span> <span class='ocrx_word' id='word_1_275' title='bbox 934 2936 967 2982; x_wconf 93' lang='lat' dir='ltr'><strong>ut</strong></span> <span class='ocrx_word' id='word_1_276' title='bbox 991 2930 1126 2998; x_wconf 85' lang='lat' dir='ltr'><strong>paulatim</strong></span> <span class='ocrx_word' id='word_1_277' title='bbox 1146 2940 1321 2989; x_wconf 88' lang='lat' dir='ltr'><strong>enasceretur</strong></span> <span class='ocrx_word' id='word_1_278' title='bbox 1340 2935 1408 2989; x_wconf 86' lang='lat' dir='ltr'><strong>halo</strong></span> 
     </span>
     <span class='ocr_line' id='line_1_32' title="bbox 108 3008 1125 3080; baseline -0.002 -13"><span class='ocrx_word' id='word_1_279' title='bbox 108 3030 139 3066; x_wconf 91' lang='lat' dir='ltr'><strong>ca</strong></span> <span class='ocrx_word' id='word_1_280' title='bbox 158 3013 280 3072; x_wconf 71' lang='lat' dir='ltr'><strong>Lunam</strong></span> <span class='ocrx_word' id='word_1_281' title='bbox 301 3010 446 3080; x_wconf 80' lang='lat' dir='ltr'><strong>videbatur</strong></span> <span class='ocrx_word' id='word_1_282' title='bbox 466 3008 517 3062; x_wconf 93' lang='lat' dir='ltr'><strong>illa</strong></span> <span class='ocrx_word' id='word_1_283' title='bbox 536 3008 622 3062; x_wconf 80' lang='lat' dir='ltr'><strong>veluti</strong></span> <span class='ocrx_word' id='word_1_284' title='bbox 643 3025 693 3078; x_wconf 84' lang='lat' dir='ltr'><strong>per</strong></span> <span class='ocrx_word' id='word_1_285' title='bbox 713 3023 813 3079; x_wconf 88' lang='lat' dir='ltr'><strong>aquam</strong></span> <span class='ocrx_word' id='word_1_286' title='bbox 833 3008 926 3061; x_wconf 89' lang='lat' dir='ltr'><strong>dilutis</strong></span> <span class='ocrx_word' id='word_1_287' title='bbox 948 3010 1125 3079; x_wconf 73' lang='lat' dir='ltr'><strong>marginibus.</strong></span> 
     </span>
    </p>

    <p class='ocr_par' dir='ltr' id='par_1_11' title="bbox 106 3087 1411 3800">
     <span class='ocr_line' id='line_1_33' title="bbox 155 3087 1408 3161; baseline 0.001 -15"><span class='ocrx_word' id='word_1_288' title='bbox 155 3093 224 3146; x_wconf 85' lang='lat' dir='ltr'><strong>Post</strong></span> <span class='ocrx_word' id='word_1_289' title='bbox 244 3091 421 3161; x_wconf 84' lang='lat' dir='ltr'><strong>quadrantem</strong></span> <span class='ocrx_word' id='word_1_290' title='bbox 441 3090 477 3141; x_wconf 92' lang='lat' dir='ltr'><strong>ad</strong></span> <span class='ocrx_word' id='word_1_291' title='bbox 496 3089 635 3142; x_wconf 78' lang='lat' dir='ltr'><strong>sinistram</strong></span> <span class='ocrx_word' id='word_1_292' title='bbox 655 3087 727 3142; x_wconf 83' lang='lat' dir='ltr'><strong>inira</strong></span> <span class='ocrx_word' id='word_1_293' title='bbox 746 3088 837 3157; x_wconf 85' lang='lat' dir='ltr'><strong>pallor</strong></span> <span class='ocrx_word' id='word_1_294' title='bbox 858 3088 964 3159; x_wconf 88' lang='lat' dir='ltr'><strong>quidem</strong></span> <span class='ocrx_word' id='word_1_295' title='bbox 984 3097 1058 3154; x_wconf 87' lang='lat' dir='ltr'><strong>erat,</strong></span> <span class='ocrx_word' id='word_1_296' title='bbox 1080 3091 1222 3147; x_wconf 88' lang='lat' dir='ltr'><strong>obscurum</strong></span> <span class='ocrx_word' id='word_1_297' title='bbox 1242 3099 1349 3156; x_wconf 87' lang='lat' dir='ltr'><strong>tamen,</strong></span> <span class='ocrx_word' id='word_1_298' title='bbox 1371 3111 1408 3148; x_wconf 90' lang='lat' dir='ltr'><strong>ex</strong></span> 
     </span>
     <span class='ocr_line' id='line_1_34' title="bbox 106 3162 1410 3305; baseline -0.001 -79"><span class='ocrx_word' id='word_1_299' title='bbox 106 3171 258 3226; x_wconf 88' lang='lat' dir='ltr'><strong>bilitatione</strong></span> <span class='ocrx_word' id='word_1_300' title='bbox 279 3185 315 3222; x_wconf 90' lang='lat' dir='ltr'><strong>an</strong></span> <span class='ocrx_word' id='word_1_301' title='bbox 335 3186 372 3222; x_wconf 88' lang='lat' dir='ltr'><strong>ex</strong></span> <span class='ocrx_word' id='word_1_302' title='bbox 399 3168 491 3238; x_wconf 89' lang='lat' dir='ltr'><strong>aliquo</strong></span> <span class='ocrx_word' id='word_1_303' title='bbox 519 3169 627 3222; x_wconf 83' lang='lat' dir='ltr'><strong>defectu</strong></span> <span class='ocrx_word' id='word_1_304' title='bbox 653 3183 718 3221; x_wconf 87' lang='lat' dir='ltr'><strong>orae</strong></span> <span class='ocrx_word' id='word_1_305' title='bbox 741 3169 883 3222; x_wconf 86' lang='lat' dir='ltr'><strong>rotundae.</strong></span> <span class='ocrx_word' id='word_1_306' title='bbox 924 3169 993 3224; x_wconf 87' lang='lat' dir='ltr'><strong>Post</strong></span> <span class='ocrx_word' id='word_1_307' title='bbox 1019 3168 1312 3305; x_wconf 51' lang='lat' dir='ltr'><strong>aliumwssadrautem</strong></span> <span class='ocrx_word' id='word_1_308' title='bbox 1336 3162 1410 3229; x_wconf 62' lang='lat' dir='ltr'><strong>ioh</strong></span> 
     </span>
     <span class='ocr_line' id='line_1_35' title="bbox 107 3246 1409 3324; baseline 0.002 -21"><span class='ocrx_word' id='word_1_309' title='bbox 107 3268 215 3322; x_wconf 86' lang='lat' dir='ltr'><strong>rumper</strong></span> <span class='ocrx_word' id='word_1_310' title='bbox 235 3251 269 3303; x_wconf 94' lang='lat' dir='ltr'><strong>ad</strong></span> <span class='ocrx_word' id='word_1_311' title='bbox 290 3247 428 3302; x_wconf 85' lang='lat' dir='ltr'><strong>sinistram</strong></span> <span class='ocrx_word' id='word_1_312' title='bbox 448 3254 511 3301; x_wconf 89' lang='lat' dir='ltr'><strong>erat</strong></span> <span class='ocrx_word' id='word_1_313' title='bbox 530 3248 621 3317; x_wconf 88' lang='lat' dir='ltr'><strong>pallor</strong></span> <span class='ocrx_word' id='word_1_314' title='bbox 640 3247 688 3300; x_wconf 83' lang='lat' dir='ltr'><strong>vix</strong></span> <span class='ocrx_word' id='word_1_315' title='bbox 709 3249 910 3319; x_wconf 74' lang='lat' dir='ltr'><strong>agnoscendus,</strong></span> <span class='ocrx_word' id='word_1_316' title='bbox 937 3249 1095 3317; x_wconf 82' lang='lat' dir='ltr'><strong>aspectuL</strong></span> <span class='ocrx_word' id='word_1_317' title='bbox 1189 3246 1409 3324; x_wconf 74' lang='lat' dir='ltr'><strong>magis&#39;magis·</strong></span> 
     </span>
     <span class='ocr_line' id='line_1_36' title="bbox 108 3327 1409 3397; baseline 0.002 -13"><span class='ocrx_word' id='word_1_318' title='bbox 108 3330 263 3384; x_wconf 83' lang='lat' dir='ltr'><strong>sconfuso.</strong></span> <span class='ocrx_word' id='word_1_319' title='bbox 303 3329 371 3381; x_wconf 88' lang='lat' dir='ltr'><strong>Post</strong></span> <span class='ocrx_word' id='word_1_320' title='bbox 391 3336 447 3381; x_wconf 83' lang='lat' dir='ltr'><strong>tres</strong></span> <span class='ocrx_word' id='word_1_321' title='bbox 468 3329 633 3397; x_wconf 88' lang='lat' dir='ltr'><strong>quadrantes</strong></span> <span class='ocrx_word' id='word_1_322' title='bbox 655 3327 745 3396; x_wconf 87' lang='lat' dir='ltr'><strong>pallor</strong></span> <span class='ocrx_word' id='word_1_323' title='bbox 766 3327 823 3380; x_wconf 84' lang='lat' dir='ltr'><strong>fere</strong></span> <span class='ocrx_word' id='word_1_324' title='bbox 843 3327 928 3391; x_wconf 86' lang='lat' dir='ltr'><strong>iufra,</strong></span> <span class='ocrx_word' id='word_1_325' title='bbox 950 3328 1072 3382; x_wconf 84' lang='lat' dir='ltr'><strong>deiectus</strong></span> <span class='ocrx_word' id='word_1_326' title='bbox 1093 3329 1227 3395; x_wconf 85' lang='lat' dir='ltr'><strong>incertus,</strong></span> <span class='ocrx_word' id='word_1_327' title='bbox 1257 3348 1308 3385; x_wconf 88' lang='lat' dir='ltr'><strong>nec</strong></span> <span class='ocrx_word' id='word_1_328' title='bbox 1327 3332 1409 3386; x_wconf 82' lang='lat' dir='ltr'><strong>facile</strong></span> 
     </span>
     <span class='ocr_line' id='line_1_37' title="bbox 109 3392 1411 3481; baseline 0.003 -19"><span class='ocrx_word' id='word_1_329' title='bbox 109 3411 129 3462; x_wconf 88' lang='lat' dir='ltr'><strong>is</strong></span> <span class='ocrx_word' id='word_1_330' title='bbox 150 3409 253 3480; x_wconf 86' lang='lat' dir='ltr'><strong>aliquid</strong></span> <span class='ocrx_word' id='word_1_331' title='bbox 274 3408 466 3469; x_wconf 85' lang='lat' dir='ltr'><strong>desiderasset,</strong></span> <span class='ocrx_word' id='word_1_332' title='bbox 488 3406 539 3460; x_wconf 88' lang='lat' dir='ltr'><strong>nisi</strong></span> <span class='ocrx_word' id='word_1_333' title='bbox 560 3408 593 3460; x_wconf 93' lang='lat' dir='ltr'><strong>de</strong></span> <span class='ocrx_word' id='word_1_334' title='bbox 614 3407 722 3460; x_wconf 82' lang='lat' dir='ltr'><strong>delectu</strong></span> <span class='ocrx_word' id='word_1_335' title='bbox 742 3406 818 3475; x_wconf 88' lang='lat' dir='ltr'><strong>prius</strong></span> <span class='ocrx_word' id='word_1_336' title='bbox 839 3406 999 3464; x_wconf 89' lang='lat' dir='ltr'><strong>admonitus.</strong></span> <span class='ocrx_word' id='word_1_337' title='bbox 1032 3408 1100 3461; x_wconf 89' lang='lat' dir='ltr'><strong>Post</strong></span> <span class='ocrx_word' id='word_1_338' title='bbox 1122 3392 1176 3473; x_wconf 81' lang='lat' dir='ltr'><strong>i0‘‚</strong></span> <span class='ocrx_word' id='word_1_339' title='bbox 1200 3411 1320 3481; x_wconf 79' lang='lat' dir='ltr'><strong>quamvis</strong></span> <span class='ocrx_word' id='word_1_340' title='bbox 1341 3412 1411 3466; x_wconf 87' lang='lat' dir='ltr'><strong>nihil</strong></span> 
     </span>
     <span class='ocr_line' id='line_1_38' title="bbox 106 3484 1410 3560; baseline 0.002 -17"><span class='ocrx_word' id='word_1_341' title='bbox 106 3490 137 3543; x_wconf 87' lang='lat' dir='ltr'><strong>rti</strong></span> <span class='ocrx_word' id='word_1_342' title='bbox 157 3493 189 3543; x_wconf 90' lang='lat' dir='ltr'><strong>de</strong></span> <span class='ocrx_word' id='word_1_343' title='bbox 211 3489 328 3550; x_wconf 80' lang='lat' dir='ltr'><strong>defectu,</strong></span> <span class='ocrx_word' id='word_1_344' title='bbox 349 3493 440 3541; x_wconf 87' lang='lat' dir='ltr'><strong>tamen</strong></span> <span class='ocrx_word' id='word_1_345' title='bbox 461 3488 485 3539; x_wconf 89' lang='lat' dir='ltr'><strong>si</strong></span> <span class='ocrx_word' id='word_1_346' title='bbox 506 3486 565 3557; x_wconf 88' lang='lat' dir='ltr'><strong>quis</strong></span> <span class='ocrx_word' id='word_1_347' title='bbox 586 3484 746 3557; x_wconf 81' lang='lat' dir='ltr'><strong>diligentius</strong></span> <span class='ocrx_word' id='word_1_348' title='bbox 766 3485 907 3550; x_wconf 86' lang='lat' dir='ltr'><strong>lustraret,</strong></span> <span class='ocrx_word' id='word_1_349' title='bbox 928 3488 1020 3558; x_wconf 87' lang='lat' dir='ltr'><strong>pallor</strong></span> <span class='ocrx_word' id='word_1_350' title='bbox 1034 3495 1094 3541; x_wconf 89' lang='lat' dir='ltr'><strong>erat</strong></span> <span class='ocrx_word' id='word_1_351' title='bbox 1113 3489 1191 3560; x_wconf 91' lang='lat' dir='ltr'><strong>quasi</strong></span> <span class='ocrx_word' id='word_1_352' title='bbox 1211 3489 1239 3543; x_wconf 92' lang='lat' dir='ltr'><strong>in</strong></span> <span class='ocrx_word' id='word_1_353' title='bbox 1259 3490 1322 3546; x_wconf 90' lang='lat' dir='ltr'><strong>imo.</strong></span> <span class='ocrx_word' id='word_1_354' title='bbox 1353 3492 1410 3546; x_wconf 82' lang='lat' dir='ltr'><strong>Ita·</strong></span> 
     </span>
     <span class='ocr_line' id='line_1_39' title="bbox 106 3556 1409 3639; baseline 0.002 -17"><span class='ocrx_word' id='word_1_355' title='bbox 106 3587 123 3622; x_wconf 70' lang='lat' dir='ltr'><strong>le</strong></span> <span class='ocrx_word' id='word_1_356' title='bbox 142 3571 168 3624; x_wconf 91' lang='lat' dir='ltr'><strong>h.</strong></span> <span class='ocrx_word' id='word_1_357' title='bbox 191 3566 216 3624; x_wconf 93' lang='grc'><strong>1.</strong></span> <span class='ocrx_word' id='word_1_358' title='bbox 239 3564 287 3622; x_wconf 84' lang='grc'><strong>55’</strong></span> <span class='ocrx_word' id='word_1_359' title='bbox 307 3568 422 3621; x_wconf 89' lang='lat' dir='ltr'><strong>medium</strong></span> <span class='ocrx_word' id='word_1_360' title='bbox 443 3566 554 3629; x_wconf 83' lang='lat' dir='ltr'><strong>suisset,</strong></span> <span class='ocrx_word' id='word_1_361' title='bbox 580 3564 645 3636; x_wconf 89' lang='lat' dir='ltr'><strong>quia</strong></span> <span class='ocrx_word' id='word_1_362' title='bbox 666 3565 752 3620; x_wconf 88' lang='lat' dir='ltr'><strong>oritur</strong></span> <span class='ocrx_word' id='word_1_363' title='bbox 773 3557 870 3630; x_wconf 60' lang='grc'><strong>106,</strong></span> <span class='ocrx_word' id='word_1_364' title='bbox 896 3573 928 3620; x_wconf 93' lang='lat' dir='ltr'><strong>ut</strong></span> <span class='ocrx_word' id='word_1_365' title='bbox 947 3566 984 3620; x_wconf 86' lang='lat' dir='ltr'><strong>sit</strong></span> <span class='ocrx_word' id='word_1_366' title='bbox 1004 3556 1030 3627; x_wconf 70' lang='lat'>)</span> <span class='ocrx_word' id='word_1_367' title='bbox 1052 3567 1080 3621; x_wconf 91' lang='lat' dir='ltr'><strong>in</strong></span> <span class='ocrx_word' id='word_1_368' title='bbox 1101 3568 1293 3639; x_wconf 77' lang='lat' dir='ltr'><strong>Nonagesimo.</strong></span> <span class='ocrx_word' id='word_1_369' title='bbox 1334 3571 1409 3633; x_wconf 85' lang='lat' dir='ltr'><strong>Qua·</strong></span> 
     </span>
     <span class='ocr_line' id='line_1_40' title="bbox 106 3641 1409 3718; baseline 0.002 -15"><span class='ocrx_word' id='word_1_370' title='bbox 106 3657 163 3702; x_wconf 83' lang='lat' dir='ltr'><strong>ante</strong></span> <span class='ocrx_word' id='word_1_371' title='bbox 184 3655 247 3718; x_wconf 90' lang='lat' dir='ltr'><strong>post</strong></span> <span class='ocrx_word' id='word_1_372' title='bbox 267 3647 294 3701; x_wconf 75' lang='lat' dir='ltr'><strong>h,</strong></span> <span class='ocrx_word' id='word_1_373' title='bbox 316 3641 342 3703; x_wconf 82' lang='lat'><strong>2.</strong></span> <span class='ocrx_word' id='word_1_374' title='bbox 370 3648 458 3700; x_wconf 89' lang='lat' dir='ltr'><strong>adhuc</strong></span> <span class='ocrx_word' id='word_1_375' title='bbox 487 3645 554 3699; x_wconf 90' lang='lat' dir='ltr'><strong>nihil</strong></span> <span class='ocrx_word' id='word_1_376' title='bbox 582 3645 656 3699; x_wconf 91' lang='lat' dir='ltr'><strong>aliud</strong></span> <span class='ocrx_word' id='word_1_377' title='bbox 673 3645 792 3714; x_wconf 89' lang='lat' dir='ltr'><strong>judicari</strong></span> <span class='ocrx_word' id='word_1_378' title='bbox 819 3645 927 3716; x_wconf 86' lang='lat' dir='ltr'><strong>potuit,</strong></span> <span class='ocrx_word' id='word_1_379' title='bbox 959 3663 1038 3717; x_wconf 91' lang='lat' dir='ltr'><strong>quam</strong></span> <span class='ocrx_word' id='word_1_380' title='bbox 1065 3649 1134 3717; x_wconf 89' lang='lat' dir='ltr'><strong>quod</strong></span> <span class='ocrx_word' id='word_1_381' title='bbox 1159 3648 1251 3718; x_wconf 86' lang='lat' dir='ltr'><strong>pallor</strong></span> <span class='ocrx_word' id='word_1_382' title='bbox 1271 3649 1308 3704; x_wconf 90' lang='lat' dir='ltr'><strong>sit</strong></span> <span class='ocrx_word' id='word_1_383' title='bbox 1327 3649 1409 3705; x_wconf 83' lang='lat' dir='ltr'><strong>infra.</strong></span> 
     </span>
     <span class='ocr_line' id='line_1_41' title="bbox 106 3708 1252 3800; baseline 0.004 -22"><span class='ocrx_word' id='word_1_384' title='bbox 106 3736 137 3781; x_wconf 74' lang='lat' dir='ltr'><strong>ist</strong></span> <span class='ocrx_word' id='word_1_385' title='bbox 156 3726 173 3784; x_wconf 82' lang='lat'>2</span> <span class='ocrx_word' id='word_1_386' title='bbox 197 3729 364 3800; x_wconf 85' lang='lat' dir='ltr'><strong>quadrantes</strong></span> <span class='ocrx_word' id='word_1_387' title='bbox 385 3724 461 3780; x_wconf 85' lang='lat' dir='ltr'><strong>ultra</strong></span> <span class='ocrx_word' id='word_1_388' title='bbox 481 3721 507 3780; x_wconf 85' lang='lat'><strong>2.</strong></span> <span class='ocrx_word' id='word_1_389' title='bbox 528 3725 575 3779; x_wconf 86' lang='lat' dir='ltr'><strong>vix</strong></span> <span class='ocrx_word' id='word_1_390' title='bbox 597 3708 744 3794; x_wconf 53' lang='lat' dir='ltr'><strong>conspsstn</strong></span> <span class='ocrx_word' id='word_1_391' title='bbox 763 3725 850 3791; x_wconf 88' lang='lat' dir='ltr'><strong>Luna,</strong></span> <span class='ocrx_word' id='word_1_392' title='bbox 871 3731 921 3780; x_wconf 70' lang='lat' dir='ltr'><strong>sir</strong></span> <span class='ocrx_word' id='word_1_393' title='bbox 940 3726 1075 3796; x_wconf 85' lang='lat' dir='ltr'><strong>paulatim</strong></span> <span class='ocrx_word' id='word_1_394' title='bbox 1096 3726 1123 3780; x_wconf 94' lang='lat' dir='ltr'><strong>in</strong></span> <span class='ocrx_word' id='word_1_395' title='bbox 1143 3729 1252 3783; x_wconf 86' lang='lat' dir='ltr'><strong>nubam.</strong></span> 
     </span>
    </p>
   </div>
   <div class='ocr_carea' id='block_1_11' title="bbox 190 3834 1282 3905">
    <p class='ocr_par' dir='ltr' id='par_1_12' title="bbox 190 3834 1282 3905">
     <span class='ocr_line' id='line_1_42' title="bbox 190 3834 1282 3905; baseline 0 -14"><span class='ocrx_word' id='word_1_396' title='bbox 190 3839 257 3891; x_wconf 83' lang='lat' dir='ltr'><strong>Calc.</strong></span> <span class='ocrx_word' id='word_1_397' title='bbox 278 3838 354 3901; x_wconf 81' lang='lat' dir='ltr'><strong>Tyclr.</strong></span> <span class='ocrx_word' id='word_1_398' title='bbox 374 3840 413 3890; x_wconf 89' lang='lat' dir='ltr'><strong>cul</strong></span> <span class='ocrx_word' id='word_1_399' title='bbox 432 3853 485 3903; x_wconf 83' lang='lat' dir='ltr'><strong>aeq.</strong></span> <span class='ocrx_word' id='word_1_400' title='bbox 505 3845 580 3901; x_wconf 83' lang='lat' dir='ltr'><strong>temp.</strong></span> <span class='ocrx_word' id='word_1_401' title='bbox 600 3835 624 3884; x_wconf 85' lang='lat' dir='ltr'><strong>l‘</strong></span> <span class='ocrx_word' id='word_1_402' title='bbox 646 3834 698 3884; x_wconf 84' lang='grc'><strong>12”</strong></span> <span class='ocrx_word' id='word_1_403' title='bbox 716 3836 779 3887; x_wconf 87' lang='lat' dir='ltr'><strong>subt.</strong></span> <span class='ocrx_word' id='word_1_404' title='bbox 799 3838 831 3888; x_wconf 83' lang='lat' dir='ltr'><strong>ab</strong></span> <span class='ocrx_word' id='word_1_405' title='bbox 850 3851 905 3901; x_wconf 81' lang='lat' dir='ltr'><strong>app.</strong></span> <span class='ocrx_word' id='word_1_406' title='bbox 924 3837 965 3889; x_wconf 87' lang='lat' dir='ltr'><strong>hic</strong></span> <span class='ocrx_word' id='word_1_407' title='bbox 984 3838 1040 3890; x_wconf 80' lang='lat' dir='ltr'><strong>add</strong></span> <span class='ocrx_word' id='word_1_408' title='bbox 1061 3836 1177 3900; x_wconf 80' lang='lat' dir='ltr'><strong>(vacuum</strong></span> <span class='ocrx_word' id='word_1_409' title='bbox 1193 3837 1282 3905; x_wconf 81' lang='lat' dir='ltr'><strong>spat).</strong></span> 
     </span>
    </p>
   </div>
   <div class='ocr_carea' id='block_1_12' title="bbox 620 3942 856 3993">
    <p class='ocr_par' dir='ltr' id='par_1_13' title="bbox 620 3942 856 3993">
     <span class='ocr_line' id='line_1_43' title="bbox 620 3942 856 3993; baseline -0.008 -1"><span class='ocrx_word' id='word_1_410' title='bbox 620 3942 722 3993; x_wconf 80' lang='lat' dir='ltr'><strong>Calculo</strong></span> <span class='ocrx_word' id='word_1_411' title='bbox 740 3957 794 3993; x_wconf 86' lang='lat' dir='ltr'><strong>mco</strong></span> <span class='ocrx_word' id='word_1_412' title='bbox 812 3944 856 3992; x_wconf 86' lang='lat' dir='ltr'><strong>sic.</strong></span> 
     </span>
    </p>
   </div>
   <div class='ocr_carea' id='block_1_13' title="bbox 212 4027 1269 4152">
    <p class='ocr_par' dir='ltr' id='par_1_14' title="bbox 212 4027 1269 4152">
     <span class='ocr_line' id='line_1_44' title="bbox 212 4027 1269 4098; baseline 0 -16"><span class='ocrx_word' id='word_1_413' title='bbox 212 4033 268 4082; x_wconf 92' lang='lat' dir='ltr'><strong>Pro.</strong></span> <span class='ocrx_word' id='word_1_414' title='bbox 290 4030 332 4094; x_wconf 81' lang='grc' dir='ltr'><strong>Θ.</strong></span> <span class='ocrx_word' id='word_1_415' title='bbox 371 4031 436 4082; x_wconf 81' lang='lat' dir='ltr'><strong>Cnrr.</strong></span> <span class='ocrx_word' id='word_1_416' title='bbox 459 4029 534 4081; x_wconf 85' lang='grc'><strong>1325.</strong></span> <span class='ocrx_word' id='word_1_417' title='bbox 554 4031 611 4082; x_wconf 78' lang='lat' dir='ltr'><strong>iun.</strong></span> <span class='ocrx_word' id='word_1_418' title='bbox 634 4028 799 4079; x_wconf 61' lang='grc' dir='ltr'><strong>17110352Ι</strong></span> <span class='ocrx_word' id='word_1_419' title='bbox 819 4028 870 4080; x_wconf 84' lang='grc'><strong>31”</strong></span> <span class='ocrx_word' id='word_1_420' title='bbox 907 4057 941 4068; x_wconf 90' lang='lat'><em>-</em></span> <span class='ocrx_word' id='word_1_421' title='bbox 976 4037 1055 4098; x_wconf 76' lang='lat' dir='ltr'><strong>Apog.</strong></span> <span class='ocrx_word' id='word_1_422' title='bbox 1077 4027 1101 4080; x_wconf 82' lang='lat' dir='ltr'><strong>c.</strong></span> <span class='ocrx_word' id='word_1_423' title='bbox 1139 4030 1164 4082; x_wconf 82' lang='grc'><strong>3.</strong></span> <span class='ocrx_word' id='word_1_424' title='bbox 1186 4031 1269 4092; x_wconf 59' lang='lat' dir='ltr'><strong>lb&amp;</strong></span> 
     </span>
     <span class='ocr_line' id='line_1_45' title="bbox 528 4097 789 4152; baseline -0.015 0"><span class='ocrx_word' id='word_1_425' title='bbox 528 4102 611 4152; x_wconf 75' lang='lat' dir='ltr'><strong>Mardi</strong></span> <span class='ocrx_word' id='word_1_426' title='bbox 633 4099 674 4150; x_wconf 84' lang='grc'><strong>13.</strong></span> <span class='ocrx_word' id='word_1_427' title='bbox 692 4099 737 4151; x_wconf 78' lang='grc'><strong>13.</strong></span> <span class='ocrx_word' id='word_1_428' title='bbox 756 4097 789 4149; x_wconf 79' lang='grc'><strong>13</strong></span> 
     </span>
    </p>
   </div>
   <div class='ocr_carea' id='block_1_14' title="bbox 552 4186 1216 4329">
    <p class='ocr_par' dir='ltr' id='par_1_15' title="bbox 552 4186 1216 4329">
     <span class='ocr_line' id='line_1_46' title="bbox 552 4186 1216 4242; baseline -0.002 -1"><span class='ocrx_word' id='word_1_429' title='bbox 552 4192 613 4242; x_wconf 86' lang='lat' dir='ltr'><strong>Dios</strong></span> <span class='ocrx_word' id='word_1_430' title='bbox 631 4190 673 4241; x_wconf 87' lang='grc'><strong>35.</strong></span> <span class='ocrx_word' id='word_1_431' title='bbox 694 4191 735 4239; x_wconf 88' lang='grc'><strong>21.</strong></span> <span class='ocrx_word' id='word_1_432' title='bbox 773 4186 796 4237; x_wconf 79' lang='grc'><strong>3.</strong></span> <span class='ocrx_word' id='word_1_433' title='bbox 816 4188 848 4239; x_wconf 88' lang='grc'><strong>31</strong></span> <span class='ocrx_word' id='word_1_434' title='bbox 907 4214 941 4224; x_wconf 93' lang='lat'><strong>·-</strong></span> <span class='ocrx_word' id='word_1_435' title='bbox 1059 4187 1100 4240; x_wconf 84' lang='grc'><strong>31.</strong></span> <span class='ocrx_word' id='word_1_436' title='bbox 1120 4189 1162 4240; x_wconf 85' lang='grc'><strong>34.</strong></span> <span class='ocrx_word' id='word_1_437' title='bbox 1182 4188 1216 4240; x_wconf 83' lang='grc'><strong>32</strong></span> 
     </span>
     <span class='ocr_line' id='line_1_47' title="bbox 646 4256 1216 4329; baseline 0.002 -19"><span class='ocrx_word' id='word_1_438' title='bbox 646 4261 707 4329; x_wconf 76' lang='lat' dir='ltr'><strong>Lug.</strong></span> <span class='ocrx_word' id='word_1_439' title='bbox 730 4256 816 4309; x_wconf 81' lang='grc'><strong>12300</strong></span> <span class='ocrx_word' id='word_1_440' title='bbox 1120 4262 1162 4312; x_wconf 80' lang='grc'><strong>52.</strong></span> <span class='ocrx_word' id='word_1_441' title='bbox 1184 4260 1216 4311; x_wconf 90' lang='grc'><strong>13</strong></span> 
     </span>
    </p>
   </div>
   <div class='ocr_carea' id='block_1_15' title="bbox 1026 4329 1255 4341">
    <p class='ocr_par' dir='ltr' id='par_1_16' title="bbox 1026 4329 1255 4341">
     <span class='ocr_line' id='line_1_48' title="bbox 1026 4329 1255 4341; baseline 0 -1"><span class='ocrx_word' id='word_1_442' title='bbox 1026 4329 1255 4341; x_wconf 53' lang='lat' dir='ltr'><strong>n*-</strong></span> 
     </span>
    </p>
   </div>
   <div class='ocr_carea' id='block_1_16' title="bbox 700 4329 1252 4470">
    <p class='ocr_par' dir='ltr' id='par_1_17' title="bbox 700 4329 1252 4470">
     <span class='ocr_line' id='line_1_49' title="bbox 700 4329 1252 4414; baseline 0 -13"><span class='ocrx_word' id='word_1_443' title='bbox 700 4329 817 4410; x_wconf 57' lang='grc' dir='ltr'><strong>,ΒΨ</strong></span> <span class='ocrx_word' id='word_1_444' title='bbox 1025 4347 1252 4414; x_wconf 61' lang='lat' dir='ltr'><strong>camur</strong></span> 
     </span>
     <span class='ocr_line' id='line_1_50' title="bbox 730 4417 818 4470; baseline -0.011 -1"><span class='ocrx_word' id='word_1_445' title='bbox 730 4417 818 4470; x_wconf 68' lang='lat' dir='ltr'><strong>mm</strong></span> 
     </span>
    </p>
   </div>
   <div class='ocr_carea' id='block_1_17' title="bbox 133 4448 1419 4614">
    <p class='ocr_par' dir='ltr' id='par_1_18' title="bbox 133 4448 1419 4614">
     <span class='ocr_line' id='line_1_51' title="bbox 133 4448 1419 4556; baseline -0.002 -12"><span class='ocrx_word' id='word_1_446' title='bbox 133 4494 183 4544; x_wconf 84' lang='lat' dir='ltr'><strong>Pro</strong></span> <span class='ocrx_word' id='word_1_447' title='bbox 202 4488 239 4556; x_wconf 64' lang='lat' dir='ltr'><strong>J).</strong></span> <span class='ocrx_word' id='word_1_448' title='bbox 324 4492 438 4541; x_wconf 79' lang='lat' dir='ltr'><strong>Piniaute</strong></span> <span class='ocrx_word' id='word_1_449' title='bbox 457 4488 534 4541; x_wconf 80' lang='grc'><strong>1321.</strong></span> <span class='ocrx_word' id='word_1_450' title='bbox 573 4484 613 4541; x_wconf 84' lang='grc'><strong>15.</strong></span> <span class='ocrx_word' id='word_1_451' title='bbox 651 4488 675 4538; x_wconf 70' lang='lat' dir='ltr'><strong>i.</strong></span> <span class='ocrx_word' id='word_1_452' title='bbox 712 4489 887 4540; x_wconf 79' lang='grc'><strong>0.41-1.</strong></span> <span class='ocrx_word' id='word_1_453' title='bbox 923 4492 949 4542; x_wconf 80' lang='lat' dir='ltr'><strong>t.</strong></span> <span class='ocrx_word' id='word_1_454' title='bbox 970 4489 1011 4541; x_wconf 85' lang='grc'><strong>38.</strong></span> <span class='ocrx_word' id='word_1_455' title='bbox 1032 4491 1162 4542; x_wconf 84' lang='grc'><strong>27-5.</strong></span> <span class='ocrx_word' id='word_1_456' title='bbox 1181 4490 1224 4542; x_wconf 87' lang='grc'><strong>28.</strong></span> <span class='ocrx_word' id='word_1_457' title='bbox 1244 4484 1342 4542; x_wconf 68' lang='grc'><strong>2320</strong></span> <span class='ocrx_word' id='word_1_458' title='bbox 1406 4448 1419 4469; x_wconf 25' lang='grc' dir='ltr'><strong><em>ᾗ</em></strong></span> 
     </span>
     <span class='ocr_line' id='line_1_52' title="bbox 327 4558 729 4614; baseline -0.01 -2"><span class='ocrx_word' id='word_1_459' title='bbox 327 4562 395 4612; x_wconf 80' lang='lat' dir='ltr'><strong>Gom.</strong></span> <span class='ocrx_word' id='word_1_460' title='bbox 415 4559 458 4614; x_wconf 84' lang='grc'><strong>12.</strong></span> <span class='ocrx_word' id='word_1_461' title='bbox 476 4562 551 4612; x_wconf 79' lang='lat' dir='ltr'><strong>Mart.</strong></span> <span class='ocrx_word' id='word_1_462' title='bbox 571 4560 613 4610; x_wconf 82' lang='grc'><strong>71.</strong></span> <span class='ocrx_word' id='word_1_463' title='bbox 635 4559 675 4609; x_wconf 87' lang='grc'><strong>13.</strong></span> <span class='ocrx_word' id='word_1_464' title='bbox 695 4558 729 4609; x_wconf 78' lang='grc'><strong>43</strong></span> 
     </span>
    </p>
   </div>
   <div class='ocr_carea' id='block_1_18' title="bbox 401 4633 1341 4773">
    <p class='ocr_par' dir='ltr' id='par_1_19' title="bbox 401 4633 1341 4773">
     <span class='ocr_line' id='line_1_53' title="bbox 473 4633 1221 4699; baseline -0.001 -2"><span class='ocrx_word' id='word_1_465' title='bbox 473 4633 789 4699; x_wconf 49' lang='lat' dir='ltr'><strong>mumanae</strong></span> <span class='ocrx_word' id='word_1_466' title='bbox 1145 4644 1221 4677; x_wconf 83' lang='lat'><strong>··</strong></span> 
     </span>
     <span class='ocr_line' id='line_1_54' title="bbox 401 4714 1341 4773; baseline -0.003 0"><span class='ocrx_word' id='word_1_467' title='bbox 401 4714 1341 4773; x_wconf 47' lang='lat' dir='ltr'><strong>massmanno-onuam—ataam</strong></span> 
     </span>
    </p>
   </div>
   <div class='ocr_carea' id='block_1_19' title="bbox 566 4786 1372 4907">
    <p class='ocr_par' dir='ltr' id='par_1_20' title="bbox 566 4786 1372 4907">
     <span class='ocr_line' id='line_1_55' title="bbox 566 4786 1372 4907; baseline -0.001 -47"><span class='ocrx_word' id='word_1_468' title='bbox 566 4786 1372 4907; x_wconf 43' lang='lat' dir='ltr'><strong>ffssfffmtffassthffffaffs</strong></span> 
     </span>
    </p>
   </div>
   <div class='ocr_carea' id='block_1_20' title="bbox 0 0 1644 5550">
    <p class='ocr_par' dir='ltr' id='par_1_21' title="bbox 0 0 1644 5550">
     <span class='ocr_line' id='line_1_56' title="bbox 0 0 1644 5550; baseline 0 0"><span class='ocrx_word' id='word_1_469' title='bbox 0 0 1644 5550; x_wconf 95' lang='lat' dir='ltr'><strong> </strong></span> 
     </span>
    </p>
   </div>
  </div>
 </body>
</html>
