3278 5550
572 290 636 343 sm
653 289 745 343 Tertia
783 289 864 357 Caput
883 291 938 344 xt.
1368 288 1433 357 323

247 458 377 535 ΒΕ
394 467 676 554 perpendicularis
698 469 744 532 od
760 467 824 543 OD,
849 477 879 532 et
899 468 1098 554 trianrqnlnm
1111 468 1197 535 ΒΕΑ
1218 468 1436 554 recwnqnlnm

109 564 178 630 rB·
171 469 316 649 suast
363 556 500 623 000000
524 566 553 621 ct
575 560 633 621 BA
657 560 752 622 basia
790 559 905 622 Docto
926 581 999 642 erqo
1023 557 1088 625 900
1114 557 1172 641 (aa.
1193 560 1333 624 dimidia
1350 561 1437 714 baara

109 648 270 745 Aquae--
259 636 320 715 :fi
341 650 377 711 in
400 646 476 712 sola
502 646 639 721 1800)
623 670 661 712 cn
683 647 1119 724 amministracionem
1144 645 1367 730 100000,qos

109 740 194 807 ruli
212 722 340 838 rddiqo,
364 745 491 802 creatur
513 757 592 801 area
615 735 769 820 trianqnlt'
790 736 876 800 BEA
900 736 1011 819 (Eua.
1034 739 1065 813 I,
1089 731 1152 816 41)
1180 758 1223 801 eo
1248 656 1436 802 90000000.

109 832 225 895 ama
255 822 386 901 cimtli,
414 827 504 910 cujac
534 827 719 890 radiasset
744 823 874 891 100000
899 825 1191 908 (eareoastiaeima
1222 828 1436 909 rccoqnitione

109 919 225 985 idriani
244 917 389 981 Romani
416 915 617 978 sommant
642 911 875 998 qeornetrae⁸¹)
908 925 954 980 eet
977 911 1239 990 31415920530,
1271 936 1311 978 ne
1338 918 1437 980 nnius

109 1009 208 1073 aidan
229 1007 346 1071 aarum
372 1004 610 1086 particularum
641 1026 757 1071 errore.
804 1004 850 1069 Et
871 1014 907 1070 nt
935 1008 1015 1070 baec
1045 1004 1159 1069 airardi
1187 1025 1267 1070 area
1288 1024 1322 1067 ee
1343 1005 1436 1069 tata

109 1098 128 1161 i
147 1092 232 1160 3000
254 1093 437 1159 araomoliae
458 1095 583 1158 cadiae
600 1114 657 1159 seu
671 1096 829 1179 temporis,
853 1095 910 1159 icoc
925 1100 972 1156 est
984 1095 1030 1159 ad
1043 1090 1164 1158 210000
1178 1093 1226 1159 cel
1243 1088 1433 1159 12900000οε

109 1189 186 1253 itin
209 1184 320 1248 eodan
346 1185 554 1267 proportione
582 1204 661 1247 area
678 1183 847 1269 trianqrdi
869 1181 1046 1249 90000000
1068 1205 1102 1247 ec
1123 1186 1215 1248 babet
1244 1184 1289 1246 ad
1311 1179 1435 1260 371300,

109 1296 141 1341 aa
161 1283 209 1340 ea
233 1269 271 1337 1⁰
296 1271 325 1336 10
348 1271 423 1336 5300.
469 1272 684 1355 Itaqnearea
706 1273 792 1336 ΒΕΑ
814 1273 897 1336 vater
922 1270 957 1336 10
983 1273 1012 1334 10
1036 1270 1111 1337 5300.
1152 1272 1225 1335 >Sed
1247 1282 1276 1337 ct
1298 1270 1436 1356 anqnlns

109 1364 164 1429 EA
181 1364 340 1446 aptoton
353 1360 500 1431 XXIX.
519 1363 644 1426 XXX.
660 1359 785 1445 fuiti⁰
803 1359 920 1425 105300.
959 1362 1281 1447 Aeqnationisiqitar
1302 1369 1436 1443 atraque

109 1473 160 1519 re
180 1449 328 1536 aeqrsaiie
350 1460 396 1516 eat
417 1451 475 1514 icoc
497 1450 574 1525 loco,
599 1454 688 1516 circo
706 1452 847 1534 qraaun
867 1451 987 1516 scilieet
1010 1448 1064 1515 90.

167 1544 211 1606 ln
232 1541 344 1605 cetaria
364 1541 519 1624 qradibne
541 1540 721 1604 anomaliae
744 1544 879 1604 ecoentn‘
900 1544 947 1612 eia
969 1541 1135 1623 aqardnrn
1183 1537 1264 1604 0000
1285 1539 1373 1602 ΒΕΑ
1394 1539 1436 1604 eit

109 1629 203 1707 01300,
226 1638 264 1695 nt
284 1650 358 1714 erqo
381 1630 434 1692 ΕΒ
467 1629 602 1694 aiatndo
635 1631 702 1713 eiua
723 1632 769 1695 ad
792 1631 847 1693 HL
869 1629 916 1694 vel
940 1629 1004 1693 GM
1036 1628 1222 1694 altitudines
1253 1637 1435 1704 ceterorum,

109 1720 142 1787 bt
162 1727 209 1784 eat
228 1721 320 1783 nnus
341 1727 426 1783 totae
455 1719 500 1781 ad
525 1721 617 1783 einos
638 1719 733 1794 HBG,
759 1718 842 1785 GBG
870 1719 1050 1783 anomaliae
1077 1720 1228 1782 eccentri:
1255 1721 1304 1782 ita
1326 1714 1437 1781 371300

109 1808 245 1885 Nareae
274 1806 470 1891 reliquorum
500 1808 741 1891 trianqolorum.
790 1810 843 1874 Ita
864 1808 1129 1893 metltiplicabitnr
1157 1805 1266 1871 371300
1290 1810 1326 1872 in
1347 1808 1438 1870 ainus

293 1898 338 1960 ad
359 1898 396 1972 Β
421 1905 451 1960 et
472 1899 601 1984 00000
623 1901 760 1980 quinque
781 1898 903 1963 00010
925 1899 1054 1983 cypriacis
1076 1905 1168 1962 aunt
1189 1897 1324 1962 reatae
1345 1916 1437 1961 sora

179 1988 323 2094 eeconda
342 1989 449 2069 partie
469 1989 670 2070 asportante
687 1989 852 2071 physicae,
875 1987 929 2052 itti
951 1986 1065 2070 anqtdo
1084 1989 1130 2051 ad
1151 1988 1177 2051 B
1200 1986 1436 2069 respondentia.

256 2095 357 2141 cansa
378 2079 421 2140 rit
442 2076 526 2140 HBC
550 2073 611 2140 450
633 2073 687 2140 430
710 2073 787 2152 4000,
810 2086 947 2160 quantae
975 2097 1160 2159 saprap
1100 2097 1169 2158 cap
1194 2076 1340 2141 XXXI.
1357 2074 1437 2158 snit

202 2168 306 2250 iqitar
329 2161 474 2230 71005
460 2187 496 2228 cn
519 2163 628 2229 371300
652 2167 766 2237 ductito
789 2169 916 2252 00000
938 2162 958 2230 5
982 2164 1105 2230 naimo
1135 2165 1296 2230 0000001
1317 2159 1439 2241 205900,

159 2264 205 2321 eet
226 2251 503 2337 4401900000
527 2261 654 2339 partem
683 2257 883 2338 aequationis
911 2276 1014 2340 snpra
1034 2258 1071 2319 in
1092 2253 1203 2319 tabula
1232 2255 1440 2319 aosamsimae

158 2342 213 2410 430
230 2341 300 2408 400
323 2343 486 2426 aptoton
506 2347 596 2427 parti
610 2346 742 2427 optione.
780 2344 894 2428 Itaque
916 2346 968 2409 laia
983 2342 1093 2408 areola
1108 2341 1194 2407 ABO
1217 2345 1439 2420 abimaima,
1509 2420 1537 2434 ,Ι

168 2457 236 2500 non
260 2435 393 2498 eaaedr't.

112 2526 272 2605 Atque
295 2524 370 2585 haec
387 2530 435 2584 est
450 2530 557 2603 quarta
578 2522 632 2585 illa
655 2523 732 2584 ratio
741 2522 944 2626 'aequationes
960 2521 1089 2584 ecceutri
1104 2521 1313 2624 computandi,
1328 2541 1387 2602 qua
1403 2520 1440 2585 de

109 2610 172 2703 [ῃ
189 2614 250 2676 sub
275 2613 362 2674 finem
384 2610 494 2690 capitis
516 2611 638 2696 XXXI.
663 2612 748 2691 coepi
772 2612 881 2682 dicere,
905 2631 981 2692 quae
1004 2620 1142 2674 naturam
1166 2611 1264 2690 ipsam
1290 2629 1389 2673 rerum
1409 2619 1441 2672 et

109 2694 306 2785 Nationes
330 2701 480 2782 capitibus
503 2688 641 2765 XXXII.
665 2700 817 2765 XXXIII.
842 2700 1026 2780 praemissas
1049 2699 1185 2784 proxime
1212 2698 1363 2779 exprimit.

109 2804 128 2851 o
164 2791 232 2856 seo
259 2800 359 2853 tamen
382 2790 603 2871 paralogismus
627 2791 708 2852 inest
730 2791 760 2852 in
783 2789 1041 2870 argumentatione
1064 2799 1142 2864 mea,
1166 2809 1225 2852 nou
1250 2789 1351 2870 magui
1371 2788 1441 2892 qui-

109 2870 148 2955 h
166 2880 331 2954 momenti,
365 2887 448 2942 ortus
472 2879 558 2954 inde,
583 2881 661 2961 quod
683 2879 881 2942 Archimedes
905 2879 1046 2942 circulum
1070 2878 1168 2940 secuit
1190 2877 1347 2959 quidem
1338 2896 1369 2940 m
1391 2878 1441 2940 iu-

109 2968 164 3035 h
196 2971 367 3049 triangula,
402 2968 456 3030 sed
480 2970 571 3031 rectis
602 2970 722 3049 augulis
751 2969 1008 3031 circumferentiae
1032 2968 1222 3043 insistentia,
1255 2977 1290 3031 ut
1318 2987 1441 3049 quorum

109 3059 211 3125 {tices
244 3060 275 3121 in
299 3059 325 3120 Β
349 3058 452 3120 circuli
482 3067 596 3121 centro.
642 3060 688 3121 At
711 3058 930 3138 triangulorum
962 3077 1029 3121 cum
1052 3058 1083 3119 A
1105 3057 1218 3120 vertice
1252 3057 1282 3119 iu
1316 3057 1446 3121 circum-

109 3150 213 3214 tantia
236 3147 442 3229 insistentium
465 3147 544 3209 ratio
567 3168 625 3210 nou
649 3155 699 3211 est
712 3149 833 3223 eadem,
859 3148 930 3229 quia
948 3146 1189 3210 circumferentia
1211 3169 1230 3210 a
1253 3147 1345 3210 rectis
1365 3146 1446 3212 exA

109 3236 202 3303 hatis
225 3236 352 3318 ubique,
375 3245 586 3318 praeterquam
609 3238 641 3300 in
665 3236 706 3308 O,
740 3238 768 3299 D
796 3237 918 3317 punctis
942 3238 1062 3318 oblique
1086 3245 1218 3300 secatur.
1263 3236 1307 3299 Et
1338 3257 1446 3318 posses

147 3347 216 3392 rem
241 3326 430 3407 experientia
453 3327 690 3407 deprehendere,
716 3329 794 3406 quod
818 3327 882 3406 ipse
907 3346 1022 3409 qnoque
1047 3327 1114 3402 feci,
1140 3327 1285 3389 assumtis
1309 3327 1446 3390 omnibus

185 3418 241 3481 tiis
264 3415 338 3490 AC,
363 3413 442 3491 AG,
465 3416 532 3478 AH
564 3418 603 3478 ad
627 3416 762 3497 singulos
785 3417 897 3496 gradus
928 3417 1063 3496 integros
1091 3415 1193 3497 anguli
1218 3413 1324 3492 CBG,
1350 3414 1448 3479 GBH

109 3526 174 3592 pne
209 3504 391 3576 distantiae,
424 3505 482 3567 etsi
515 3505 544 3567 iu
578 3507 683 3569 tabula
714 3506 815 3586 capito
838 3504 943 3569 XXX.
967 3505 1137 3586 praemissa
1169 3505 1230 3567 situ
1262 3506 1447 3585 respondent

109 3597 210 3680 agulis
226 3594 372 3676 gradibus
395 3593 524 3676 integris
539 3596 641 3673 anguli
665 3596 703 3656 ad
723 3595 762 3671 A,
786 3596 888 3677 itaque
915 3595 1052 3658 minutim
1075 3594 1168 3658 sectis
1196 3594 1315 3675 augulis
1338 3594 1378 3657 ad
1401 3593 1446 3657 B:

109 3695 204 3765 gulos
222 3693 338 3744 minutim
355 3698 437 3743 sectos
463 3693 531 3751 mco,
559 3707 616 3744 cum
633 3694 750 3760 gradibus
769 3693 908 3744 adhaerent
925 3690 1044 3756 misma]
1069 3685 1157 3747 facile
1191 3692 1291 3747 tamen
1325 3682 1449 3746 cuilibet

109 3775 193 3841 ndui
224 3775 344 3854 integro
377 3775 479 3856 anguli
509 3774 549 3837 ad
580 3775 606 3838 B
639 3795 695 3838 sua
727 3775 876 3838 distantia
907 3776 944 3838 ab
975 3773 1005 3836 A
1033 3772 1299 3855 proportionaliter
1322 3772 1448 3836 attribui

109 3867 206 3938 snae)
234 3862 332 3944 iisque
355 3864 384 3925 in
416 3883 505 3926 unam
538 3883 684 3927 summam
708 3865 865 3946 conjectis.
912 3865 992 3927 Nam
1016 3864 1171 3926 conficitur
1203 3882 1319 3929 summa
1351 3862 1449 3942 major

109 3974 174 4019 ram
208 3948 404 4029 30000000,
438 3973 505 4016 cum
536 3961 638 4016 tamen
667 3953 830 4017 distantiae
860 3976 880 4017 a
906 3956 932 4016 B
957 3949 1022 4016 300
1046 3954 1179 4016 efficiant
1211 3972 1357 4015 summam
1388 3971 1448 4014 non

109 4046 189 4121 tam,
217 4062 309 4125 quam
332 4039 518 4108 36000000.
556 4043 653 4124 Atqui
676 4044 703 4106 si
725 4051 850 4125 utraque
874 4063 991 4106 summa
1012 4043 1119 4106 eadem
1141 4063 1214 4107 area
1236 4042 1340 4106 circuli
1360 4060 1447 4105 mcu-

109 4140 253 4208 uaretur,
277 4131 445 4196 debuerunt
466 4133 523 4195 hae
547 4153 680 4197 summae
704 4153 771 4196 esse
796 4135 949 4214 aequales.

175 4223 417 4287 Demonstratur
449 4231 550 4285 autem
574 4223 605 4284 in
627 4223 706 4285 hunc
740 4224 860 4285 modum
894 4242 985 4285 error.
1032 4221 1214 4302 Trajiciatur
1241 4238 1295 4304 per
1316 4221 1343 4284 B
1366 4227 1451 4284 recta

109 4329 287 4392 uscunque
306 4319 430 4392 praeter
444 4311 510 4387 CD,
535 4331 642 4376 secans
666 4313 950 4388 circumferentiam,
973 4312 1071 4393 sitque
1085 4311 1157 4375 EF:
1182 4320 1214 4373 ct
1232 4317 1451 4374 contrectantur

109 4410 202 4469 ructa
228 4400 397 4464 sectionum
419 4402 499 4477 E,F
521 4421 588 4464 cum
606 4404 646 4467 A.
687 4401 763 4465 Cum
787 4402 879 4482 igitur
901 4404 931 4465 A
955 4401 1072 4482 siguum
1095 4421 1156 4463 non
1180 4400 1452 4483 comprehendatur

109 4512 165 4558 rea
181 4490 248 4567 EF,
272 4491 327 4554 fiet
345 4489 430 4553 ΕΔΒ
452 4493 549 4572 figura
572 4511 624 4554 seu
651 4492 835 4572 triangulum
843 4512 853 4568 ;
879 4511 970 4572 quare
984 4490 1052 4568 ΕΑ,
1076 4492 1133 4553 AF
1151 4491 1275 4571 junctae
1298 4490 1450 4571 longiores

109 4591 155 4650 nrt
181 4599 275 4665 quam
303 4578 367 4644 EF.
407 4580 469 4644 Sed
494 4601 566 4642 area
590 4581 693 4644 circuli
718 4581 853 4643 continet
876 4601 1022 4643 summam
1046 4582 1177 4644 omnium
1193 4580 1257 4657 EF,
1281 4598 1353 4660 ergo
1377 4599 1451 4642 cou-

109 4681 157 4739 tet
186 4688 352 4744 summam,
376 4689 452 4752 quae
476 4671 573 4733 minor
596 4669 637 4733 sit
661 4690 749 4753 quam
774 4690 877 4734 omues
890 4671 958 4747 EA,
976 4669 1042 4747 AF,
1067 4690 1134 4733 cum
1157 4670 1236 4735 inter
1260 4686 1451 4752 quaecuuque

109 4770 202 4831 ructa
231 4758 397 4843 eccentrici
421 4761 561 4844 opposita
584 4768 617 4821 et
639 4761 669 4822 A
692 4761 754 4824 tale
779 4762 980 4824 constituatur
1005 4761 1209 4842 triangulum,
1240 4766 1454 4843 praeterquam

109 4865 171 4921 ter
194 4849 238 4928 O,
259 4850 291 4916 D
314 4857 347 4912 et
367 4850 408 4945 A,
432 4849 484 4916 ubi
506 4869 561 4935 pro
585 4850 737 4933 triangulo
760 4850 795 4914 fit
816 4851 906 4921 linea,
920 4859 1015 4916 recta.
1054 4884 1057 4889 ·

1176 4951 1236 5010 tt*
