3278 5550
658 333 822 397 1100001000
931 314 934 319 ’
1375 327 1416 415 21

70 518 117 583 scil.
144 520 230 582 linea
254 540 293 583 ex
315 521 342 585 B
366 540 492 602 corpore
515 521 599 584 Solis
621 541 675 603 per
699 522 724 586 0
748 528 884 583 centrum
907 519 1066 601 aequantia
1094 518 1264 602 antiquum,
1288 521 1336 583 vel
1358 539 1418 583 non

69 611 180 673 nultum
203 618 367 674 mutatum
415 612 460 674 At
482 611 510 673 si
531 612 589 673 boc
619 613 692 685 liat,
725 617 796 672 tune
819 611 920 690 utique
953 616 1089 671 centrum
1120 609 1187 670 viae
1218 609 1419 690 planetariae,

68 718 141 780 quam
175 699 307 780 planeta
329 700 395 781 ipse
419 720 474 765 suo
504 719 629 781 corpore
665 699 814 774 decurrit,
846 718 905 761 non
935 699 1048 779 poterit
1079 698 1209 779 amplius
1233 717 1302 763 esse
1326 699 1356 760 in
1378 699 1419 773 D,

67 797 162 868 puncto
189 789 294 851 lineae
318 789 376 853 AG
400 808 564 870 apogaeae‚
589 789 643 851 sed
667 789 757 851 cadet
779 788 951 851 necessario
975 788 1006 850 iu
1021 789 1056 863 Ε,
1080 795 1223 868 punctum
1243 787 1344 851 lineae
1366 784 1427 851 CB*
1488 790 1494 806 ¹

66 878 201 957 ophellae.
253 878 322 951 Quo
345 885 436 959 pacto
459 879 540 941 orbis
564 878 674 941 Martis
698 878 737 938 ad
768 878 905 939 dextram
937 877 1004 939 loco
1036 896 1090 939 suo
1120 875 1298 939 movebitur.
1350 875 1421 939 Etsi

67 968 142 1046 igitur
167 976 306 1049 utroque
325 968 425 1042 modo,
449 968 497 1029 vel
518 967 544 1028 si
558 968 596 1042 D,
622 968 670 1028 vel
694 967 720 1028 si
734 969 760 1029 Ε
776 966 818 1028 011
836 975 970 1029 centmm
995 966 1161 1041 eccentrici‚
1187 985 1306 1053 semper
1329 965 1421 1030 iidem

67 1056 153 1135 anguli
189 1057 374 1139 aequalibus
406 1056 592 1138 temporibus
621 1055 710 1121 adO
743 1056 983 1119 constituentur:
1018 1064 1119 1119 tamen
1151 1075 1217 1119 cum
1248 1063 1275 1126 ὀ
1303 1062 1421 1119 tautum

66 1146 168 1207 duobus
194 1146 277 1209 locis
302 1146 383 1208 circa
405 1146 434 1208 D
459 1155 490 1206 et
520 1144 650 1207 0100οΕ
680 1165 820 1220 currens,
854 1145 1023 1228 aequaliter
1054 1153 1180 1226 unoque
1210 1145 1299 1207 modo
1329 1144 1368 1208 ab
1390 1145 1422 1206 A

66 1235 96 1296 vel
117 1237 147 1297 B
173 1243 393 1310 removeatur,
417 1234 528 1297 ceteris
551 1253 623 1297 vero
647 1233 722 1297 locis
740 1234 904 1310 omnibus,
934 1235 1014 1298 alias
1035 1253 1090 1318 per
1111 1236 1140 1298 D
1165 1242 1317 1310 centrum,
1342 1234 1421 1296 alias

64 1342 100 1402 per
122 1325 150 1385 Ε
173 1322 351 1389 distantias
371 1323 477 1399 faciat,
500 1322 570 1385 hinc
593 1324 688 1386 oritur
711 1324 814 1405 aliqua
835 1324 1013 1405 parallaxis.
1055 1325 1135 1389 Nam
1158 1324 1239 1386 linea
1260 1325 1316 1387 DF
1330 1322 1422 1387 cadit

64 1408 199 1478 01002*
224 1427 272 1489 ea,
296 1414 338 1476 ibi
359 1431 396 1476 ue
419 1413 505 1475 etin
527 1411 595 1474 1000
620 1413 758 1495 opposito
783 1415 918 1476 ostendit
944 1414 1108 1477 maximam
1135 1413 1312 1476 distantiam
1336 1411 1420 1479 orbi-

64 1512 150 1564 tarum
166 1502 299 1566 Martia
335 1433 398 1565 800
421 1502 448 1565 01
472 1502 511 1564 ad
534 1509 692 1585 utrumque
715 1502 813 1565 locum
837 1511 873 1580 d,
897 1504 981 1567 etin
1005 1524 1064 1567 nna
1091 1503 1176 1564 etin
1200 1500 1298 1569 altera
1322 1501 1422 1569 orbita

63 1592 229 1666 existentis,
257 1593 338 1654 linea
361 1611 399 1653 ex
421 1593 453 1655 A
476 1590 613 1666 ducatur,
635 1611 691 1654 eae
715 1592 792 1654 duae
816 1593 915 1655 lineae
938 1593 1069 1656 nondum
1092 1591 1255 1655 maximum
1278 1592 1421 1672 angulum

10 1664 12 1691 '
63 1682 175 1754 sacient,
200 1681 278 1763 quia
301 1681 342 1743 ibi
365 1680 562 1763 aequationes
586 1700 645 1743 non
665 1689 736 1743 sunt
758 1682 918 1746 maximae.
955 1683 991 1744 In
1015 1681 1202 1761 longitudine
1225 1700 1298 1743 vero
1321 1678 1422 1745 media

62 1771 97 1830 rel
121 1790 242 1850 prope,
275 1788 344 1832 cum
367 1771 409 1832 sit
431 1769 529 1832 adhrm
551 1788 663 1849 magna
686 1770 853 1836 orbitarum
875 1779 901 1841 d
924 1771 1087 1846 distantia,
1110 1771 1146 1832 iit
1167 1771 1296 1850 angulus
1320 1769 1421 1842 dietus

63 1858 192 1920 variatae
216 1859 410 1941 aequationis
434 1858 565 1920 eccentri
593 1859 714 1922 circiter
737 1859 779 1923 δ’.
826 1862 862 1924 In
884 1860 1036 1941 parallaxi
1065 1879 1139 1921 vero
1172 1853 1422 1922 0000040001

61 1944 105 2010 45
127 1949 203 2010 binc
229 1947 359 2013 conflari
380 1954 535 2029 poterunt.

139 2037 216 2100 Erit
239 2037 343 2119 itaque
367 2037 597 2119 explorandum,
622 2057 661 2099 an
683 2037 858 2119 parallaxes
881 2057 998 2100 annuae
1021 2037 1098 2100 locis
1131 2056 1169 2099 ex
1198 2037 1256 2100 bac
1280 2035 1422 2118 specula-

60 2127 133 2187 tione
157 2126 389 2206 emergentibus
413 2133 529 2189 tantam
551 2127 751 2190 variationem
777 2128 898 2208 possint
929 2127 1028 2190 ferre?
1083 2118 1178 2200 Quod
1203 2126 1263 2189 etsi
1292 2126 1424 2193 nondum

61 2217 117 2294 ipse
139 2216 322 2296 exploravi,
345 2225 447 2278 tamen
471 2215 541 2296 quin
564 2217 618 2278 liat
639 2236 827 2298 nequaquam
850 2216 963 2279 dubito
1010 2217 1090 2280 Nam
1112 2217 1170 2278 boc
1194 2215 1421 2280 evidentissime

59 2324 92 2364 ex
102 2305 334 2377 latitudinibus
356 2304 548 2387 acronychiis
581 2305 682 2367 latiori
713 2306 802 2370 modo
834 2306 1035 2368 consideratis
1067 2304 1222 2387 apparuit,
1257 2296 1424 2375 distantiat

59 2395 165 2456 blattis
189 2416 211 2457 a
236 2394 312 2457 Sole
336 2394 514 2469 (retuleram
537 2394 617 2456 enim
639 2395 818 2458 diametrum
841 2396 984 2458 nodomm
1009 2396 1171 2477 adipsum
1194 2414 1303 2476 corpus
1327 2393 1423 2470 Solia·

62 2505 114 2544 non
135 2485 178 2545 ad
201 2484 338 2546 medium
361 2484 459 2546 locum
481 2483 575 2559 Solis,
599 2485 677 2564 quod
701 2485 793 2546 etiam
817 2485 1029 2566 experiendum
1056 2486 1125 2561 erit,
1149 2505 1188 2547 an
1214 2504 1284 2547 esse
1307 2484 1423 2566 possit)

67 2576 207 2636 maximas
231 2572 300 2635 11οι1
323 2573 406 2635 circa
428 2570 449 2634 2
472 2580 525 2634 aut
543 2569 622 2660 dap,
645 2593 708 2636 uon
729 2570 919 2650 01100240.
965 2575 1059 2656 quue
1082 2575 1206 2656 pulchre
1230 2594 1297 2636 cum
1319 2572 1419 2636 trian-

75 2662 136 2740 gulo
155 2682 252 2744 supra
273 2662 374 2743 posito
397 2662 557 2724 consentit.

151 2751 197 2815 Sic
221 2751 402 2814 constitutis
424 2751 552 2826 tabulis,
574 2751 671 2831 primo
694 2750 907 2815 distantiarum
930 2751 1013 2814 Solis
1036 2773 1056 2813 a
1078 2753 1187 2827 Terra,
1211 2757 1283 2833 post
1304 2768 1421 2854 aeqpa·

66 2840 173 2902 tionum
194 2840 348 2915 ecoentri,
379 2840 544 2920 poterimus
567 2848 677 2922 postea
699 2841 842 2903 accedere
866 2839 906 2901 ad
929 2840 1204 2920 investigationem
1215 2838 1421 2937 proportionis

61 2932 147 2992 annui
169 2928 259 2993 orbis
281 2930 321 2991 ad
345 2930 447 2991 orbem
469 2929 599 3004 Martis,
623 2929 703 3010 quod
726 2930 786 2991 etsi
809 2929 939 2992 nondum
962 2931 1131 2993 certissime
1155 2937 1292 3006 constat,
1320 2926 1434 3001 temeri¹

56 3040 113 3081 non
138 3021 235 3100 longe
259 3017 359 3083 aberit
375 3019 420 3081 ab
443 3018 500 3080 hac
523 3019 658 3093 ratione,
690 3026 725 3097 ut
754 3019 796 3081 sit
819 3019 1089 3089 semidiameterd
1123 3016 1262 3093 151580,
1290 3008 1424 3101 qualium

55 3104 286 3170 semidiameter
318 3109 430 3177 Terrae
466 3100 610 3184 1000000
643 3108 854 3171 eccentricitas
883 3127 954 3170 vero
988 3109 1117 3215 simplex
1152 3104 1260 3173 14100
1288 3102 1435 3183 circiter,¹

53 3199 110 3260 sed
133 3218 206 3261 eum
229 3198 310 3260 banc
333 3197 556 3272 constituerem,
580 3198 712 3260 noudum
734 3198 771 3258 de
795 3197 878 3261 80110
902 3206 1050 3279 aequante
1074 3199 1161 3262 scivi.

144 3289 271 3351 Porro
263 3308 295 3350 m
307 3288 397 3350 modo
420 3286 625 3366 investigandi
643 3286 776 3349 notabile
795 3286 920 3369 aliquid
926 3286 1023 3349 altero
1039 3288 1195 3368 paschatis
1215 3287 1263 3349 die
1283 3284 1436 3412 001010οι

51 3379 147 3452 verti,
174 3377 256 3458 quod
278 3395 333 3459 per
356 3375 546 3479 triangulum
562 3373 647 3438 ABG
672 3375 840 3457 explicabo.

148 3465 179 3529 C
197 3471 266 3540 (rig.
287 3471 315 3535 r)
337 3465 425 3529 801
418 3484 494 3546 ipse,
516 3466 672 3539 B'lerra,
696 3466 838 3529 AMars.
877 3465 1011 3529 Dabitur
1031 3465 1124 3547 igitur
1146 3483 1184 3527 ex
1208 3471 1299 3528 antea
1320 3462 1425 3545 requi·

53 3556 126 3617 sitis
153 3553 210 3618 CB
235 3556 275 3617 ad
299 3555 436 3635 singulos
459 3554 587 3635 apogaei
610 3555 739 3634 modus,
762 3554 848 3620 BOA
871 3563 920 3617 est
942 3556 1071 3637 angulus
1095 3553 1349 3628 commutationis;
1363 3551 1426 3635 „qui

52 3665 110 3725 per
133 3663 248 3706 verum
269 3645 369 3709 locum
391 3643 475 3706 Solis
499 3643 710 3718 constituatur,
735 3644 819 3708 BAC
848 3644 976 3724 angulus
1003 3645 1207 3726 parallaxeos.
1255 3642 1318 3706 Sed
1339 3642 1370 3705 A
1394 3648 1427 3703 et

54 3733 218 3813 Canguli
244 3732 288 3796 sic
319 3739 391 3805 sunt
422 3732 643 3796 constituendi:
675 3735 840 3813 fingamus,
873 3734 1017 3798 circulum
1047 3753 1187 3815 magnum
1219 3732 1349 3795 transire
1370 3744 1426 3812 per

55 3824 161 3886 locum
186 3821 273 3885 Solis
306 3822 478 3904 oppositum
502 3831 534 3884 et
554 3841 625 3903 per·
641 3842 750 3902 corpus
773 3823 893 3885 Martis.
939 3825 975 3886 Iu
1005 3824 1087 3886 illius
1120 3823 1225 3888 circuli
1255 3822 1346 3903 plano
1376 3825 1425 3882 est

54 3911 251 3992 triangulum
269 3911 367 3976 BAG.
413 3912 540 3975 Rectius
563 3911 594 3973 id
618 3911 810 3994 explicavero
833 3931 888 3994 per
910 3913 969 3975 duo
994 3913 1055 3975 alia
1078 3913 1241 3995 triangula.

148 4001 205 4064 Sit
231 4002 261 4064 D
294 4020 383 4063 verus
406 4001 491 4063 locus
505 4001 598 4064 Solis.
649 4001 706 4065 DE
739 4001 895 4082 ecliptica,
917 4004 973 4066 DF
1005 4002 1105 4065 orbita

55 4092 187 4164 marus,
209 4090 266 4153 EF
282 4086 371 4153 00000
385 4090 488 4153 circuli
512 4091 613 4170 magni
627 4106 691 4171 per·
704 4092 793 4173 polos
817 4091 975 4171 eclipticae
999 4100 1104 4155 trans·
1219 4072 1273 4139 rig.
1292 4064 1318 4120 ²·

53 4181 184 4255 euntis,
225 4178 387 4242 0110011000
428 4179 654 4243 inclinationem
689 4178 772 4262 plani
801 4180 906 4242 Martii
938 4181 1003 4260 ejus
1034 4182 1102 4245 loci.
1140 4201 1157 4240 o
1408 4197 1426 4239 r

55 4273 162 4334 Datur·
196 4286 271 4348 ergo
299 4269 354 4333 ΕΕ
383 4269 422 4354 ad
454 4289 570 4356 omnem
597 4290 617 4330 a
647 4269 736 4333 nodis
769 4269 957 4332 distantiam.
1003 4272 1103 4334 Datur
1167 4197 1398 4425 ἵ]

56 4361 153 4423 etiarn
168 4359 195 4420 Ε
213 4357 300 4420 locus
315 4365 342 4429 ο*
357 4372 411 4439 per
434 4358 611 4423 distantiam
625 4379 645 4420 a
660 4360 739 4422 nodo
759 4368 965 4442 coaequatam.
996 4360 1100 4423 Facile
1183 4400 1191 4421 .
1409 4404 1424 4446 2

57 4450 153 4529 igitur
178 4447 332 4510 invenitur
353 4448 498 4510 beneficio
522 4449 626 4529 anguli
647 4450 675 4512 Ε
698 4449 773 4512 recti
797 4449 924 4512 1000οΕ
948 4451 980 4512 10
1002 4451 1099 4531 eclip-

56 4539 129 4600 tica.
56 4536 274 4639 ucaErgo
289 4537 346 4601 ΕΙ)
369 4537 564 4600 commutatio
595 4538 709 4602 usitata
737 4537 811 4613 (nisi
841 4541 972 4621 quodD
1005 4546 1056 4604 0οι
1086 4558 1175 4601 verus
1205 4540 1291 4604 locus
1314 4541 1424 4615 Solis).

58 4628 201 4708 Denique
225 4624 319 4705 igitur
342 4645 380 4688 ex
402 4627 466 4702 ΕΕ,
488 4627 552 4690 ED
568 4647 678 4709 quaere
697 4630 762 4704 ΕΙ),
787 4648 890 4691 veram
912 4628 1016 4708 anguli
1037 4628 1283 4693 commutationis
1300 4630 1424 4694 dimen-

62 4717 192 4791 sionem,
212 4714 323 4797 anguli
345 4715 412 4779 0011.
435 4714 532 4780 BOA
526 4720 607 4792 (lig.
628 4722 696 4788 l)

64 4805 272 4959 emirEodem
295 4805 397 4868 modo
408 4804 481 4867 011
467 4825 534 4886 Jam
556 4807 583 4868 Ε
606 4807 692 4870 10000
715 4806 884 4890 eclipticus,
907 4807 946 4868 ad
970 4827 1057 4889 quem
1081 4806 1165 4870 visus
1188 4791 1424 4878 1000060000-

142 4895 237 4959 .Ε
267 4894 310 4957 ait
338 4888 424 4960 visua
446 4894 541 4964 locus
572 4902 621 4967 6.-
663 4898 695 4960 D
720 4915 810 4961 verus
840 4896 997 4980 oppositus
1027 4894 1102 4976 Θ
1131 4897 1230 4962 Datur
1261 4915 1335 4981 ergo
1365 4896 1423 4964 ΕΙ)
