3278 5550
231 288 276 358 00
653 286 1164 356 mummium-ms

232 480 283 534 est
304 469 423 532 circiter
444 463 493 541 Ρ,
517 468 546 529 in
570 469 592 537 ζ
614 465 706 549 plane
729 468 769 528 ad
792 464 841 530 80.
878 468 957 530 Nem
981 468 1061 549 qnod
1084 469 1181 529 minor
1202 469 1267 546 ejus
1289 466 1418 528 latitudo
1441 465 1590 538 maxima,

233 572 283 623 est
304 560 343 620 ob
365 557 544 639 parallaxin.
589 554 719 617 Omnino
752 558 935 619 levissimum
959 572 1008 618 est
1037 558 1187 620 redditum
1218 557 1371 635 negotium
1403 555 1589 627 latitudiuis,

233 649 313 731 quod
336 647 501 709 nudissima
523 646 716 725 excerptione
740 667 777 707 ex
801 648 906 708 tabula
933 647 1132 726 parallactica
1156 665 1242 707 meae
1266 644 1392 724 Optices
1420 644 1588 725 perficitur.

323 735 386 799 Sed
408 736 528 797 tandem
550 736 628 797 sale.
676 734 707 797 5.
731 736 836 798 hlartii
864 733 957 800 1605.

820 827 899 887 [lon.
924 827 1007 888 Tuae
1046 826 1169 904 gratiss.
1194 823 1360 903 discipulus

829 932 835 940 '
1310 912 1343 976 J.
1367 909 1498 994 Kepler.

322 1019 521 1071 llaestliuns
538 1021 628 1069 iterum
640 1019 772 1075 obmutuit,
791 1020 941 1069 certsnulla
958 1033 1039 1083 neque
1057 1021 1083 1068 in
1095 1018 1224 1069 umento
1241 1020 1323 1084 negt
1338 1020 1403 1068 iuter
1420 1017 1593 1080 msuueeripta

235 1095 289 1156 ομ
306 1100 389 1142 exstat
406 1093 540 1156 responsio,
558 1102 585 1141 et
602 1092 743 1155 proximae,
771 1105 836 1155 quae
854 1100 987 1141 occursum
1004 1090 1106 1156 Kepleri
1132 1091 1220 1140 literae
1238 1090 1276 1151 (d
1295 1090 1320 1140 d
1339 1088 1383 1139 ³¹.
1402 1090 1488 1139 Martii
1508 1085 1591 1149 1006)

234 1181 366 1232 mm,
386 1172 420 1222 ad
435 1172 484 1222 hoe
501 1180 598 1237 tempus
609 1189 659 1223 non
676 1173 831 1236 mulene
846 1172 1014 1223 badium
1058 1163 1150 1243 Spem
1174 1162 1284 1235 fecisti,
1301 1173 1389 1236 inquit,
1411 1162 1458 1222 sir
1481 1161 1592 1222 cleris-

234 1254 327 1326 sime‚
350 1264 529 1333 praeceptor
552 1254 742 1328 honorande,
776 1268 807 1314 te
832 1253 1017 1333 frequentius
1041 1253 1098 1315 hoc
1127 1253 1325 1331 epistolamm
1348 1253 1407 1314 iter
1440 1250 1592 1312 triturum.

234 1343 272 1404 Id
293 1343 423 1404 maxime
446 1343 550 1421 optavi
573 1344 685 1405 emissa
707 1343 839 1422 epistola
865 1343 1007 1422 ecliptica
1039 1351 1217 1423 (Epistola
1244 1355 1281 1406 ed
1308 1370 1400 1407 rernm
1430 1349 1593 1427 coelestium

235 1442 375 1488 amatores
394 1435 429 1487 de
449 1433 522 1487 Solis
542 1434 670 1504 deliquio,
691 1436 763 1505 quod
783 1451 856 1488 anno
881 1435 966 1489 1605.
987 1434 1082 1488 mense
1104 1435 1165 1488 Oct.
1187 1434 1314 1504 contigit.
1355 1434 1469 1504 Pragae
1494 1430 1593 1496 16⁰5).

236 1510 372 1592 Cumque
395 1512 443 1574 hio
467 1512 540 1574 meis
574 1514 721 1575 sumtibus
751 1513 833 1574 adsit
862 1512 1062 1586 tabellarius,
1086 1513 1112 1573 is
1137 1532 1195 1574 nou
1219 1514 1285 1573 siue
1309 1513 1406 1574 literis
1437 1509 1593 1571 discedere

231 1600 338 1681 jussus
362 1611 420 1662 eet
466 1600 554 1683 Rogo
578 1603 679 1683 itaque
698 1604 762 1682 jam
786 1602 896 1677 sacius,
928 1601 1008 1683 quod
1036 1603 1066 1664 in
1090 1602 1212 1682 publica
1234 1600 1366 1681 epistola
1389 1619 1472 1680 rogo,
1498 1616 1593 1679 neque

236 1690 375 1752 nuncium
398 1690 532 1753 differas.

326 1778 433 1844 Reliqus
450 1794 515 1844 quae
541 1779 680 1830 incumbis
705 1780 782 1828 literis
801 1779 834 1829 ad
858 1778 979 1828 lamiliam
996 1777 1101 1842 Kepleri
1128 1780 1254 1842 pertinent
1278 1776 1353 1842 (petit
1371 1791 1388 1827 a
1405 1776 1549 1832 hlaestlino.
1567 1780 1593 1825 ut

124 1854 130 1864 '
238 1852 389 1900 utentium
406 1864 477 1900 suum
495 1852 565 1902 dieat
583 1852 614 1901 de
632 1851 783 1917 Tubingensi
801 1851 916 1915 quodam.
937 1852 978 1915 qui
999 1851 1110 1907 „ambire
1130 1851 1218 1900 dicitur
1241 1866 1349 1900 sororem
1367 1843 1592 1914 unguntum

239 1921 290 1971 ubo
309 1922 364 1973 loco
382 1922 523 1973 mouenda.
560 1922 694 1973 limtliuo
713 1925 843 1973 etiamum
860 1920 958 1979 silente,
977 1922 1050 1986 paulo
1070 1932 1127 1986 post
1145 1923 1270 1987 Keplerus
1287 1923 1351 1972 haec
1370 1921 1491 1984 prioribus
1509 1918 1592 1969 addit:

334 2082 455 2145 Literas
477 2092 508 2144 te
528 2101 611 2144 meas
634 2084 797 2164 accepisse,
814 2084 998 2162 Praeceptor
1016 2084 1198 2156 honorande,
1222 2093 1323 2144 certus
1337 2101 1413 2144 sum.
1451 2079 1593 2159 Respon-

245 2171 356 2233 derunt
378 2173 455 2233 enim
479 2174 582 2248 ceteri,
606 2174 656 2254 qui
674 2175 779 2235 literas
804 2193 863 2234 una
882 2183 981 2234 tecum
1004 2184 1194 2253 accepemnt
1232 2172 1469 2233 Excusationem
1483 2165 1593 2230 silentii

247 2263 313 2323 scio
335 2262 413 2322 hanc
436 2262 550 2337 hahes,
584 2264 662 2342 quod
693 2263 842 2342 ingratam
867 2274 898 2323 et
921 2263 1121 2342 periculosum
1153 2263 1237 2324 dices
1268 2261 1427 2323 materiam
1459 2254 1595 2338 responsi
1635 2309 1638 2331 ,

245 2351 377 2412 futurem
400 2350 503 2412 fuisse.
541 2351 674 2431 Age-te
689 2353 782 2413 libero
807 2352 863 2413 hac
883 2352 1042 2413 molestia:
1068 2352 1169 2413 lorsan
1183 2351 1263 2412 enim
1283 2352 1348 2430 jam
1360 2367 1450 2431 porro
1473 2363 1595 2409 necesse

245 2449 386 2501 nonest.
430 2441 476 2502 At
498 2440 571 2502 illud
603 2449 694 2523 peto,
725 2451 759 2502 ut
787 2441 972 2521 respondeas
995 2441 1032 2501 de
1063 2440 1195 2521 eclipsi
1227 2439 1346 2516 Solis,
1379 2445 1412 2500 et
1434 2436 1462 2498 si
1490 2435 1595 2498 vinde

246 2529 317 2591 eliis
347 2548 423 2610 qnae
454 2529 525 2591 olim
556 2532 707 2611 petebam.
754 2532 818 2591 Aut
849 2550 932 2591 sume
963 2531 1121 2592 materiam
1150 2550 1188 2592 ex
1215 2527 1335 2610 Opticis
1364 2527 1448 2589 meis.
1502 2522 1596 2587 Crede

246 2618 328 2692 mihi,
353 2638 412 2680 non
435 2638 488 2681 ero
512 2619 684 2692 insidiosus,
708 2621 817 2680 metuis
840 2628 872 2681 tu
896 2638 1075 2698 semperne
1100 2619 1278 2698 exagiteris,
1303 2618 1389 2698 quasi
1412 2615 1597 2698 sycophanta

247 2707 316 2769 sim.
363 2709 447 2770 luter
470 2709 565 2771 bonos
588 2711 664 2772 hene
688 2709 783 2789 agier.
829 2710 864 2770 In
888 2709 1027 2788 epistolis
1050 2729 1108 2771 non
1132 2708 1294 2790 requiritur
1316 2707 1450 2788 cirpillsus
1479 2703 1595 2765 mathe-

248 2797 370 2873 matica,
394 2799 480 2877 cujus
504 2806 536 2859 tu
555 2799 675 2861 virtutis
699 2798 911 2859 auctoritatem
933 2798 1070 2876 praefers
1094 2799 1231 2860 omnibus
1250 2797 1366 2877 gratiis,
1389 2802 1423 2856 et
1441 2812 1541 2874 usque
1560 2788 1594 2851 ad

249 2886 402 2967 ingratum
424 2887 496 2948 mihi
520 2887 672 2949 silentium
694 2905 877 2967 propugnas.
915 2889 981 2947 Aut
998 2888 1024 2947 si
1042 2896 1072 2948 te
1095 2888 1165 2967 quid
1189 2886 1314 2948 offendit
1337 2888 1366 2948 in
1380 2883 1457 2947 meis
1473 2879 1596 2964 Optieis,

247 2995 315 3039 eam
339 2994 421 3036 sume
444 2975 593 3037 scribendi
615 2977 783 3038 materiam.

333 3064 407 3125 ›Jam
430 3083 519 3144 agam
542 3071 642 3127 tecum
666 3065 818 3143 negotium
843 3063 1004 3144 privatum.
1051 3061 1082 3138 t,
1106 3064 1146 3138 ll,
1169 3074 1195 3135 d
1218 3064 1352 3127 absoluti
1376 3064 1601 3137 snut‚·restaut

249 3154 318 3215 duo.
366 3153 454 3215 Luna
476 3161 523 3215 ter
550 3155 616 3234 jam
639 3155 760 3215 variata
789 3153 920 3228 tabulis,
954 3162 988 3214 ut
1010 3152 1051 3215 sit
1082 3155 1190 3216 electio
1214 3163 1246 3215 et
1268 3162 1314 3226 ut¹
1333 3152 1420 3215 labor
1442 3147 1600 3232 Sisyphios

143 3314 150 3327 ι
250 3243 303 3305 ille
326 3242 480 3304 liberetur.
517 3242 615 3305 hloles
638 3243 710 3305 mihi
732 3243 903 3304 tabularum
930 3242 1075 3305 incumbit
1097 3245 1157 3313 uni,
1181 3243 1324 3305 salarium
1347 3240 1524 3322 impeditum
1547 3243 1600 3299 est

249 3331 355 3411 Nuper
377 3340 478 3395 tamen
502 3332 621 3394 vinculo
640 3333 828 3395 ordinantiae
845 3352 910 3393 sum
930 3333 968 3392 ad
984 3334 1083 3394 aulam
1099 3333 1273 3407 adstrictus,
1298 3332 1387 3393 rebus
1409 3327 1601 3410 pereuntibus

251 3429 284 3482 et
315 3421 384 3482 navi
417 3421 549 3501 scopulis
582 3423 773 3496 imminente,
806 3421 942 3483 omnibus
973 3423 1011 3483 ad
1044 3424 1226 3485 enatandum
1261 3420 1427 3483 discinctis.
1480 3421 1516 3480 In
1549 3417 1602 3478 hac

252 3510 381 3572 colluvie
411 3510 562 3590 indigeo
595 3512 791 3573 studiosis.
837 3511 925 3589 Rogo
948 3504 988 3572 Η.
1012 3512 1047 3572 Τ.
1073 3519 1106 3572 nt
1137 3512 1278 3590 privatim
1302 3520 1334 3572 et
1356 3510 1382 3572 si
1408 3507 1473 3570 heri
1501 3510 1604 3587 potest

252 3600 331 3661 clam
354 3609 429 3679 aget
451 3619 516 3661 cum
540 3600 689 3681 aliquibus
719 3600 936 3681 stipendiariis,
969 3620 1043 3682 quos
1068 3602 1190 3663 idoneos
1221 3602 1284 3662 lore
1307 3606 1397 3679 putas
1421 3606 1452 3659 et
1475 3595 1604 3676 agilibus

256 3688 385 3770 ingeniis
413 3689 568 3769 praeditos
576 3710 585 3763 ;
613 3691 656 3752 nil
679 3691 781 3763 refert,
805 3690 864 3751 etsi
888 3689 961 3751 nihil
985 3697 1038 3751 aut
1059 3710 1165 3770 pamm
1189 3691 1218 3752 in
1242 3690 1372 3751 mathesi
1403 3684 1603 3766 profecerint;

255 3780 351 3841 solam
376 3779 514 3841 desidero
538 3780 733 3859 cupiditatem
748 3778 893 3841 discendi.
931 3778 1016 3840 Side
1032 3780 1087 3840 tali
1105 3780 1177 3842 mihi
1196 3790 1316 3842 constet
1339 3778 1461 3858 ejusque
1484 3789 1623 3837 manum.

253 3868 395 3944 riderem,
420 3868 536 3930 adirem
558 3887 612 3947 per
635 3869 740 3930 literas
764 3870 863 3929 aulum
886 3868 1035 3948 Principis
1058 3867 1312 3951 Wirtemhergiei,
1336 3885 1457 3947 rogans,
1480 3873 1515 3926 ut
1538 3879 1605 3926 eum

252 3957 290 4019 iis
314 3957 472 4031 sumtibus,
497 3957 546 4039 qui
570 3958 600 4019 in
623 3958 719 4036 ipsum
743 3957 955 4038 impenduntur
970 3956 1134 4036 Tubingae,
1160 3959 1238 4039 apud
1257 3978 1304 4022 me
1318 3958 1420 4017 vivere
1437 3961 1606 4035 pateretur.

252 4047 401 4121 Insolens,
428 4047 481 4108 sed
504 4046 732 4126 promissionem
756 4048 852 4108 habeo
877 4068 896 4106 a
918 4065 1027 4126 magno
1052 4048 1180 4126 quodem
1204 4047 1385 4110 consiliario.
1432 4042 1494 4106 Sed
1519 4039 1606 4122 cupio

253 4134 336 4215 prius
360 4136 397 4197 de
420 4146 506 4199 certa
529 4137 658 4217 quadam
684 4156 813 4216 persona
836 4136 957 4216 ejusque
988 4136 1185 4215 qualitatibus
1208 4157 1275 4199 esse
1299 4144 1418 4209 certus,
1443 4151 1534 4216 quam
1558 4148 1608 4193 res

251 4226 353 4305 palam
376 4224 439 4286 liet.
487 4225 582 4305 Spero
615 4247 652 4288 ea
684 4235 715 4287 te
748 4224 936 4287 humanitate
969 4244 1053 4300 esse,
1093 4236 1128 4288 ut
1156 4227 1194 4288 ad
1227 4227 1284 4290 hoc
1322 4226 1432 4290 saltem
1462 4229 1610 4304 puuctum

252 4332 377 4375 censeas
401 4315 649 4396 respondendnm.
695 4317 784 4377 Vale.
833 4311 884 4376 10.
908 4313 991 4375 Junii
1017 4310 1111 4378 1606.

861 4404 899 4464 Η.
948 4404 982 4465 Τ.
1054 4403 1186 4469 Gratiss.
1211 4404 1384 4486 Discipulos

1308 4495 1340 4559 J·
1364 4490 1515 4579 Kerlcr·

341 4576 407 4633 Hine
425 4579 483 4633 lude
500 4596 577 4648 usque
596 4583 629 4633 ad
641 4596 733 4632 anuum
748 4578 824 4631 1610.
838 4579 907 4630 nulls
925 4583 1031 4632 occurrit
1049 4584 1153 4648 epistola
1163 4583 1266 4648 Keplsrl
1287 4590 1314 4635 et
1329 4582 1464 4642 blesstlini,
1484 4587 1511 4630 et
1530 4595 1610 4646 quse·

253 4651 312 4705 dum
328 4654 431 4718 Kepleri
456 4654 598 4717 deperditus
626 4670 680 4704 esse
703 4654 832 4710 ridentum
864 4667 929 4702 anno
952 4668 1025 4718 quem
1052 4657 1155 4706 diximus
1180 4653 1257 4706 1610.
1282 4663 1386 4706 excusat
1410 4670 1437 4705 se
1456 4653 1612 4704 Msestliuus

253 4726 285 4777 oh
305 4727 440 4791 „prolixum
458 4725 601 4776 dudonem
619 4725 792 4790 epistolarum¹⁴
813 4739 893 4788 neque
912 4740 969 4775 roro
987 4727 1013 4774 in
1026 4727 1063 4776 his
1081 4742 1161 4792 nequs
1179 4730 1338 4792 sequentihus
1356 4727 1432 4778 literis
1450 4725 1528 4775 ullam
1548 4725 1613 4776 iecit

254 4794 344 4850 iderti·
362 4797 473 4849 theoriae
491 4799 649 4856 mentionem,
669 4812 742 4866 quem
762 4798 831 4859 torte,
851 4803 880 4846 ut
892 4797 944 4860 ipse
962 4811 1037 4862 supro
1055 4800 1086 4850 de
1104 4800 1180 4850 literis
1192 4800 1297 4864 Kepleri
1313 4805 1428 4857 testam.
1447 4798 1524 4850 etiem
1543 4798 1612 4862 typis

254 4871 402 4937 encolptum
417 4873 498 4923 minus
515 4869 643 4922 intellsxlt
