3278 5550
600 275 901 351 errassemus
1024 211 1032 231 Ι
1168 240 1171 247 ’
1288 340 1296 359 ,,
1359 278 1424 355 095

128 461 215 524 annis
229 459 436 524 Nabonassari
461 463 528 533 (seu
551 460 641 522 homo
660 462 781 541 jamia,
806 481 859 523 seu
875 461 977 523 fabula
995 461 1110 537 luerit),
1133 462 1162 525 in
1186 463 1292 544 quibus
1316 472 1347 525 et
1369 483 1424 528 nes

119 550 166 613 dis
195 549 393 612 certissimum
425 549 522 611 locum
555 550 728 612 invenimus·
750 552 846 613 nostri
874 551 1019 629 temporis
1042 544 1240 630 assignatum.
1285 553 1425 633 Amplius

119 659 203 721 aque
227 639 339 700 sociam
363 637 456 699 habet
470 647 570 701 aetate
585 639 803 703 Timocharidis
819 640 1038 720 conscriptam
1063 658 1155 719 qnare
1178 648 1241 704 tam
1259 648 1344 703 certa
1366 650 1424 717 est,

119 748 166 790 arn
182 749 238 790 sua
251 730 343 789 socia
376 728 512 808 Denique
533 735 657 809 utraque
676 748 730 808 per
745 730 848 791 Lunae
864 729 1065 808 praesentiam
1088 729 1133 790 ita
1156 737 1240 793 certa
1262 738 1311 793 est
1333 730 1425 802 iacta,

133 837 191 879 non
215 818 313 898 possit
333 816 453 879 certior.
497 818 546 879 Ito
571 818 648 879 eninr
672 825 704 878 et
727 818 806 879 intre
831 811 889 880 10⁰
911 818 959 880 vel
984 814 1042 880 12⁰
1065 816 1249 880 vicinitatem
1267 820 1371 881 Lunae
1394 830 1428 882 et

119 905 206 967 meris
235 915 287 967 aut
309 907 412 968 Lunae
441 915 472 967 et
493 906 633 968 Mercurii
663 906 900 986 conjunctionem
932 907 1043 978 talem,
1076 926 1151 986 quae
1183 908 1223 969 ad
1251 926 1426 987 expressum

119 1015 156 1056 rm
175 994 287 1056 mensis
301 995 443 1076 Aegyptii
460 995 594 1075 expressi
618 996 754 1076 quadret,
777 996 858 1057 intra
880 1014 938 1058 non
962 996 1038 1057 duos
1061 992 1109 1056 'vel
1132 1004 1205 1071 tres,
1229 996 1283 1058 sed
1306 997 1426 1060 omnino

119 1083 220 1146 trimos
243 1103 338 1145 annos
363 1083 492 1147 invenito
517 1085 616 1156 allam,
642 1102 730 1163 quam
751 1093 799 1147 est
816 1104 854 1145 ea
869 1103 956 1165 quam
971 1085 1164 1147 Ptolemaeus
1182 1085 1349 1148 annotavit.
1365 1087 1427 1165 ¹Do

119 1192 167 1235 ma
188 1172 257 1253 quid
280 1172 382 1234 verbis
411 1192 486 1253 opus
511 1174 582 1235 est?
628 1172 756 1245 Quando
789 1172 866 1234 enim
890 1192 1002 1254 quaeso
1024 1173 1082 1235 hoc
1104 1173 1344 1237 animadversum
1368 1180 1426 1248 est,

119 1281 194 1324 uiam
217 1270 324 1323 exacto
354 1280 436 1323 anno·
459 1262 507 1323 vel
529 1261 651 1325 Juliano
679 1262 727 1323 vel
750 1262 904 1344 Aegyptio
937 1281 1052 1325 mrsum
1085 1264 1191 1325 eodem
1220 1262 1268 1324 die
1296 1271 1328 1325 et
1353 1262 1428 1326 bora

119 1351 157 1425 ei,
191 1371 248 1412 non
272 1350 370 1413 dicam
394 1351 423 1412 in
448 1351 553 1413 eodem
576 1351 671 1431 gradu
695 1350 743 1412 vel
772 1351 851 1430 signi
879 1351 1012 1425 decano,
1044 1353 1097 1413 sed
1125 1352 1245 1414 omnino
1268 1351 1299 1415 in
1322 1352 1428 1437 eedem

119 1441 244 1503 adrante
276 1440 392 1501 zodiaci
424 1440 535 1512 luisse,
568 1459 626 1519 quo
655 1449 720 1502 erat
748 1440 777 1502 in
806 1449 948 1519 suscepto
977 1440 1120 1521 temporis
1142 1440 1314 1522 principio?
1357 1442 1428 1503 Non

119 1538 183 1591 test
205 1529 314 1610 itaque,
339 1548 485 1610 expressa
507 1531 581 1591 bora
604 1529 673 1603 diei,
699 1529 748 1590 die
771 1529 882 1590 mensis
899 1529 975 1593 certi
993 1538 1025 1592 et
1047 1529 1114 1592 loce
1128 1532 1226 1604 Luna,
1249 1529 1428 1610 praesertim

119 1619 286 1698 njunctione
310 1637 376 1679 cum
405 1618 480 1693 fixa,
512 1617 604 1679 errari
633 1637 689 1679 uno
714 1617 762 1680 vel
786 1618 901 1680 duobus
924 1618 1021 1680 aunis.
1066 1618 1271 1682 h'ovendecim
1292 1619 1428 1698 integros

119 1707 262 1769 ,erccdere
279 1726 402 1769 necesse
427 1718 485 1782 est,
508 1708 557 1769 vel
580 1714 662 1768 certe
686 1715 763 1769 octo.
801 1709 847 1770 De
871 1707 1033 1787 eclipsibus
1056 1726 1105 1769 res
1129 1716 1177 1771 est
1198 1715 1284 1770 tauto
1308 1707 1428 1780 certior,

119 1810 191 1857 anto
213 1797 300 1878 plura
323 1806 502 1858 concurrunt
524 1795 677 1875 requisita,
702 1814 778 1876 quae
796 1815 852 1856 uon
873 1815 1046 1877 quocunque
1069 1815 1173 1861 mense
1195 1805 1324 1879 possunt
1344 1795 1429 1858 acci-

119 1905 165 1959 re‚
196 1886 248 1947 sed
280 1905 316 1946 ne
345 1885 410 1947 dies
434 1885 553 1967 quidem
577 1885 680 1967 unicus
703 1885 810 1947 deesse
834 1893 937 1964 potest
960 1885 1163 1948 observationi
1185 1887 1300 1949 Lunae.
1346 1885 1429 1947 Dato

119 1975 159 2037 im
182 1994 260 2035 arrno
284 1983 317 2036 et
338 1993 441 2035 meuse
465 1992 532 2036 cum
556 1975 621 2036 loco
645 1973 749 2035 Lunae
773 1975 861 2035 datur
883 1973 959 2048 dies,
984 1985 1015 2034 et
1039 1974 1170 2037 vicissim
1194 1975 1243 2035 die
1266 1975 1340 2036 dats
1363 1992 1431 2035 cum

119 2063 190 2125 teris
212 2063 301 2124 datur
323 2083 429 2124 annus.
476 2064 526 2127 Ita
553 2063 721 2137 conficitur,
750 2071 784 2123 ut
811 2062 869 2123 etsi
898 2063 1059 2124 concedam
1082 2064 1288 2126 Ptolemaeum
1311 2078 1430 2126 errasse
1540 2112 1544 2126 .

137 2152 225 2214 anuis
249 2153 486 2232 Imperatorum,
519 2160 621 2213 tamen
650 2151 877 2214 observationes
906 2160 1049 2213 maneant
1076 2150 1107 2214 in
1140 2153 1203 2215 suis
1235 2151 1342 2228 annis,
1374 2168 1430 2215 nec

119 2242 197 2304 tione
221 2260 364 2303 annorum
389 2240 521 2303 incertae
544 2242 626 2303 liant.

167 2330 288 2404 Restat,
314 2338 346 2392 ut
368 2331 405 2392 de
424 2329 559 2391 historiis
574 2348 672 2410 pauca
686 2327 793 2399 dicam,
815 2347 870 2390 nec
894 2329 971 2390 enim
996 2337 1045 2392 est
1066 2349 1135 2392 mea
1156 2329 1305 2409 professio
1327 2328 1430 2394 iubis

119 2420 187 2482 sris.
225 2420 492 2500 sumagnensis
512 2418 657 2498 judicium
680 2417 823 2479 libentius
846 2417 976 2491 audiam,
1000 2417 1026 2480 si
1049 2419 1240 2485 Ptolemaeus
1263 2418 1350 2487 nobis
1373 2419 1430 2482 ob-

119 2508 271 2572 rvationes
287 2508 446 2588 depromit,
469 2527 593 2589 quarum
617 2527 636 2567 a
659 2505 746 2567 nobis
769 2514 851 2568 retro
875 2506 1053 2569 distantiam
1077 2507 1221 2572 habemus
1244 2514 1368 2585 certam,
1391 2508 1430 2573 ils

119 2616 151 2660 ro
175 2597 252 2659 elios
266 2599 484 2678 Imperatomm
503 2615 598 2658 annos
617 2594 765 2666 attribuit,
789 2615 876 2677 qnam
901 2595 954 2657 alii
977 2594 1112 2659 historici
1135 2598 1300 2661 attribuere
1321 2597 1430 2663 viden-

119 2707 128 2748 r
153 2686 277 2760 (itemrn
301 2685 330 2748 in
350 2685 497 2748 distantia
514 2706 534 2747 a
556 2684 643 2746 nobis
666 2686 774 2758 retro),
797 2693 895 2746 utrum
919 2685 1086 2747 laciendum
1110 2685 1171 2748 sit:
1199 2686 1430 2750 Pmlemaeusns

119 2776 192 2838 reris
216 2775 386 2855 arguendus
410 2775 492 2837 circa
515 2774 616 2836 stilum
641 2773 686 2835 sni
711 2773 818 2849 seculi,
851 2792 890 2834 an
913 2773 1048 2836 historici
1073 2793 1108 2837 eo
1131 2775 1338 2855 posteriores?
1382 2774 1429 2837 De

119 2886 153 2928 ra
176 2865 254 2926 enim
277 2864 384 2928 mortis
396 2864 566 2928 Alexandri
586 2882 679 2924 causa
702 2861 732 2923 in
754 2863 892 2924 confesso
916 2872 973 2937 est,
995 2862 1056 2925 sita
1080 2882 1183 2944 nempe
1207 2862 1237 2927 in
1260 2864 1431 2945 ignorantis

118 2953 304 3033 ronologiae.
350 2954 425 3015 Mihi
456 2953 620 3015 astronomi
647 2950 794 3013 certiores
826 2960 991 3031 temporum
1024 2952 1214 3016 characteres
1241 2954 1272 3014 in
1300 2952 1431 3016 sidemm

119 3041 234 3125 qnabili
256 3052 338 3106 motu
362 3041 435 3115 (nisi
454 3043 532 3104 hunc
547 3040 732 3119 negaveris),
755 3059 845 3121 quam
867 3039 1001 3102 historici
1025 3041 1054 3102 in
1078 3041 1141 3103 suis
1165 3043 1320 3105 consulum
1343 3048 1430 3105 cata·

119 3133 160 3213 gis
180 3131 452 3194 habere-videntur.
490 3130 592 3203 Quare
616 3129 696 3191 malo
718 3137 843 3209 propter
861 3129 1063 3192 astronomiae
1078 3130 1288 3193 certitudinem
1310 3130 1431 3211 obloqui

119 3221 191 3296 etis,
225 3240 313 3302 quam
344 3229 466 3301 propter
493 3218 766 3282 turbatissimorum
793 3218 938 3280 sactorum
969 3219 1150 3298 (quicunque
1173 3227 1431 3302 quantumcunque

119 3310 245 3374 andicati
269 3311 344 3383 sint)
368 3310 525 3383 fiduciam,
542 3306 758 3370 ‘astronomiae
781 3307 861 3368 filum
881 3306 1067 3369 Daedaleum
1090 3327 1106 3369 s
1129 3308 1265 3371 manibus
1288 3308 1430 3389 ainosre.

119 3420 150 3463 m
175 3407 241 3461 erat
264 3398 366 3480 itaque
389 3398 586 3471 inferendum,
611 3415 714 3458 omnes
733 3396 960 3459 observationes
977 3396 1141 3458 Ptolemaei
1161 3418 1239 3459 anno
1260 3417 1318 3459 uno
1341 3396 1432 3460 citius

119 3489 259 3569 ntigisse,
283 3507 372 3569 quam
388 3487 426 3547 ab
450 3495 571 3548 anctore
595 3484 807 3560 inscribantur,
831 3484 884 3547 sed
901 3485 957 3546 hoe
975 3486 1087 3564 potins,
1111 3504 1215 3548 omnes
1226 3486 1432 3567 Imperatores

122 3597 140 3640 o
164 3596 242 3638 anno
266 3576 382 3638 tardius
403 3574 549 3656 coepisse,
574 3592 661 3654 quam
685 3573 877 3635 Ptolemaeus
905 3573 1080 3637 tradiderit:
1111 3574 1256 3656 siquidem
1277 3574 1432 3640 historicis

119 3667 182 3729 edis
209 3676 241 3728 et
269 3665 446 3746 antiquariis
474 3671 579 3726 contra
608 3663 813 3725 Ptolemaeum
845 3660 1006 3740 adsensus,
1037 3682 1094 3726 non
1123 3663 1201 3726 enim
1229 3665 1431 3746 imperatores

119 3762 317 3819 ausura-suut
338 3762 471 3817 motuum
494 3750 680 3825 coelestium,
703 3752 758 3813 sed
779 3751 812 3813 hi
834 3752 1053 3832 Imperatorum
1075 3758 1107 3814 et
1129 3752 1333 3832 Imperiorum.

173 3843 253 3917 Quid
276 3843 445 3922 Boutingus
467 3842 499 3905 in
521 3839 708 3904 ordinatione
732 3840 887 3902 consulum
909 3839 1111 3919 praestiterit,
1138 3842 1303 3905 astronomi
1325 3861 1430 3923 parum

119 3941 232 3997 teresse
262 3939 335 4012 puto
365 3939 399 3994 ut
429 3926 525 4005 sciat,
556 3929 614 3991 nisi
642 3936 791 4009 quatenus
814 3929 943 4010 eclipses
966 3928 1083 4010 aliquae
1107 3938 1331 4006 monstrantur,
1355 3951 1431 4012 quae

119 4031 202 4096 stes,
226 4022 298 4084 dato
322 4040 464 4084 annorum
488 4017 629 4094 confinio,
652 4026 833 4098 quaeruntur
855 4019 893 4080 ab
916 4025 1105 4094 astronomo,
1130 4027 1278 4101 uteunque
1301 4018 1431 4082 habeme

119 4111 280 4174 motatione
303 4129 357 4189 per
379 4109 527 4172 consules.
574 4106 609 4171 Si
632 4105 842 4188 intempestive
871 4106 972 4169 omisit
999 4107 1069 4169 illos
1093 4108 1230 4170 eonsules
1254 4127 1332 4170 anno
1358 4102 1431 4183 132,

119 4202 164 4263 rod
178 4202 220 4262 M.
236 4200 319 4261 Tuae
338 4217 376 4261 ex
390 4196 662 4262 memdbusddem
678 4195 799 4258 facienti
813 4196 912 4268 credo,
937 4196 1149 4261 continuentur
1169 4214 1251 4277 ergo,
1276 4204 1308 4259 et
1330 4216 1432 4260 eornm

119 4309 150 4352 ce
175 4287 332 4351 omittatur
354 4286 436 4349 alind
457 4305 512 4368 par
526 4285 635 4348 abhinc
651 4304 743 4365 usqne
761 4285 799 4346 ad
815 4283 1007 4348 Constantini
1024 4293 1169 4365 tempora
1201 4287 1282 4348 Nam
1302 4287 1431 4366 eclipses

119 4398 168 4441 are
189 4385 355 4452 testantur,
384 4376 586 4437 Mercatorem
613 4374 765 4436 abundare
789 4392 847 4436 uno
870 4393 948 4435 anno
972 4373 1050 4436 inter
1073 4372 1124 4439 59.
1149 4382 1181 4436 et
1203 4370 1279 4438 360.
1304 4374 1431 4439 Christi.

119 4486 150 4529 ec
165 4467 281 4542 numm,
304 4467 360 4527 hoc
381 4464 517 4527 accidere
536 4462 567 4524 in
582 4462 754 4525 consulibus
769 4464 824 4525 sub
837 4461 1089 4543 imperatoribus:
1114 4482 1182 4526 cnm
1196 4462 1275 4525 Dion
1291 4471 1429 4538 testetur,

119 4557 196 4618 nltos
218 4555 387 4617 nominatos
415 4553 553 4615 consules
575 4551 786 4632 magistratum
810 4550 846 4612 ob
869 4551 1002 4633 inopiam
1025 4569 1083 4612 non
1106 4551 1253 4631 gessisse,
1284 4552 1337 4616 ssd
1360 4572 1429 4615 ees-

119 4663 166 4708 rss
189 4643 268 4708 aliis.
313 4643 415 4706 Facile
442 4641 492 4703 hic
519 4660 603 4703 error
628 4640 742 4721 irrepit.
789 4637 851 4723 Sed
873 4646 907 4702 tn
930 4640 1062 4703 tortasse
1085 4658 1180 4703 annos
1203 4641 1429 4722 Imperatorum,

119 4735 142 4797 .b
170 4733 276 4815 quibus
308 4732 407 4794 iactae
438 4729 685 4803 observationes,
717 4726 918 4791 indissolubili
946 4746 1024 4791 nexu
1054 4746 1121 4791 cum
1146 4728 1231 4791 hisce
1258 4729 1431 4795 consulibus

119 4842 169 4887 rcs
190 4840 299 4886 annom
322 4820 401 4887 Chr.-
421 4816 484 4884 1³2
505 4818 670 4901 conjungis,
716 4816 819 4895 Dicis,
850 4837 911 4883 nou
936 4816 1013 4883 adeo
1040 4817 1226 4895 mirandum,
1257 4819 1336 4901 qnod
1363 4818 1432 4902 plns
