3278 5550
626 294 667 349 De
684 294 792 348 Motibus
813 294 907 349 Stellae
923 292 1012 347 Mares

964 475 1130 537 eccentrico
1143 474 1267 537 circulo.
1288 473 1341 538 Sit
1348 472 1374 556 ej

962 573 1041 627 trum
1075 564 1112 626 ab
1135 566 1164 626 A
1194 583 1302 626 versus
1333 584 1374 645 pa

963 655 1011 716 Sit
1041 663 1141 715 autem
1170 654 1228 716 AL
1265 653 1372 733 regula

962 743 1099 823 apsidum
1118 743 1241 816 Martis,
1265 751 1299 805 ut
1316 743 1374 805 line

963 835 1032 895 durn
1052 831 1247 895 circulatione
1269 840 1301 893 et
1324 840 1374 894 tra

962 923 1044 985 tione
1082 922 1128 984 sui
1170 922 1333 983 eecentriti

963 1020 1084 1073 maneat
1124 1010 1290 1092 parallelos
1335 1010 1374 1092 ips

963 1102 1032 1163 Sint
1055 1109 1154 1163 autem
1174 1099 1273 1162 lineae
1286 1100 1374 1162 medi

963 1190 1044 1253 Solis
1069 1190 1108 1252 ad
1137 1197 1244 1251 nostra
1276 1198 1374 1270 quatu

962 1287 1063 1341 menta
1086 1280 1155 1353 ΑΗ,
1179 1279 1246 1350 ΛΤ,
1270 1280 1339 1352 ΑΕ,
1362 1300 1374 1343 ι·

962 1389 998 1429 ex
1016 1368 1043 1430 A
1058 1369 1216 1449 ejiciantur
1231 1368 1331 1429 lineae
1347 1369 1374 1428 ri

962 1460 1082 1534 Martis,
1106 1466 1197 1539 prout
1215 1477 1308 1539 supra
1325 1458 1374 1520 des

576 1592 609 1621 a*
654 1625 657 1630 Ι
964 1555 1043 1622 sunt,
1067 1549 1097 1609 in
1112 1547 1253 1608 huncrel
1276 1547 1363 1609 illum

557 1628 563 1641 ⁸
962 1638 1087 1717 gradum
1139 1655 1274 1715 vergere.
1344 1638 1372 1699 Ε

961 1727 1082 1807 ponitur
1096 1727 1183 1788 Mars
1207 1726 1346 1787 omuibus
1370 1754 1374 1782 r

961 1815 1078 1878 vicibus
1102 1815 1207 1877 eodem
1228 1814 1297 1876 loco
1318 1835 1374 1901 eec-

961 1924 1053 1985 quare
1076 1902 1241 1966 distantiae
1261 1903 1329 1983 ojus
1343 1927 1362 1965 a

962 1993 1052 2055 medii
1071 1994 1129 2055 loci
1146 1992 1227 2055 Solis
1246 1996 1374 2073 aequale

963 2103 1066 2145 omues
1089 2091 1121 2144 et
1142 2082 1292 2162 paralleli.
1333 2083 1374 2146 Sir

960 2174 1021 2247 FT,
1046 2174 1098 2247 lu,
1122 2172 1176 2235 KS
1201 2191 1306 2233 omnes
1341 2194 1374 2234 ae

144 2277 175 2330 et
198 2266 299 2347 auguli
323 2266 425 2339 LHG,
449 2265 541 2336 LTF,
565 2263 652 2336 LEl,
676 2261 758 2324 LSK
788 2265 929 2345 aequales
957 2263 1051 2344 priori
1072 2264 1165 2326 AAK
1185 2268 1250 2334 (rig.
1271 2266 1327 2330 ⁷7.)
1349 2283 1374 2322 v«

142 2364 209 2431 (rig.
230 2362 285 2424 76),
309 2356 353 2417 sic
375 2361 409 2416 ut
430 2355 516 2415 Mars
540 2353 579 2412 ad
601 2359 706 2413 nostra
728 2360 880 2415 momenta
902 2353 943 2415 sit
966 2353 994 2414 in
1019 2353 1058 2427 G,
1082 2352 1116 2423 F,
1143 2352 1167 2425 l,
1192 2352 1230 2413 K.
1273 2353 1321 2413 ·Et
1343 2362 1374 2413 ut

143 2465 292 2519 moneam,
315 2446 391 2507 haec
406 2450 532 2525 quatuor
549 2448 661 2522 puncta
680 2442 719 2514 G,
742 2444 776 2515 F,
802 2446 825 2517 l,
849 2444 877 2504 K
901 2443 1012 2504 facient
1029 2442 1056 2503 in
1077 2441 1118 2502 rei
1143 2441 1272 2502 veritate
1288 2462 1374 2503 arcui

144 2536 302 2617 aequalem
324 2541 356 2594 et
378 2531 544 2613 aequaliter
569 2530 658 2592 situm
682 2550 748 2592 cum
770 2532 861 2613 priori
886 2553 956 2594 arcu
982 2534 1094 2593 ΘΗΕΖ
1117 2530 1146 2592 in
1171 2532 1267 2591 forma
1287 2532 1374 2592 Ptolo

145 2626 216 2706 quia
238 2624 322 2687 nulla
337 2623 466 2704 amplius
482 2628 530 2682 est
544 2620 722 2694 differentia,
747 2641 836 2701 quam
855 2622 933 2702 quod
953 2622 1144 2683 Ptolemaeus
1169 2620 1335 2701 epicyclum
1358 2622 1374 2681 t·

141 2715 223 2777 Solis
246 2713 404 2794 aequalem
427 2712 457 2773 in
481 2709 647 2772 eccentrico
667 2709 846 2783 circumfert,
872 2711 973 2792 Tycho
993 2709 1189 2771 eccentricum
1213 2710 1243 2771 in
1266 2710 1374 2771 tlreorir

142 2825 195 2865 scu
219 2804 249 2865 in
273 2802 390 2882 aequali
415 2800 526 2862 circulo
551 2799 609 2881 ipsi
633 2799 765 2879 epieyclo
784 2801 978 2861 Ptolemaico.

228 2893 361 2955 Rursum
389 2889 480 2969 igitur
507 2888 696 2950 manentibus
727 2888 832 2951 iisdem
864 2890 981 2968 angulis
1010 2898 1041 2949 et
1071 2887 1203 2948 numeris
1226 2886 1374 2950 demonstr

142 2980 220 3062 quod
242 2979 340 3040 lineae
363 2979 439 3052 ΑΗ,
463 2978 536 3051 AT,
559 2978 632 3046 AE,
657 2975 711 3039 AS
734 2985 855 3058 praeter
879 2979 1046 3059 opinionem
1070 2976 1131 3039 siut
1155 2977 1338 3057 inaequales.

141 3075 282 3149 punctum
305 3068 380 3129 illud
393 3065 563 3142 eccentrici,
586 3067 664 3127 unde
679 3066 833 3145 consurgit
855 3067 965 3130 Martis
980 3075 1012 3129 et
1027 3067 1155 3129 omnium
1174 3066 1362 3146 planetarum

141 3157 261 3219 tricitas
291 3156 384 3238 (quod
410 3155 474 3236 jam
500 3154 621 3236 ponitur
647 3155 677 3217 iu
705 3154 786 3216 linea
814 3157 903 3217 medii
932 3166 1030 3219 motus
1059 3157 1142 3220 Solis
1172 3158 1335 3218 secundum
1364 3178 1374 3218 1

144 3246 290 3307 artificum
312 3245 469 3326 priorum),
493 3264 551 3306 non
578 3243 713 3305 circumit
735 3244 764 3304 in
787 3245 840 3306 illo
865 3247 975 3308 circulo
999 3246 1069 3319 ΒΟ,
1094 3247 1174 3307 circa
1197 3246 1281 3325 cujus
1307 3256 1374 3308 cent

144 3333 287 3415 aequales
310 3335 384 3396 lacit
413 3333 540 3413 angulos
563 3332 739 3414 aequalibus
761 3336 946 3414 temporibus
954 3357 963 3411 ;
994 3335 1101 3397 sedin
1125 3335 1235 3397 circulo
1259 3336 1369 3399 HTES

143 3431 275 3485 centrum
301 3444 320 3484 a
341 3426 367 3485 B
391 3432 493 3485 centro
510 3422 669 3484 eccentrici
691 3421 773 3485 Solis
797 3424 896 3504 vergit
918 3426 947 3487 in
970 3434 1074 3507 partes
1089 3425 1265 3498 contrarias,
1291 3435 1325 3489 ut
1348 3427 1374 3488 lu

144 3533 249 3576 crassa
271 3511 408 3575 Minerva
431 3532 469 3574 ex
490 3510 565 3593 ipsis
588 3510 677 3573 lineis
700 3512 848 3593 apparuit.

727 3744 911 3755 μοι-νυ*-

684 3921 804 4022 Caput
830 3921 953 3997 XXV.

148 4083 204 4147 Ec
232 4084 333 4147 mou
361 4084 523 4147 dormieris
546 4080 633 4145 Solio
655 4104 676 4146 a
699 4090 804 4146 contro
833 4083 961 4156 mundi,
995 4085 1125 4165 ooqnitis
1154 4082 1233 4147 locis
1263 4086 1321 4148 auo
1350 4107 1374 4148 a

310 4175 470 4255 inquirere
493 4190 669 4254 apopocum
691 4181 720 4236 el
741 4174 996 4237 occealricitotem
1019 4174 1105 4237 Solio
1126 4171 1174 4236 vel
1198 4174 1327 4237 Terrae.

236 4312 445 4385 Quantitatem
468 4321 567 4376 antem
591 4317 823 4379 eccentricitatis
846 4324 877 4378 et
901 4316 990 4378 sitnm
1013 4315 1140 4398 apogaei
1162 4315 1296 4395 probabo
1315 4316 1374 4396 jan

150 4403 180 4464 in
202 4402 290 4464 unico
313 4402 424 4465 circulo
448 4402 583 4483 omnibus
605 4406 701 4467 tribus
725 4405 829 4467 formis
853 4413 933 4487 apto.
970 4406 1072 4469 Facile
1095 4405 1174 4466 enim
1197 4414 1332 4486 apparet,
1357 4426 1373 4468 r

150 4510 218 4553 esse
240 4492 443 4571 tantummodo
461 4490 632 4573 oppo'sitas:
658 4502 690 4556 ut
712 4494 742 4555 in
767 4495 862 4557 forma
878 4494 1084 4574 Oopemicana
1106 4495 1185 4557 linea
1200 4494 1374 4574 longissima

151 4581 181 4643 in
197 4580 351 4656 Geminos,
374 4581 405 4643 in
427 4583 550 4664 reliquis
573 4584 677 4645 formis
700 4584 797 4664 vergit
819 4584 850 4645 in
866 4585 1077 4665 Sagittarium:
1101 4591 1260 4665 propterea
1273 4586 1355 4665 quod

149 4669 234 4732 nicus
256 4669 353 4732 visum
375 4690 481 4733 versus
504 4679 636 4735 centrum
658 4672 771 4752 dirigit,
794 4673 900 4756 reliqui
923 4683 1076 4737 acontio.
1125 4673 1226 4747 Quare
1256 4673 1350 4737 etiam

152 4759 236 4831 picus
259 4767 344 4822 trans
367 4766 499 4823 centrum
521 4761 553 4823 iu
574 4770 678 4843 partes
700 4762 815 4824 zodiaci
839 4764 960 4826 easdem
982 4765 1078 4827 visum
1103 4764 1206 4845 dirigit
1228 4782 1294 4825 cum
1317 4770 1374 4826 cet

243 4845 420 4935 Exponatnr
442 4849 570 4915 circulus
582 4847 675 4931 epac
696 4857 762 4935 (rig.
782 4856 827 4923 79)
851 4861 954 4917 centro
969 4855 998 4933 β,
1021 4854 1128 4938 inquo
1147 4872 1167 4916 a
1184 4859 1326 4935 suscepte
1348 4872 1374 4943 pr
