3278 5550
680 281 709 332 In
729 280 913 333 Commentario
930 281 961 332 ds
979 288 1047 332 motu
1065 279 1154 334 Martis

424 462 558 534 Capita
578 464 747 531 quaedam
767 464 806 516 de
826 477 913 516 noro
934 450 1157 531 recoqueuda
1177 463 1216 514 ad
1237 477 1415 529 numerum.

239 579 309 651 Cap.
331 577 377 633 32.
421 576 564 640 Virtutem,
587 593 659 646 quae
679 579 822 646 planetam
843 583 936 630 movet
956 577 983 630 in
1006 577 1148 641 circulum,
1179 577 1300 630 residere
1320 576 1349 630 in
1370 592 1497 645 corpore,
1528 578 1600 645 quod

421 664 465 710 est
485 659 559 726 apud
580 664 704 711 centrum
726 659 801 712 illius
833 658 939 721 circuli,
971 665 1000 710 et
1025 658 1157 728 quomodo
1188 663 1307 712 moveat.
1349 656 1401 710 Ubi
1423 664 1601 725 comparatur

419 736 472 791 luci
493 744 523 790 et
543 738 676 808 magneti,
698 745 728 792 et
748 738 898 792 assumitur
918 744 947 792 et
967 738 1047 808 quasi
1067 738 1239 808 proponitur,
1262 738 1289 790 in
1304 737 1368 791 Sole
1390 753 1464 798 esse;
1488 745 1517 789 et
1533 754 1599 805 quo-

420 819 498 871 modo
529 827 691 887 comparata
721 820 774 881 sit;
806 819 923 889 denique
946 821 979 871 de
998 817 1146 872 filamentis
1169 817 1241 872 Solis
1266 826 1296 871 et
1318 817 1378 887 ejus
1401 816 1519 871 ratione.

242 901 312 971 Gap.
335 898 381 954 33.
421 898 560 989 Virtutem
587 898 728 954 metrieem
753 899 894 953 attenuari
918 915 978 952 cum
1005 898 1126 952 discessu
1147 914 1165 953 a
1189 899 1280 962 fonte,
1311 897 1509 951 demonstratio
1532 914 1600 967 geo-

491 994 543 1032 ro.

212 1111 215 1117 .
240 1060 309 1131 Cap.
332 1059 379 1115 34.
420 984 612 1113 {iggidtmio
633 1058 826 1130 metaphysica
846 1057 957 1113 virtutis
978 1077 1014 1112 ex
1035 1058 1108 1113 Solo.
1136 1059 1179 1111 De
1201 1062 1317 1120 statera,
1342 1063 1428 1112 vecte.
1461 1058 1601 1128 Cognatio

419 1154 513 1231 earum
535 1154 595 1191 oum
615 1139 685 1192 luce.
723 1139 833 1194 Emissa
860 1139 966 1210 species
994 1139 1190 1203 immateriata.
1232 1137 1395 1207 superficies
1417 1144 1469 1193 est.
1511 1140 1601 1208 lmpe·

240 1302 307 1371 Cap.
330 1299 377 1354 35.
419 1220 641 1353 (ῧίῗῢιξεοῗῗιῖαω
662 1316 782 1362 movens,
805 1299 850 1370 qui
871 1306 1034 1370 comparata
1054 1299 1098 1354 sit.
1140 1298 1193 1352 Ubi
1214 1298 1310 1369 Tyobo
1330 1297 1479 1355 restitutur.

240 1381 308 1451 Gap.
331 1380 377 1434 33.
420 1379 552 1433 Planetas
574 1380 647 1433 viam
668 1379 707 1433 ire
729 1381 910 1434 eccentricam
931 1381 959 1434 vi
979 1379 1076 1443 insita,
1099 1385 1130 1433 et
1149 1385 1239 1432 motus
1262 1395 1355 1432 eorum
1377 1378 1502 1449 componi
1525 1398 1560 1433 en
1585 1380 1601 1432 2

420 1459 519 1521 causis,
541 1460 588 1513 ubi
609 1462 643 1513 de
663 1459 782 1514 flumine.

240 1542 309 1612 Cap.
331 1538 377 1595 37.
419 1539 481 1601 Qua
510 1541 598 1593 forma
624 1547 655 1594 et
682 1540 780 1611 quibus
811 1540 905 1593 mediis
934 1546 1066 1594 moveant
1093 1539 1211 1593 virtutes
1242 1539 1363 1608 planetis
1393 1538 1504 1594 insitae.
1549 1542 1601 1593 L'bi

420 1621 554 1711 affectant
574 1621 750 1692 epicyclium,
773 1629 838 1674 sunt
857 1621 1029 1691 geometriae
1056 1633 1187 1691 capaces:
1217 1618 1289 1674 Solis
1311 1618 1412 1673 intuitu
1440 1621 1602 1674 describunt

421 1718 518 1752 eico
578 1743 583 1754 .

241 1781 310 1851 cop.
333 1778 378 1835 38.
420 1716 467 1832 Alii
482 1701 574 1834 {iffi
593 1777 662 1849 ipsis
683 1780 806 1850 planetis
828 1781 912 1835 insita
932 1798 987 1836 non
1001 1782 1089 1836 minus
1111 1780 1147 1835 sit
1162 1779 1326 1852 aequabilis,
1349 1796 1429 1850 quam
1451 1781 1601 1834 communis

422 1858 501 1912 ‘ilai
608 1903 614 1916 .
1116 1872 1120 1877 ·

243 1940 311 2011 Cap.
335 1938 381 1995 39.
421 1876 467 1992 ¹An
488 1860 663 2010 vtilrtffglipsis
685 1938 806 2008 planetis
837 1939 921 1993 insita
950 1939 1076 1994 conserat
1095 1941 1123 1994 in
1143 1939 1343 2012 longitudinem
1365 1939 1486 2002 zodiaci,
1518 1943 1603 1993 etde

421 2021 576 2074 mutatione
598 2019 753 2074 latitudinis
775 2022 907 2083 fixarum,
936 2021 1120 2075 translatione
1148 2024 1288 2076 nodorum.
1332 2021 1382 2074 Ubi
1402 2022 1545 2089 responsio
1568 2024 1603 2074 ad

424 2099 479 2168 ollj.
503 2117 563 2171 cap.
587 2100 625 2154 34
645 2106 676 2153 et
695 2116 744 2156 cur
765 2118 858 2154 omnes
879 2100 906 2154 in
928 2116 1012 2154 unam
1033 2102 1156 2172 plagam,
1178 2109 1210 2171 et
1229 2108 1332 2155 natura
1352 2100 1466 2154 zodiaci.

760 2338 847 2393 Alis
867 2339 1081 2410 dispositio.

242 2450 308 2522 Gap.
331 2448 377 2505 33.
438 2447 466 2502 2.
503 2444 602 2499 Omnes
624 2445 756 2515 planetae
779 2446 900 2518 apogaei
922 2453 951 2501 et
964 2447 1091 2518 perigaei
1112 2447 1259 2502 intendunt
1280 2451 1309 2499 ct
1323 2446 1469 2500 remittunt
1490 2452 1601 2498 motum.

501 2525 594 2580 Causa
614 2533 664 2580 aut
684 2526 712 2579 in
733 2527 857 2597 planeta,
880 2527 978 2581 autin
999 2524 1102 2581 'virtute
1118 2529 1186 2591 loci;
1210 2527 1279 2581 siin
1299 2527 1359 2590 hoc,
1381 2544 1451 2599 ergo
1473 2526 1605 2595 stipatior

391 2637 393 2641 v
499 2606 527 2659 in
549 2622 687 2678 apogaeo,
709 2624 778 2678 ergo
800 2608 860 2661 fons
882 2608 909 2661 in
931 2615 1025 2662 centro
1047 2607 1188 2663 communi.
1224 2608 1277 2662 llic
1297 2609 1455 2678 exemplum
1476 2613 1604 2660 staterae

503 2693 533 2740 et
552 2688 648 2742 vectis.

444 2768 472 2822 3.
508 2768 546 2820 Et
567 2784 627 2820 eum
648 2772 723 2821 recte
746 2765 860 2838 aphelia
880 2785 930 2837 pro
953 2784 1082 2840 apogaea
1109 2768 1162 2823 fuit
1192 2768 1358 2832 substituta,
1385 2766 1446 2820 fons
1468 2767 1556 2839 igitur
1578 2767 1604 2820 in

501 2845 575 2900 Sole.
604 2847 709 2904 Suadet
730 2854 760 2901 et
779 2848 842 2917 ipsa
862 2864 953 2901 rerum
974 2855 1084 2912 nature,
1107 2854 1139 2902 ut
1154 2849 1221 2919 Cap.
1236 2862 1305 2925 puto
1320 2847 1346 2902 2.
1369 2846 1481 2903 dictum.
1510 2849 1604 2901 Tertio

500 2927 571 2980 idem
592 2930 694 2981 suadet
713 2933 743 2981 et
763 2929 921 2999 exemplum
942 2928 1028 2991 lucis;
1049 2928 1102 2982 hoc
1123 2930 1254 2983 breviter.

444 3008 468 3063 1.
503 3006 720 3071 Demonstratio,
736 3014 825 3077 motus
840 3008 950 3062 diurnos
965 3008 1110 3063 risos-esse
1125 3009 1153 3063 in
1163 3012 1249 3080 dupla
1262 3009 1440 3081 proportione
1454 3007 1605 3062 distantiae

502 3101 650 3159 apogaeao
671 3094 701 3141 et
722 3088 888 3160 perigaeae,
916 3105 997 3143 veras
1018 3106 1083 3142 roro
1109 3089 1249 3160 portiones
1276 3088 1422 3143 eccentrici
1443 3089 1471 3141 in
1491 3087 1603 3156 simpla.

444 3167 472 3221 4.
508 3164 575 3220 Cum
597 3170 759 3243 tantundem
780 3168 817 3222 sit
843 3169 870 3223 in
900 3171 1010 3239 amplo,
1042 3177 1175 3241 quantum
1199 3170 1227 3224 in
1257 3177 1394 3241 angusto,
1427 3176 1607 3237 comparatur

502 3246 590 3317 igitur
610 3248 673 3311 luci,
696 3256 725 3302 et
746 3249 852 3320 species
867 3255 912 3303 est
925 3250 1120 3317 immateriata,
1142 3258 1172 3305 et
1185 3252 1267 3305 rectis
1290 3248 1441 3325 egreditur,
1463 3253 1605 3317 etsuper-

505 3327 579 3381 ficies
601 3335 646 3382 est
666 3346 715 3382 seu
735 3348 846 3400 corpus.

445 3401 470 3463 5.
508 3408 576 3461 Cum
596 3417 707 3463 moveat
727 3408 755 3463 in
775 3427 889 3483 gyrum,
912 3409 974 3479 ipso
994 3409 1081 3483 igitur
1102 3410 1161 3465 abit
1181 3411 1210 3467 in
1230 3427 1340 3483 gyrum.
1382 3410 1500 3463 Etcum
1520 3409 1607 3462 rectis

504 3488 674 3559 egrediatur,
697 3507 747 3544 nec
767 3491 858 3560 possit
878 3490 1019 3559 separari,
1041 3490 1089 3545 Sol
1110 3491 1197 3563 igitur
1218 3490 1328 3560 etipse
1356 3488 1417 3544 abit
1437 3488 1463 3541 in
1484 3506 1604 3560 gyrum:

504 3577 680 3639 comparatur
701 3571 834 3644 magneti,
857 3578 967 3625 etcum
988 3589 1041 3624 non
1063 3588 1155 3625 omnes
1177 3571 1274 3643 rapiat
1299 3569 1466 3641 aequaliter,
1488 3571 1606 3623 celerior

504 3648 593 3720 igitur
613 3650 746 3706 omnibus.
788 3652 955 3722 Exemplum
976 3650 1003 3720 J
1026 3658 1056 3704 et
1077 3651 1111 3723 ὅ.

445 3730 471 3784 6.
507 3729 573 3783 Cum
588 3731 707 3802 undique
724 3739 836 3788 moreat
849 3731 876 3785 iu
890 3748 999 3802 gyrum,
1021 3731 1147 3801 nuspiam
1162 3732 1253 3796 aliter,
1276 3731 1348 3786 Solis
1363 3729 1449 3802 igitur
1464 3730 1607 3785 filomenta

505 3810 667 3879 magnetica
688 3812 835 3867 circularia
856 3818 928 3868 sunt.
973 3830 979 3847 ⁸

247 3888 383 3961 espsto.
447 3889 472 3946 8.
511 3888 639 3965 Objectio
660 3893 693 3945 de
715 3893 801 3963 dupla
822 3892 1000 3963 proportione
1021 3890 1096 3956 dissi,
1119 3900 1148 3946 et
1168 3891 1330 3962 responsio(

246 3970 313 4041 Cup.
336 3969 381 4028 35.
446 3969 472 4026 7.
507 3971 550 4023 De
572 3970 674 4025 virtute
695 3972 801 4027 Lunam
822 3979 950 4028 movente
971 3971 1143 4041 interjectio,
1166 3977 1196 4026 et
1216 3970 1390 4044 Tychonicae
1416 3970 1606 4041 hypotheseos

507 4051 685 4121 comparatio.
945 4075 946 4079 ¹
1011 4064 1016 4073 “
1063 4073 1065 4077 ’

448 4131 474 4185 9.
510 4131 577 4185 Cum
597 4132 636 4185 sit
657 4132 745 4186 virtus
768 4136 800 4201 Θ
823 4133 955 4203 simplex,
983 4140 1149 4190 concurrunt
1176 4133 1262 4206 igitur
1284 4146 1385 4186 causae
1407 4129 1424 4182 2
1446 4131 1482 4184 ad
1503 4137 1607 4187 motum

505 4211 691 4281 planetarum.

431 4292 474 4346 10.
508 4292 628 4346 Etcum
650 4294 681 4358 Θ
704 4297 813 4347 tantum
833 4292 862 4347 in
889 4294 1074 4360 concentrico,
1100 4294 1161 4364 ipse
1187 4294 1274 4367 igitur
1301 4288 1421 4364 planeta
1447 4291 1606 4347 eccentrici·

508 4377 596 4425 tatem
616 4379 753 4442 praestat.

431 4450 475 4504 ll.
509 4452 552 4504 De
574 4451 792 4523 aequipollentia
812 4450 929 4524 physica
949 4455 1035 4519 varia,
1058 4455 1105 4509 ubi
1127 4473 1163 4512 an
1189 4455 1341 4526 epicyclum
1363 4454 1409 4509 vel
1430 4452 1607 4506 librationem

509 4531 650 4587 obtineat:
673 4532 844 4586 concluditur
864 4550 914 4602 pro
934 4534 1094 4590 libratione.

435 4610 478 4666 12.
515 4612 583 4666 Cum
602 4616 733 4676 accedat,
764 4612 817 4666 vim
839 4613 946 4668 obtinet
967 4617 1091 4670 movendi
1113 4634 1191 4671 suum
1213 4630 1320 4685 corpus.
1585 4657 1589 4664 .

434 4690 478 4745 13.
514 4692 580 4745 Cum
600 4691 786 4763 inaequaliter
811 4694 865 4748 vim
893 4703 1022 4761 exserat,
1049 4698 1114 4768 lege
1139 4696 1298 4760 libratoria,
1321 4695 1347 4749 id
1368 4712 1423 4750 non
1444 4695 1479 4749 ab
1502 4692 1605 4748 anina-

511 4773 585 4826 tiono
607 4791 642 4827 ex
664 4774 742 4837 Sole,
774 4790 843 4845 ergo
869 4775 911 4828 vis
942 4781 986 4829 est
1015 4779 1129 4848 propria
1150 4784 1179 4830 et
1204 4777 1343 4830 absoluta.
1386 4775 1550 4834 Exeundum
1572 4765 1605 4817 ‘³0

511 4852 611 4907 lumine
632 4854 785 4908 stellarum.

238 3615 313 3685 -Gsp,
335 3613 382 3669 34.
