3278 5550
469 309 1063 363 &mammutium

117 489 203 546 stant
236 482 336 557 ltus,
366 480 467 560 ΚΠ),
497 503 589 565 quare
626 494 658 549 st
697 486 835 549 residuus
870 487 962 562 EKF,

133 581 172 635 ut
197 578 273 644 (sta.)
290 571 375 635 EKF
397 574 437 636 ad
467 573 521 638 Es
544 576 589 637 sio
613 581 685 647 (ain.)
713 575 797 638 KEF
828 577 868 638 ad
896 578 961 640 ΚΡ.
1068 640 1089 669 s

117 680 151 724 nn
190 663 221 725 in
269 662 356 725 ΚΕΛ
406 663 496 726 datur
532 664 619 727 ΚΕΛ
663 683 701 726 er
751 664 962 728 observatione
1062 674 1065 679 '

144 750 217 826 ΚΡ,
245 752 303 815 ΡΑ
330 752 443 828 latera,
473 771 565 833 quara
588 753 675 815 KAF
698 753 825 833 angulus
848 765 880 816 et
902 755 963 817 ΚΔ

117 841 230 917 stantia
268 849 293 912 d
330 837 382 918 Q
438 839 541 905 Scitur
577 850 679 905 autem
709 843 767 906 AF
798 844 852 906 sub
884 844 962 919 fixis,

117 928 324 995 metult

171 1016 305 1092 Quaeris
329 1025 361 1082 et
385 1019 421 1081 de
444 1018 578 1083 utilitate
592 1017 697 1082 EGF:
724 1019 794 1102 quia
816 1019 882 1082 siue
904 1020 962 1082 hon

117 1125 143 1170 ιιι
175 1126 301 1190 possm
338 1108 471 1170 iuvenire
505 1106 545 1187 Q
582 1109 859 1185 eecentrioitatem,
893 1110 963 1190 quia

117 1197 190 1278 muti
213 1198 245 1262 A
268 1216 328 1259 non
355 1204 441 1259 stand
463 1196 493 1259 iu
517 1206 635 1274 centro,
663 1198 718 1260 aad
746 1198 852 1279 duplus
875 1197 962 1261 EGF

116 1284 180 1349 tabit
202 1285 234 1350 in
257 1295 374 1363 oentro,
396 1286 486 1367 hujus
509 1286 600 1367 igitur
628 1287 724 1349 uentri
752 1287 899 1350 distantia
921 1288 960 1348 ah

116 1417 121 1436 ι
150 1383 202 1439 est
239 1375 424 1458 quaerenda.
470 1376 551 1439 Nam
588 1376 684 1438 uentri
720 1377 880 1440 eceentrioi
918 1373 958 1453 Q

116 1464 190 1528 sitio
213 1484 275 1528 non
299 1465 390 1527 datur
411 1463 474 1526 niia
496 1466 557 1527 alia
579 1466 708 1529 ratione.

166 1554 215 1618 De
239 1551 325 1618 Eos
347 1561 379 1616 et
407 1553 494 1616 ΕΑΓ
525 1555 655 1636 quaeris.
700 1552 783 1617 Eos
815 1560 863 1615 eat
896 1554 1004 1634 duplus
1033 1554 1120 1619 EGF
1149 1557 1438 1634 circumferentiaiis,

116 1641 251 1706 nauci*
274 1645 305 1706 in
329 1652 442 1705 eentro.
479 1643 521 1705 Et
544 1641 692 1726 quiaEO‚
715 1643 766 1707 CF
793 1660 881 1704 arura
903 1645 1051 1724 aequalia,
1076 1664 1115 1707 ex
1137 1647 1344 1711 subtractione
1357 1646 1439 1711 ECF

122 1733 241 1796 duobus
268 1732 362 1794 rectis
386 1743 418 1794 et
440 1733 552 1795 residui
580 1733 748 1795 biseetione
778 1732 906 1794 hahetur
927 1731 955 1793 E
978 1733 1027 1795 vel
1049 1736 1084 1796 F.
1131 1735 1198 1798 Nou
1223 1737 1268 1799 aio
1291 1737 1321 1800 in
1343 1736 1440 1813 Eas,

116 1822 151 1885 ia
170 1822 245 1897 EA,
272 1821 329 1884 AF
351 1839 410 1883 non
433 1831 504 1884 suut
527 1821 668 1903 aequalia
691 1839 797 1894 crura,·
820 1821 971 1884 residuum
1001 1823 1094 1903 igitur
1116 1842 1174 1886 uon
1197 1834 1302 1905 potest
1324 1843 1438 1907 aequa·

116 1931 151 1976 ar
169 1910 322 1974 hiseoari.
367 1911 453 1974 Haec
476 1919 548 1975 sunt
570 1920 644 1973 nota
667 1929 705 1972 ex
734 1910 794 1972 levi
824 1902 994 1990 onguitione
1026 1913 1242 1993 triangulorum
1272 1915 1439 1978 doetrinae.

161 2000 244 2064 'fres
279 2000 454 2083 parallaxes
487 2010 521 2072 (v.
539 2010 711 2075 quandonam
734 2007 843 2058 rahardi
868 2025 893 2073 p.
914 2006 970 2068 87.)
1003 2001 1133 2064 adhibeo
1163 2022 1217 2084 pro
1250 2003 1441 2084 inquisitione

116 2089 331 2166 nutriuitatis
356 2098 388 2151 et
411 2089 530 2170 quidem
552 2098 615 2152 tres
639 2098 727 2150 extra
749 2089 840 2151 situm
864 2090 1085 2174 aaronychium,
1109 2101 1143 2153 ut
1161 2093 1308 2154 extribus
1322 2093 1441 2174 punctis

116 2180 202 2244 salos
226 2178 391 2253 habeatur,
417 2179 501 2259 eujus
525 2189 573 2242 est
596 2177 807 2241 eceentricitas
822 2181 1004 2260 quaerenda.
1038 2177 1174 2253 (Quarta
1189 2192 1238 2243 est
1255 2182 1442 2261 probationis

115 2286 143 2333 ιο
162 2278 195 2332 st
217 2269 264 2332 ob
287 2268 434 2357 majorem
458 2267 695 2343 certitudinem.)
741 2267 814 2330 'lhia
835 2280 947 2351 punota
969 2277 1085 2354 ponum
1108 2277 1259 2345 centrum,
1292 2270 1351 2333 duo
1380 2289 1439 2333 non

115 2366 187 2422 unt
208 2366 343 2420 certum.
692 2392 698 2401 ·

165 2445 198 2517 si
219 2447 322 2515 situm
347 2443 557 2527 acronyohium
580 2464 697 2508 sumam
720 2452 753 2508 et
775 2464 865 2507 unam
888 2445 1075 2525 paraliaxin,
1110 2445 1199 2509 datur
1231 2447 1350 2528 quidem
1372 2447 1441 2510 inde

115 2534 224 2601 hasta
249 2533 295 2614 Q
321 2556 341 2597 a
364 2535 472 2609 Terra,
507 2534 562 2595 sed
591 2533 621 2597 in
648 2554 708 2596 uno
731 2542 850 2596 tantum
874 2533 948 2597 loco.
995 2535 1075 2598 Nam
1100 2536 1296 2617 aeronychius
1329 2536 1441 2599 nuliam

115 2622 151 2687 Η
166 2624 337 2690 distantiam
362 2621 403 2702 Q
428 2632 461 2685 et
483 2624 520 2700 ὃ,
544 2623 616 2704 qnia
637 2623 720 2686 uniia
741 2623 908 2704 paraliaxis
932 2624 1136 2703 longitudinis.
1179 2623 1213 2686 Si
1237 2626 1312 2688 duas
1335 2627 1440 2706 parai-

115 2712 175 2777 ὴ
189 2735 308 2791 anas,
342 2714 453 2776 dentur
479 2712 600 2793 quidem
624 2713 700 2774 duae
725 2712 889 2774 distantiae
914 2720 945 2774 et
967 2731 1021 2792 per
1044 2713 1205 2776 distantias
1230 2713 1440 2778 ecosutricitas

115 2794 206 2880 &ted
226 2823 287 2885 per
314 2800 551 2883 suppositionem
575 2800 633 2864 inei
657 2801 784 2881 apogaei
809 2799 849 2879 Q
873 2802 1121 2882 praecedentem
1146 2803 1263 2886 quando
1286 2821 1357 2866 vero
1380 2803 1440 2866 tria

115 2902 234 2956 untur
259 2894 339 2966 loca,
366 2909 534 2972 apogaeum
556 2909 616 2952 una
639 2890 871 2953 demonstratur.

163 2980 311 3045 Omnium
335 3000 412 3064 quae
434 2979 582 3042 hactenus
607 2999 644 3042 ex
668 2999 725 3060 quo
749 2980 907 3042 scribimus
930 2979 1079 3060 objecisti,
1103 2981 1382 3045 artificiosissimum
1404 2991 1438 3046 et

115 3072 354 3151 gmiosissimum
377 3076 425 3132 est
448 3070 484 3132 de
504 3069 584 3131 ovaii
598 3069 694 3150 figura
708 3069 790 3133 orbis
805 3068 898 3132 Solis.
940 3067 1029 3141 Quod
1043 3070 1135 3150 igitur
1149 3073 1296 3135 caiouinm
1313 3071 1436 3148 attinet,

114 3172 244 3242 Μαρια
267 3181 345 3223 sane
368 3160 413 3222 sie
437 3165 509 3221 sunt
532 3166 724 3239 comparata,
752 3167 786 3221 ut
816 3160 933 3221 ovalem
961 3158 1092 3221 eliciant.
1139 3159 1202 3223 Sed
1225 3162 1303 3243 quod
1326 3161 1439 3225 attinet

114 3251 318 3313 structionem
351 3248 569 3331 hypotheseos,
604 3248 702 3309 fateor
733 3267 781 3310 me
812 3248 1084 3328 praesupposuisse
1114 3248 1270 3324 circulum,
1301 3258 1335 3313 at
1363 3251 1439 3314 nihii

114 3339 266 3402 nutriter
288 3338 435 3419 peccavi,·
461 3336 532 3416 quia
554 3335 739 3399 insensibilis
762 3337 797 3399 tit
819 3337 867 3399 hia
890 3337 1045 3417 ingressus
1069 3337 1107 3399 ad
1131 3339 1228 3402 istoru
1251 3339 1289 3405 ob
1312 3358 1437 3420 parvam

114 3428 341 3491 mniaitatem
366 3423 418 3503 Q.
464 3424 686 3489 Eceentrioitas
714 3433 762 3487 est
789 3427 851 3488 fere
881 3425 948 3487 ihoo
976 3427 1073 3488 medio
1103 3427 1335 3508 proportionalis
1356 3430 1438 3491 intar

114 3514 195 3580 dian
218 3525 253 3579 et
276 3516 467 3579 latitudinem
495 3508 615 3576 lunulae
639 3515 720 3577 cirea
749 3516 878 3577 ovalem,
924 3513 958 3577 Si
991 3513 1121 3580 100000
1150 3517 1205 3579 dat
1234 3514 1334 3592 1800,
1367 3517 1438 3598 qnid

114 3600 189 3670 808
211 3606 341 3668 veniunt
364 3597 447 3687 32²1,
476 3602 512 3665 de
540 3602 678 3680 100000,
703 3603 753 3666 vix
777 3613 883 3685 quater
910 3603 1071 3666 millesima
1099 3606 1256 3687 particula.
1304 3604 1352 3668 Sit
1370 3607 1436 3686 jam

114 3692 232 3759 intentis
254 3703 281 3766 d
306 3691 347 3772 Θ
376 3692 556 3756 brevissima
589 3689 732 3768 13854ος
763 3693 838 3755 haec
865 3714 973 3755 secans
1004 3702 1052 3756 est
1074 3695 1175 3775 anguli
1198 3692 1261 3759 43ο
1282 3692 1337 3759 47’
1359 3691 1435 3759 45”.

114 3782 134 3847 t
168 3795 272 3848 autem
317 3778 447 3847 100000
477 3782 517 3844 ad
548 3779 678 3847 138540
717 3782 760 3846 sio
799 3775 967 3865 100032²t
1005 3783 1044 3846 ad
1079 3781 1221 3859 138585,
1262 3792 1439 3847 accrescunt

114 3866 238 3956 honae
261 3872 354 3956 paulo
376 3872 444 3956 plns
475 3869 504 3933 i‘
534 3871 719 3935 subtendunt
746 3879 777 3934 et
804 3872 923 3954 quidem
951 3881 1021 3934 tuuc
1044 3873 1155 3947 solum,
1181 3892 1249 3936 unm
1275 3882 1308 3936 at
1336 3870 1376 3951 Q
1405 3873 1437 3936 in

114 3963 269 4044 ugitudine
293 3960 392 4024 media
415 3961 545 4023 accentui
570 3969 601 4023 et
624 3960 693 4031 din
716 3960 857 4041 perigaso
872 3969 903 4024 et
916 3961 1198 4043 prosthaphaeresis
1221 3971 1271 4026 est
1293 3962 1434 4026 maxima.

113 4058 133 4114 ti
148 4052 217 4134 pins
244 4051 275 4115 1¹
291 4059 416 4114 erratur
440 4049 470 4110 in
495 4049 766 4113 observationibus.
838 4095 841 4100 .

168 4142 205 4206 In
230 4139 313 4203 ovali
334 4137 512 4219 compendia
534 4140 629 4201 multa
647 4139 754 4216 habeo,
779 4158 855 4220 qnae
872 4158 966 4221 prope
983 4158 1085 4205 varum
1099 4139 1223 4204 veniunt
1236 4142 1275 4204 ad
1288 4137 1321 4207 8‘
1336 4148 1368 4205 et
1386 4136 1436 4220 6‘3

113 4248 160 4293 aaa
190 4231 316 4312 penitus
348 4246 472 4310 scopum
503 4229 669 4309 attingeret
699 4228 777 4291 ratio
811 4249 830 4290 a
863 4249 909 4291 ma
943 4231 1072 4292 nondum
1102 4237 1152 4293 est
1180 4230 1313 4295 inventa.
1359 4230 1438 4296 Utor

113 4326 200 4384 nasa
221 4318 337 4382 vicaria
338 4364 413 4383 .....

169 4408 344 4472 Biseetio
376 4400 682 4470 eeoen'tricitatis
706 4413 731 4477 ο*
755 4406 799 4468 sic
821 4405 969 4470 hahetur:
1002 4407 1097 4487 primo
1121 4407 1235 4472 vicaria
1257 4409 1434 4494 hypothesis

113 4498 219 4561 stendit
241 4496 453 4579 aequationem
469 4496 639 4570 maximam,
663 4496 890 4578 aequantisque‚
915 4495 971 4559 hoo
990 4504 1039 4558 est
1058 4505 1156 4562 totam
1179 4500 1436 4564 eoeentrioitatem

113 4587 229 4650 mxime.
276 4587 391 4649 Postea
421 4584 469 4647 ubi
502 4585 564 4647 ΑΚ
593 4585 738 4665 superiori
761 4585 903 4647 methodo
926 4596 958 4647 et
981 4585 1012 4648 in
1040 4586 1159 4668 apheiio
1183 4596 1214 4652 at
1234 4589 1266 4651 in
1289 4590 1434 4671 periheiio

113 4677 174 4740 urit
194 4675 350 4760 inquisita,
374 4674 512 4756 jungitur
534 4684 660 4756 utraque
683 4683 716 4736 et
730 4675 883 4737 dimidium
906 4694 1039 4738 summae
1062 4686 1254 4759 eomparatur
1275 4697 1343 4742 oum
1365 4680 1432 4742 eie-

113 4765 215 4845 ttatia3
228 4766 306 4828 hino
325 4764 432 4829 sxistit
444 4781 517 4829 vera
534 4763 743 4828 eeaautrioitas
767 4763 975 4846 invenitorque
988 4765 1084 4829 minor
1096 4767 1186 4848 panio
1201 4786 1291 4850 qnam
1308 4767 1434 4832 dimidia

113 4832 205 4921 rioria.
240 4855 410 4939 Utrumque
431 4860 541 4938 postea
557 4852 779 4920 demonstrator
796 4853 969 4919 necessario
983 4854 1057 4932 deri,
1080 4854 1247 4940 siqnidem
1269 4857 1434 4928 distantiae
