3278 5550
177 269 242 345 tto
662 272 705 327 ns
723 272 832 327 nonnus
851 270 943 326 sarra
960 269 1049 327 ιιιιιιι

177 453 218 516 sit
241 449 412 530 superficies
428 448 687 532 hemisphaerica3
711 473 780 516 uam
801 473 895 534 aeque
911 451 1119 532 multiplicium
1133 451 1240 513 eadem
1264 458 1313 512 est
1325 449 1363 512 ad
1378 469 1406 512 se
1419 457 1490 514 numo

176 533 340 622 propo'rtio.
380 538 547 619 Sphaerica
561 559 632 602 vero
647 544 820 624 superficies
835 544 873 604 ab
893 542 1116 605 Archimede
1141 541 1351 602 demonstrata
1365 548 1410 603 est
1424 541 1490 622 quad

177 632 264 711 rupla
296 648 362 692 esse
394 630 432 690 ad
462 629 582 709 planum
606 632 708 694 circuli
731 632 852 694 maximi
884 633 913 694 in
946 631 1076 713 sphaera
1107 631 1221 712 scripti.
1271 627 1397 692 Omnino
1423 630 1490 711 itaqu

178 738 285 799 corpus
315 718 405 799 duplo
436 718 553 779 distans
587 718 741 800 longius'
734 742 761 782 ιιι
791 745 805 800 y
835 740 921 801 quam
951 721 979 781 in
1013 721 1048 798 β,
1074 720 1193 781 videtur
1222 720 1344 798 octuplo
1374 718 1490 781 obscmir

178 811 275 871 lucere
307 807 446 869 debuisse
477 807 506 868 iu
530 831 545 888 y
567 828 655 888 quam
688 811 716 872 iu
740 813 769 890 β,
801 830 860 872 nou
894 810 1100 871 tantummodo
1133 809 1234 890 duplo.
1282 807 1401 870 Etenim
1426 826 1490 869 exe

177 890 243 980 ipso
266 897 385 959 videtur
407 896 523 958 intendi
551 896 660 959 debere
684 900 808 962 claritas
839 899 1005 973 radiorum,
1040 899 1117 978 quod
1146 917 1273 980 corpora
1301 917 1339 959 ex
1367 895 1490 978 appropio

179 986 319 1070 quatione
347 986 487 1048 videntur
517 986 705 1067 amplificari,
739 997 773 1051 ut
795 989 900 1050 Venus
933 989 961 1049 in
996 989 1137 1068 perigaeo
1167 987 1293 1070 epicycli
1317 985 1490 1049 evidentiora

178 1076 353 1158 corporibus
377 1075 512 1137 umbram
536 1076 754 1139 circumscribit
777 1097 865 1159 quam
888 1077 918 1139 in
943 1096 1088 1158 apogaeo.
1127 1075 1242 1139 Eadem
1268 1076 1372 1158 igitur,
1394 1076 1423 1138 ui
1443 1094 1490 1138 con

178 1165 346 1249 pacationis
370 1185 390 1225 a
412 1163 498 1225 nobis
521 1164 679 1228 institutae
704 1168 781 1230 inter
806 1168 901 1230 lucem
925 1177 954 1228 et
983 1167 1043 1228 rim
1074 1166 1244 1242 metricam,
1280 1165 1418 1227 videntur
1438 1176 1490 1226 etr

174 1255 205 1317 vi
228 1254 352 1318 metrice
373 1252 489 1333 concipi
514 1253 633 1317 debere.

264 1344 315 1407 Ad
338 1345 415 1405 hanc
431 1342 630 1445 objectionem
649 1344 743 1406 solide
767 1344 944 1423 respondeo,
968 1343 999 1407 iu
1022 1343 1119 1424 prima
1132 1343 1234 1423 puncti
1254 1343 1407 1425 positione
1423 1341 1490 1409 saltn

142 1446 149 1477 ·“
179 1433 303 1497 assumi.
350 1433 429 1494 Nam
453 1432 510 1533 etsi
536 1432 578 1494 sic
602 1453 658 1513 ego
689 1433 718 1494 in
743 1432 861 1512 Opticis
887 1453 1001 1536 quoque
1026 1435 1143 1496 locutus
1167 1452 1250 1507 surn,
1275 1443 1309 1495 at
1334 1452 1401 1495 eum
1422 1430 1490 1513 optio

176 1612 298 1675 Etenim
314 1611 392 1692 qnod
414 1617 507 1690 punct
509 1630 556 1672 um
581 1612 792 1680 attimacum
816 1610 846 1673 id
871 1612 982 1674 nullam
1003 1612 1139 1673 obtineat
1163 1611 1376 1691 quantitatem,
1400 1608 1490 1690 aruph

177 1711 284 1766 centur
297 1718 368 1762 vero
383 1698 568 1762 radiationes
588 1720 653 1762 curn
669 1700 888 1781 quantitatibus
905 1721 1075 1781 corporum:
1096 1702 1238 1782 sequitur,
1262 1701 1369 1780 puncti
1384 1698 1490 1762 radiati

176 1809 243 1852 nem
265 1808 320 1870 per
343 1807 376 1850 se
406 1788 517 1850 nullam
543 1809 627 1865 esse,
660 1809 751 1870 quare
780 1789 888 1852 nullius
916 1790 1092 1852 radiationis
1126 1791 1207 1852 nulla
1237 1790 1330 1851 etiam
1359 1789 1490 1869 majora

176 1878 274 1943 minor
298 1876 444 1940 densitas.
491 1877 598 1957 ltaque
622 1878 776 1958 usurpatio
800 1878 894 1958 prima
918 1879 1119 1960 proportionis
1143 1878 1358 1940 distantiarum
1380 1880 1424 1956 αβ
1438 1877 1490 1939 adr

177 1968 235 2032 hoc
258 1976 348 2050 pacto
372 1965 535 2028 intercidit.
583 1964 664 2038 Quin
686 1967 787 2047 potius
816 1968 854 2029 ob
881 1967 913 2029 id
943 1969 1037 2048 ipsum
1067 1968 1205 2039 dicimus,
1237 1975 1380 2047 punctum
1412 1967 1490 2049 aliqu

177 2058 283 2120 lortius
298 2056 347 2117 vel
370 2055 549 2117 imbecillius
572 2056 681 2132 lucere,
704 2055 865 2137 quiaillud
889 2064 1029 2137 puuctum
1044 2058 1130 2119 nobis
1153 2059 1295 2140 majorem
1322 2059 1370 2120 vel
1389 2058 1490 2119 minore

176 2147 380 2228 quantitatem
403 2144 554 2225 designat.

264 2237 300 2298 In
329 2232 462 2297 secunda
490 2233 593 2307 circuli
621 2242 652 2295 et
682 2233 775 2296 tertia
797 2234 872 2296 disci
902 2234 1050 2315 positione
1075 2235 1131 2297 duo
1161 2236 1239 2296 falsa
1270 2234 1385 2296 insunt.
1431 2232 1490 2296 Prir

178 2325 257 2409 quod
281 2323 409 2387 circulus
432 2322 672 2398 mathematicus,
698 2342 804 2384 carens
829 2323 1002 2400 latitudine,
1035 2325 1157 2404 tingitur
1181 2325 1293 2386 lucere:
1327 2344 1395 2385 cum
1420 2322 1446 2384 is
1464 2332 1490 2385 te

174 2434 233 2478 uon
249 2414 350 2476 luceat
372 2432 405 2474 se
421 2430 496 2491 ipso
523 2431 610 2492 qnam
634 2431 691 2473 uon
716 2431 753 2492 po
757 2419 818 2473 test
805 2413 936 2475 tlucere
959 2424 1111 2493 puuctum,
1137 2433 1174 2475 ex
1189 2432 1274 2492 euJus
1289 2412 1382 2476 ductu
1403 2408 1490 2479 eisd

174 2503 258 2585 gigni
287 2501 476 2582 intelligitur
523 2499 605 2564 Sane
634 2501 726 2564 nihilo
753 2501 851 2583 magis
879 2503 1063 2584 promoveris
1091 2504 1130 2564 ad
1159 2501 1362 2583 superficiem,
1396 2486 1490 2565 asad

176 2594 257 2656 linea
280 2591 371 2654 trium
395 2590 561 2653 stadiorum
585 2610 672 2671 quam
697 2591 786 2652 trium
807 2592 926 2670 pedum.

262 2680 401 2744 Secundo
425 2679 547 2761 fingitur
570 2679 762 2762 amplificatio
783 2681 883 2761 optica
906 2680 1045 2743 diametri
1064 2680 1112 2741 vel
1132 2679 1208 2742 disci
1224 2681 1337 2742 addere
1362 2676 1490 2755 fortitudt

174 2771 335 2847 radiorum,
367 2789 434 2831 cum
458 2770 499 2831 sit
522 2776 638 2833 tantum
671 2768 808 2849 deceptio
839 2769 968 2832 visoriae
1002 2769 1159 2832 facultatis
1183 2777 1214 2832 et
1236 2789 1274 2830 ex
1296 2788 1410 2850 genere
1432 2766 1490 2833 ratit

173 2860 285 2924 nalium
309 2858 439 2932 entium,
472 2858 579 2940 quibus
608 2857 692 2919 nulla
716 2866 764 2918 est
794 2859 964 2921 efficientia.
1012 2859 1115 2940 ltaque
1147 2858 1280 2920 idemne
1308 2859 1380 2940 ipsa
1402 2856 1490 2922 circui

175 2956 228 3025 ds,
261 2949 366 3010 eadem
396 2946 569 3027 superficies
594 2953 656 3008 baa
681 2947 726 3020 (in
749 2948 872 3025 negotio
896 2948 998 3022 lueis),
1031 2948 1109 3010 idem
1138 2968 1246 3028 corpus
1271 2954 1309 3010 ds
1334 2949 1382 3022 (in
1410 2944 1490 3029 negot'

174 3039 311 3113 virtutis)
326 3054 461 3110 manens,
486 3036 550 3097 sive
568 3054 633 3116 exy
655 3035 850 3115 adspiciatur,
875 3037 939 3099 sive
957 3056 994 3097 ex
1010 3039 1038 3114 β,
1062 3038 1141 3099 idem
1161 3037 1252 3099 etiam
1275 3046 1423 3119 perpetuo
1437 3051 1490 3118 prat

175 3126 270 3189 stabit
288 3134 319 3187 et
334 3123 454 3203 efficiet,
479 3131 510 3185 et
524 3125 701 3185 tantundem
727 3132 851 3204 sparget
873 3126 994 3193 virtutis
1011 3126 1060 3187 vel
1084 3126 1159 3189 lueis
1183 3126 1213 3189 in
1229 3127 1363 3206 orbemy
1384 3127 1490 3188 laxiore

175 3212 369 3297 quantumin
394 3214 414 3290 β
445 3212 666 3292 angustiorem:
700 3213 775 3274 nihil
808 3214 885 3275 enim
916 3215 994 3294 perit
1026 3215 1056 3276 in
1086 3216 1210 3290 itinere;
1240 3216 1381 3296 pervenit
1413 3212 1490 3297 specis

175 3307 292 3383 integra
324 3321 413 3382 quam
447 3301 531 3363 lubet
566 3300 787 3376 remotissime,
824 3305 1030 3366 tantummodo
1068 3306 1263 3385 sphaerarum
1301 3303 1490 3368 extensionibr

175 3399 358 3466 attenuatur,
383 3398 416 3451 ut
438 3390 468 3451 in
484 3392 604 3471 punctis
628 3391 822 3471 sphaerarum
846 3393 983 3472 singulis,
1006 3402 1080 3474 puta
1098 3395 1128 3456 in
1142 3419 1157 3472 y
1172 3402 1203 3455 et
1217 3395 1246 3472 β,
1271 3394 1313 3455 sit
1336 3394 1399 3457 illic
1421 3392 1490 3456 tario

175 3483 223 3544 hie
247 3480 368 3542 densior
391 3479 420 3541 in
444 3479 636 3559 proportione
665 3499 810 3542 conversa
838 3481 1049 3544 distantiarum
1074 3484 1118 3562 αβ
1141 3484 1179 3544 ad
1203 3507 1249 3563 ey.
1297 3482 1340 3545 Et
1362 3484 1437 3546 haec
1456 3476 1490 3543 sol

175 3592 266 3633 causa
282 3579 331 3631 est
345 3567 571 3638 debilitationis,
596 3588 654 3630 non
674 3571 887 3632 evanescentia
902 3571 995 3633 fontis
1015 3577 1061 3645 de,
1086 3592 1161 3653 quae
1186 3592 1217 3634 re
1238 3589 1311 3633 vera
1329 3592 1389 3634 nou
1408 3566 1490 3634 accidi

175 3662 229 3723 sed
252 3679 306 3740 per
329 3658 412 3719 visus
430 3656 644 3737 deceptionem.
684 3659 748 3719 lmo
769 3659 794 3720 si
809 3659 858 3721 hic
882 3661 989 3723 liberet
1012 3681 1049 3722 ex
1063 3661 1235 3724 Euelidis
1260 3660 1411 3741 Opticis
1434 3676 1490 3739 argu

174 3750 244 3825 tari,
267 3748 365 3811 minus
388 3747 464 3809 lucis
488 3747 528 3807 ad
551 3748 717 3827 propinqua
740 3749 760 3824 β
783 3750 866 3811 venit
894 3770 982 3831 quam
1005 3751 1043 3811 ad
1068 3759 1197 3820 remota,
1226 3770 1261 3811 eo
1286 3750 1420 3823 nomine,
1445 3764 1490 3831 quo

175 3840 204 3901 in
228 3842 248 3918 β
269 3839 366 3900 minor
389 3835 518 3898 circulus
542 3835 687 3898 terminat
709 3836 807 3898 visum
830 3838 1101 3920 hemisphaerieum
1125 3839 1253 3902 lucentis
1277 3845 1315 3900 bs
1339 3859 1426 3920 quam
1447 3838 1490 3913 iuq

175 3931 282 4010 Itaque
315 3946 374 3987 non
407 3933 495 3987 tauta
526 3924 676 4005 particula
698 3925 742 3999 ,de
773 3926 843 3988 Sole
868 3934 903 3989 da
935 3928 1030 3989 videri
1059 3938 1163 4009 potest
1195 3930 1276 4005 ιιιβ
1307 3938 1419 4010 quanta
1441 3944 1490 4002 ext

175 4017 237 4083 Sed
259 4018 317 4080 hoe
341 4014 515 4077 insensibile
540 4022 588 4076 est
611 4014 699 4092 plane
724 4021 754 4075 et
776 4016 828 4077 vix
850 4017 980 4083 numeris
1005 4017 1182 4081 immanibus
1206 4018 1384 4098 expressile.
1428 4078 1430 4083 .

262 4107 329 4187 Ego
353 4123 426 4166 sane
450 4110 609 4184 postquam
633 4103 680 4164 hic
704 4103 773 4164 mihi
798 4104 855 4185 ipsi
878 4106 1032 4186 respondi,
1066 4108 1148 4171 rideo
1172 4107 1299 4169 miseras
1323 4128 1407 4170 meas
1429 4098 1490 4185 sepi

175 4196 312 4258 dationes
333 4202 374 4254 ‘ex
396 4194 453 4255 hac
477 4192 603 4271 caligine
628 4199 719 4255 ortas.

264 4284 326 4346 Sed
355 4282 499 4344 revibrari
531 4289 634 4361 potest
658 4280 785 4364 objectio
818 4282 847 4342 in
880 4291 998 4363 partem
1025 4285 1220 4361 contrariam,
1255 4284 1298 4347 sic
1330 4305 1443 4366 nempe.
1481 4277 1490 4340 l

151 4374 352 4458 ‘tantundem
375 4370 449 4432 lucis
474 4378 521 4432 est
508 4370 574 4432 tin
599 4371 699 4449 ampla
722 4371 853 4450 sphaera
876 4375 1014 4453 sparsim,
1040 4384 1180 4456 qnantum
1205 4376 1233 4436 in
1259 4384 1392 4454 angusta
1413 4373 1490 4436 collat

175 4462 245 4539 tim,
268 4481 328 4523 non
343 4459 400 4523 erit
423 4461 600 4521 tantundem
623 4459 744 4520 virtutis
769 4459 939 4542 utrobique,
966 4466 1095 4545 eoquod
1119 4465 1214 4527 virtus
1238 4464 1444 4527 consideratur
1464 4477 1490 4523 ιι

176 4552 207 4613 in
230 4550 361 4631 sphaera
384 4549 605 4624 orbiculariter,
636 4555 669 4609 ut
693 4548 757 4617 lux,
782 4549 867 4611 sed
860 4571 889 4611 ιιι
913 4550 964 4612 illo
988 4553 1129 4616 circulo'
1122 4574 1150 4614 ιιι
1175 4573 1231 4634 quo
1257 4553 1371 4615 incedit
1393 4555 1490 4647 planet

177 4640 257 4704 Nam
276 4646 308 4702 et
330 4639 482 4702 filamenta
504 4637 674 4718 magnetica
693 4636 773 4699 Solis
797 4657 889 4719 supra
910 4643 1129 4720 ponebantur
1120 4663 1151 4705 ιιι
1174 4643 1295 4724 longum
1319 4628 1490 4708 tantumdor'

177 4727 301 4809 porrigi,
325 4746 384 4790 non
407 4726 498 4789 etiam
521 4746 626 4790 versus
649 4725 735 4807 polos
759 4735 810 4789 aut
834 4726 984 4794 aliorsum.

266 4815 494 4898 Respondetur,
519 4834 640 4880 causam
664 4816 738 4879 lueis
762 4824 794 4878 et
815 4816 936 4882 virtutis
959 4822 1093 4887 metricis
1116 4840 1184 4885 esse
1206 4820 1298 4901 plane
1322 4824 1461 4900 eandem,
