3278 5550
143 278 207 349 124
558 278 660 332 literae
678 277 780 344 Kepleri
798 278 950 346 aliorumque
968 286 1070 333 amase

142 463 254 537 aequet
285 475 442 518 excessum
476 456 634 519 secantis?
679 455 745 536 Ego
778 456 984 537 quaestionem
1015 477 1072 520 non
1103 456 1259 533 transtuli,
1292 455 1348 518 sed
1377 473 1478 517 causan

141 544 272 611 indicavi
296 554 328 606 et
351 545 467 624 ellipsis
491 554 522 606 ct
545 565 713 607 mensurae.
761 546 845 608 Mars
868 546 962 609 habet
993 547 1054 623 vim
1085 546 1303 626 magnetieam,
1337 563 1412 625 qnae
1438 562 1478 623 pro

141 635 259 701 ration
277 633 480 697 inclinationis
495 635 561 696 axia
585 634 748 713 magnetici
773 634 820 694 ad
827 635 928 698 Solem
944 637 1062 703 accedit
1085 645 1116 697 et
1139 636 1178 697 ab
1201 655 1236 696 eo
1252 634 1383 707 recedit;
1406 633 1477 695 lorti·

142 724 214 787 tudo
239 742 380 785 accessus
408 725 524 786 ratione
548 723 675 825 physica
703 733 892 785 mensuratur
915 747 934 786 a
958 725 1023 786 sinn
1056 725 1157 805 anguli
1189 722 1406 786 inclinationis.
1444 714 1510 831 nx:

145 813 201 877 hac
236 811 419 875 fortitudinis
456 811 624 873 variatione
658 812 786 874 resultat
818 813 897 874 ultro
930 814 1079 893 regularis
1116 813 1237 875 libratio
1268 811 1379 874 Martis
1410 793 1510 893 ιιιιιΙ

141 903 170 964 ιι
193 900 340 964 diametro
365 901 491 984 epinycli
516 900 670 974 (libratio,
694 895 828 979 inquam,
859 903 897 964 ad
922 922 1048 982 nngnem
1074 903 1163 974 talis,
1187 901 1293 982 qualis
1309 908 1360 962 est
1382 899 1408 960 si
1420 898 1510 1001 epi·

142 989 281 1073 cyclus
273 1008 303 1052 ιι
333 989 523 1052 concentrico
552 998 706 1051 statuatur
726 990 902 1072 inaequalis
930 999 1044 1067 motus,
1074 993 1159 1053 Mars
1184 1010 1255 1052 vero
1285 1007 1344 1051 non
1379 988 1409 1049 in
1431 988 1510 1067 ejus

142 1077 360 1144 circumferant
339 1087 401 1154 t,ra
433 1078 528 1140 sed
520 1098 549 1140 ιι
574 1078 639 1158 ejus
663 1078 809 1140 diametro
833 1099 901 1141 esse
934 1075 1093 1161 ponatur).
1138 1079 1188 1140 Ex
1218 1078 1379 1142 libratione
1410 1074 1506 1158 porro'

142 1168 271 1231 resultat
294 1169 375 1230 ultro
399 1167 449 1229 via
472 1165 608 1248 eliiptica
631 1175 663 1228 et
685 1168 842 1247 quantitas
865 1177 1002 1232 resectae
1026 1170 1157 1232 lunulae.
1205 1167 1238 1231 Si
1263 1166 1396 1230 enimin
1419 1184 1484 1228 anu·

141 1257 235 1320 maiia
257 1256 390 1319 eccentri
405 1251 466 1320 90⁰
480 1256 648 1318 absolvitur
672 1255 797 1317 dimidia
821 1256 952 1326 libratio,
977 1278 1043 1320 cnm
1063 1259 1192 1320 nondum
1217 1268 1288 1318 tnnc
1312 1257 1355 1318 eit
1379 1253 1510 1317 dimids·

141 1347 208 1409 axia
232 1347 271 1407 ad
293 1344 398 1408 Solem
423 1345 583 1407 inclinatio
603 1347 652 1418 (nt
675 1344 812 1407 nimimm
836 1365 928 1426 supra
952 1346 1072 1409 libratio
1096 1347 1139 1408 sit
1162 1346 1278 1408 tardior
1301 1363 1392 1426 qnam
1414 1343 1510 1410 intras

143 1435 223 1498 sicut
252 1444 302 1497 est
331 1443 364 1496 et
396 1433 463 1513 ipsa
487 1422 644 1497 anomalia
662 1434 824 1508 eccentri),
859 1454 930 1515 ergo
964 1435 992 1496 in
1026 1437 1078 1497 illa
1102 1435 1253 1498 anomalia
1281 1432 1416 1496 eccentri
1441 1423 1510 1495 9⁰⁸.

142 1525 269 1604 planeta
289 1523 386 1587 drstat
400 1521 496 1597 radio
521 1542 592 1604 ana
606 1520 739 1584 absolvit
754 1523 1008 1586 semidiametmm
1033 1525 1216 1600 librationis;
1241 1524 1314 1585 ater
1330 1522 1361 1585 in
1376 1522 1510 1585 circum-1

144 1611 275 1675 ierentia
298 1611 462 1674 mansisset
486 1611 628 1694 epicycii‚
654 1610 819 1673 distitisset
842 1621 964 1674 secante
988 1614 1176 1694 aequatiouis
1200 1613 1333 1693 opticae.
1380 1612 1488 1692 apum

141 1701 268 1783 pinquat
282 1701 397 1805 igitur,
431 1700 480 1762 nbi
506 1701 649 1775 maxime,
683 1719 811 1761 excessu
835 1701 968 1764 secantis
1000 1721 1090 1781 supra
1114 1703 1239 1764 radium.
1286 1701 1374 1762 Haec
1405 1698 1489 1801 omnia

144 1789 411 1869 geometricissime
436 1787 607 1864 cohaerent,
633 1798 666 1851 nt
688 1780 805 1851 videbis
829 1787 898 1852 olim
921 1790 986 1853 Deo
1010 1791 1140 1854 volente.

230 1896 406 1948 Fabricius.
426 1895 474 1947 Ubi
492 1897 613 1946 rationem
631 1909 703 1946 meae
721 1895 862 1960 hypothesis
880 1898 993 1962 integrae
1011 1896 1083 1961 plene
1102 1896 1308 1953 consideraveris,
1329 1893 1426 1944 videbis
1442 1890 1491 1943 isd-

141 1967 253 2037 liumus,
283 1968 471 2018 comouautiam
498 1974 525 2017 et
552 1967 740 2023 certitudinem,
769 1975 795 2017 et
822 1968 989 2019 admiraberis.
1026 1968 1081 2018 Hoc
1106 1982 1164 2018 aere
1181 1969 1225 2018 tibi
1245 1967 1373 2017 affirmare
1391 1976 1493 2029 possut

141 2052 234 2106 quaeso
252 2039 356 2096 saitem.
385 2046 414 2089 ut
439 2039 561 2088 rationem
583 2053 627 2102 per
650 2035 665 2086 3
692 2038 831 2101 parallsxes
850 2040 935 2090 ordine
952 2040 1100 2105 procedendi
1124 2054 1141 2088 a
1166 2036 1242 2104 primo
1261 2038 1294 2088 ad
1311 2028 1433 2086 ultimum
1447 2033 1495 2085 affl

143 2111 289 2176 panoribas.
308 2115 337 2160 ut
356 2106 389 2171 Θ
409 2104 492 2159 orb'em
511 2124 566 2158 oum
586 2108 611 2169 ό
631 2110 771 2159 eocentrico
790 2124 920 2172 permees
939 2111 1122 2161 observationes
1140 2112 1248 2174 pressius
1267 2109 1383 2159 conferre
1402 2106 1496 2172 pedae

147 2187 204 2246 post
220 2183 342 2247 integram
360 2194 443 2232 meam
461 2179 608 2244 hypothesin
627 2194 683 2230 enm
703 2180 912 2231 demonstratione
925 2190 951 2232 et
963 2182 1080 2244 exemplis
1092 2181 1203 2231 habebis.
1241 2179 1310 2230 Scito
1323 2194 1365 2231 nse
1387 2174 1498 2229 urum

144 2253 336 2319 cogitationibus
353 2252 447 2317 ingenii
463 2253 535 2305 vires
544 2251 619 2316 plane
637 2252 809 2314 prostravisser
829 2254 912 2314 putavi
925 2254 990 2301 enim
1010 2267 1059 2302 uon
1077 2252 1288 2305 committendum
1307 2257 1338 2301 nt
1357 2249 1500 2315 hypothes·

147 2331 222 2375 ιιιιι
240 2322 387 2374 difficultate
404 2323 524 2373 laborent
554 2321 583 2371 in
597 2322 747 2372 eoteboran
759 2336 865 2385 semper
883 2332 910 2371 ιι
929 2330 1038 2372 motuum
1057 2337 1146 2374 causas
1164 2338 1235 2373 veras
1252 2324 1416 2388 inquirerem.
1435 2328 1502 2387 qa·

143 2402 170 2446 ιι
188 2395 327 2446 laboremus
344 2400 467 2459 uterque,
484 2401 517 2444 ιι
535 2406 564 2443 ex
583 2390 599 2441 3
619 2392 797 2455 acronychiis
791 2395 955 2457 inquiramus,
983 2395 1047 2459 qnod
1065 2402 1093 2444 ιι
1112 2409 1143 2444 ex
1160 2396 1178 2443 4
1195 2396 1266 2445 lacis.
1304 2392 1442 2443 Habemus
1457 2402 1501 2443 r·

142 2467 168 2516 lu
185 2466 307 2533 manibnq,
326 2465 398 2516 modo
417 2466 510 2530 ingenii
529 2465 565 2514 tui
583 2464 721 2514 subtilitate
739 2465 805 2513 viam
823 2473 948 2515 ostensam
967 2466 1087 2516 excedere
1105 2465 1286 2530 aliquantulum
1304 2464 1377 2514 valis.
1413 2460 1500 2525 Quafl

143 2539 251 2589 maxims
278 2543 337 2588 tuse
360 2534 489 2601 hypothesi
516 2534 644 2586 inhaerere
668 2535 785 2591 volneris
814 2542 899 2586 tamen
925 2537 946 2585 si
973 2550 1055 2586 meam
1082 2539 1132 2589 tuis
1151 2536 1340 2586 Commentariis
1369 2535 1501 2603 adjas'gn

142 2609 256 2666 volneris,
274 2608 301 2659 in
319 2609 427 2674 gratiam
445 2606 632 2671 astrophilornm
650 2621 701 2655 non
720 2607 877 2658 detrectabo.
906 2608 978 2658 modo
996 2609 1034 2657 ita
1060 2609 1108 2658 tuis
1136 2609 1209 2658 rebns
1227 2609 1305 2656 ιιιιιι
1325 2607 1423 2663 inerit·
1449 2600 1501 2659 ss

142 2694 190 2745 ago
207 2692 313 2746 quaero.
332 2693 406 2744 qnam
425 2679 484 2728 artis
504 2679 633 2729 ιιιιιιιιιι
652 2677 831 2742 multorumque
849 2678 991 2728 utilitatem.
1028 2679 1101 2729 Haec
1119 2686 1192 2737 sunt,
1216 2692 1281 2744 qnae
1300 2678 1333 2728 de
1351 2691 1416 2729 mea
1432 2677 1500 2741 hyp»

141 2749 207 2807 fflasi
226 2756 253 2803 ιι
270 2746 287 2799 8
305 2749 461 2814 aorunyuhiis
481 2749 576 2800 uniordo
594 2762 661 2799 nunc
679 2750 756 2798 liuius
774 2750 818 2798 tibi
837 2749 964 2799 declarare
983 2749 1056 2799 volni
1094 2749 1174 2815 Pergo
1193 2764 1260 2799 nune
1279 2748 1312 2798 sd
1331 2749 1396 2799 alia.

230 2838 437 2919 Keplerns:
463 2835 551 2909 Quod
575 2845 606 2899 tu
618 2839 683 2917 jam
708 2837 793 2919 quasi
813 2840 912 2900 causis
935 2839 1066 2900 inventis
1084 2840 1122 2900 ad
1137 2839 1255 2901 somnia
1277 2847 1333 2900 tua
1347 2834 1497 2921 relaberis,

142 2926 179 2993 de
203 2926 314 3003 causis,
339 2945 392 2988 cur
415 2923 434 2989 3
460 2925 640 3008 acronychia
659 2946 718 2988 non
733 2926 914 2990 concludant
932 2926 1130 3009 hypothesin,
1155 2928 1249 2990 habes
1274 2927 1504 3008 responsionem.

144 3035 246 3097 snpra.
294 3014 339 3078 Tu
361 3022 523 3094 postquam
547 3014 597 3075 diu
621 3015 768 3093 fatigatus
793 3015 893 3088 fuisti,
918 3018 1039 3078 tandem
1063 3017 1206 3079 invenisti
1230 3016 1362 3095 sinopeos
1386 3014 1498 3085 calculi,

144 3113 301 3168 ettamen
324 3102 450 3174 enodes,
480 3112 514 3163 nt
538 3102 613 3164 hane
638 3103 717 3165 riam
740 3122 816 3176 eam,
842 3122 901 3183 qua
924 3123 999 3184 opus
1023 3125 1080 3167 non
1105 3106 1212 3169 babeo.
1260 3098 1327 3184 Egi>
1352 3107 1434 3168 enirn
1458 3103 1499 3163 via

145 3191 300 3255 laboriosa
323 3190 452 3271 quidem,
476 3199 611 3253 attamen
634 3191 794 3272 perspicua
818 3201 847 3252 et
872 3193 989 3254 insidiis
1013 3204 1145 3268 carente,
1171 3195 1209 3255 ad
1233 3196 1334 3256 locum
1358 3195 1497 3257 veni:te

143 3299 216 3345 vero
238 3281 327 3363 plura
351 3280 459 3341 docere
482 3298 539 3340 non
563 3298 696 3359 possum,
720 3299 810 3360 quam
834 3281 897 3360 ipse
922 3290 1020 3345 teneo.

234 3384 393 3460 Quomodo
417 3405 514 3447 meam
540 3383 671 3447 lunulam
694 3386 902 3455 transtuleris,
928 3388 1047 3462 dixisti,
1072 3388 1101 3449 in
1126 3389 1240 3450 circelii
1264 3407 1306 3449 sc.
1334 3380 1494 3450 transversi

144 3476 342 3546 diametrum,
377 3494 435 3557 qna
465 3483 600 3537 centrum
630 3474 790 3537 eccentrici
822 3475 946 3538 libretur
977 3496 1014 3537 ex
1045 3487 1209 3554 inversus
1234 3479 1262 3551 ὅ
1285 3484 1317 3538 et
1350 3475 1496 3549 vicissim,

145 3585 223 3649 qnae
240 3575 342 3628 tamen
358 3564 415 3627 hnc
430 3563 615 3626 correctione
638 3564 770 3666 indiget,
787 3573 818 3625 ut
834 3572 860 3633 (ς
876 3565 905 3625 ιι
932 3574 966 3641 iil
989 3575 1128 3627 uersante
1145 3575 1280 3628 centrum
1303 3564 1335 3627 in
1354 3566 1384 3641 ὅ
1400 3580 1495 3627 seces*

144 3655 220 3725 serit
243 3662 275 3718 et
297 3662 413 3716 contra.
451 3650 567 3724 Quodsi
592 3651 684 3714 etiam
706 3639 904 3727 indicaveris,
930 3655 1074 3732 quomodo
1099 3654 1201 3714 salies
1230 3674 1334 3716 aream
1359 3648 1496 3738 trimani

145 3744 324 3846 ιιιιιιιιιιι,
348 3750 381 3805 et
395 3742 514 3804 modum
538 3750 619 3803 tunm
644 3741 894 3821 aequipollentem
909 3741 1012 3804 videro
1036 3743 1155 3804 areolae
1179 3762 1276 3819 meae,
1299 3752 1373 3806 tnnc
1397 3740 1497 3805 facian

145 3834 224 3918 qnod
250 3832 330 3915 petis
349 3842 381 3893 et
404 3840 488 3893 tunm
502 3829 682 3910 hypothesin
697 3830 772 3891 meis
788 3828 1020 3893 Commentariis
1044 3831 1216 3913 adjungam.
1253 3832 1335 3894 Nam
1350 3830 1498 3914 negotium

146 3931 231 3987 tunm
253 3920 386 4004 pertinet
408 3920 519 3982 saltem
542 3916 581 3979 nd
605 3919 723 3999 opticae
747 3918 935 3999 aequationis
959 3928 1092 3999 partem;
1117 3920 1154 3983 de
1173 3920 1300 4003 physica
1323 3929 1414 4001 parte
1436 3920 1499 3994 (esa

146 4011 184 4074 de
208 4010 404 4093 aequatione,
437 4025 527 4091 quam
555 4015 697 4069 causatur
725 4017 869 4087 punctum
902 4009 1107 4089 aequaturinm
1131 4008 1319 4084 Ptolemaei,
1354 4007 1503 4073 secundm

146 4099 297 4184 epinyclns
321 4098 472 4181 habenis
496 4106 528 4158 et
551 4095 725 4176 Cepernici)
749 4096 822 4158 nihil
847 4096 944 4158 adhuc
968 4097 1023 4159 abs
1047 4105 1078 4158 te
1093 4106 1141 4159 est
1164 4098 1302 4171 aliatum,
1326 4119 1384 4162 nec
1407 4078 1501 4161 sueni

145 4196 266 4294 potest,
298 4188 377 4269 qnod
400 4185 603 4267 aequipolleat
632 4184 750 4246 areolae
775 4203 870 4246 meae.
917 4184 951 4246 Si
975 4185 1126 4265 negligere
1150 4188 1240 4249 velim
1271 4182 1321 4262 δ’,
1350 4189 1418 4270 jam
1449 4178 1501 4291 egi

146 4277 213 4361 ipse
244 4276 387 4341 haberem
417 4282 560 4356 punctum
583 4273 741 4355 aequantia
763 4273 990 4336 Ptolemaicum.
1039 4273 1128 4336 Sic
1120 4294 1151 4335 ιι
1175 4275 1364 4356 longitndine
1395 4266 1502 4349 media',

147 4373 288 4429 manente
312 4364 538 4428 eecentricitate
563 4361 635 4437 hnc,
668 4369 741 4441 puto
765 4359 937 4425 circiterd‘
961 4363 1052 4424 minui
1085 4364 1246 4426 maximam
1280 4364 1503 4449 aequationem,

146 4453 198 4519 ubi
221 4451 242 4518 2
265 4453 408 4537 epicyulis
432 4449 616 4533 Copernico-
619 4449 797 4532 Tychonicis
821 4450 945 4524 ntimnr,
980 4470 1055 4531 qnae
1079 4448 1111 4513 3⁴
1136 4461 1207 4515 ante
1230 4454 1279 4514 vel
1311 4464 1385 4534 post
1409 4470 1504 4537 eppo·

147 4542 288 4607 altionem
311 4562 377 4605 cum
395 4540 466 4605 Sole
489 4547 617 4622 possunt
635 4557 807 4601 exerescere
831 4539 869 4600 ad
896 4537 947 4601 10’
970 4541 1019 4602 ιιι
1048 4538 1114 4614 il;
1138 4542 1185 4602 sin
1210 4551 1314 4604 nutem
1328 4546 1506 4607 deteramus

147 4631 224 4697 haec
248 4628 290 4707 3',
314 4640 385 4694 tunc
408 4629 546 4710 augenda
570 4629 628 4690 erit
650 4627 870 4701 eccentricitss,
895 4629 939 4689 ιιι
962 4627 1147 4690 ritiabnntur
1170 4631 1339 4693 distantiae
1363 4633 1507 4715 appetis·

148 4729 181 4784 et
202 4718 383 4803 peribeiiae,
417 4727 449 4780 nt
473 4718 595 4780 tolerari
618 4735 676 4779 non
699 4716 816 4797 possint
839 4736 857 4776 n
879 4715 1145 4796 prosthaphaeresi
1168 4719 1251 4781 orbis
1274 4722 1378 4784 annui.
1419 4720 1508 4786 Adde

148 4810 229 4897 qnod
250 4808 281 4875 in
303 4806 540 4891 longitudinibus
569 4804 677 4870 mediis
699 4805 846 4886 contingit
873 4824 929 4887 per
955 4804 1103 4888 duplicem
1125 4808 1292 4893 epicyclnm
1315 4806 1510 4879 excursnsa
