3278 5550
461 318 494 373 de
510 318 699 373 Commentariis
717 323 749 373 de
767 326 835 373 motu
852 323 941 375 stallae
958 322 1055 375 Marcis
1369 320 1433 389 115

119 520 137 562 n
162 500 217 575 eit,
243 502 371 582 ideoque
395 501 488 562 etiam
512 501 697 572 carendum,
727 521 765 562 ne
789 500 818 562 in
841 500 894 562 FE
918 514 1105 563 numeremus
1135 509 1270 580 tempus,
1302 520 1376 562 saue
1400 509 1432 564 ct

119 598 241 652 :essse
263 590 447 653 contrarium
469 589 636 652 verissimis
660 598 791 652 motuum
815 589 925 652 causis.
971 590 1054 670 Ergo
1084 592 1202 670 qnando
1235 590 1360 670 planeta
1383 600 1433 652 est

123 677 266 754 0,.ιιιιιο
289 698 346 761 ego
371 698 408 739 ex
429 678 459 740 D
483 678 585 741 verum
609 680 675 760 ejue
703 680 800 740 locum
832 698 1018 760 nequaquam
1051 680 1272 758 investigo;t
1247 679 1349 757 itaque
1373 698 1431 741 non

119 768 280 839 securium
311 768 408 848 petis,
441 775 475 829 ut
501 769 557 829 hoc
586 778 616 829 te
648 769 782 829 doceam.
835 767 966 829 Rursum
998 776 1030 828 tu
1060 768 1150 842 dicis,
1179 767 1232 829 FE
1264 765 1431 844 simplicem

119 856 215 919 >luisti
241 856 342 919 dicere
369 857 548 931 „mediant
573 877 662 936 quam
687 856 796 919 Graeci
821 853 1024 934 dpatomcqoer
1046 866 1169 927 vocant,
1199 857 1330 935 simplex
1351 857 1431 917 enim

119 954 173 1008 itus
196 946 227 1007 in
254 942 423 1008 Pmtenicis
446 946 497 1007 ille
522 903 643 1019 dicitur,
669 946 717 1025 qui
742 955 790 1007 est
812 967 831 1007 a
853 946 948 1026 prima
970 945 1016 1021 Υ,
1044 947 1091 1007 cui
1124 946 1243 1007 ablatus
1268 953 1317 1004 est
1338 964 1430 1024 prae-

119 1034 218 1097 sionis
239 1036 367 1110 motus),
391 1035 466 1096 dicis
488 1034 579 1114 igitur
593 1031 646 1099 Fu
669 1036 798 1097 mediam
821 1047 853 1097 et
876 1036 913 1096 ad
938 1054 1006 1099 eam
1029 1035 1238 1097 accommodas
1260 1028 1313 1095 ΡΙ)
1338 1044 1430 1107 recte,

119 1122 233 1187 lbanc
259 1132 293 1186 ιιι
316 1124 446 1189 mediam
470 1124 554 1198 dicis,
579 1134 654 1204 puta
677 1125 861 1205 quantitate,
886 1134 917 1184 et
940 1134 1029 1204 putas
1055 1128 1121 1185 esse
1145 1124 1236 1193 hauc,
1260 1142 1349 1201 quam
1374 1142 1429 1202 ego

119 1232 141 1275 ιο
163 1214 314 1287 eccentri,
337 1213 420 1294 cnjus
443 1206 729 1294 DAFcoaeqnata.
776 1215 810 1277 In
842 1213 889 1275 his
919 1212 1120 1275 confunderis.
1167 1212 1317 1290 Repetam
1341 1211 1430 1284 enim,

119 1301 213 1364 ndex
237 1301 444 1382 superioribus
468 1303 532 1382 ipse
556 1303 717 1381 potuisses.
765 1300 848 1364 Data
878 1302 1028 1363 anomalia
1057 1296 1191 1363 eccentri'
1217 1300 1340 1379 elliptici
1364 1301 1429 1376 FD,

119 1411 154 1455 ns
175 1410 293 1453 nomen
319 1389 417 1453 estin
440 1390 492 1453 ΓΕ
516 1410 587 1453 arcu
610 1391 722 1459 circuli.
747 1390 804 1454 erit
827 1411 899 1461 area
916 1390 1000 1453 EAF
1014 1410 1155 1452 mensura
1170 1388 1338 1457 anomaliae
1362 1408 1428 1449 me-

119 1499 135 1543 c
164 1490 199 1541 et
234 1480 368 1560 angulus
390 1479 477 1555 DAF
503 1481 561 1541 erit
588 1490 765 1561 coaequata.
811 1480 924 1543 Datum
947 1499 1018 1560 ergo
1052 1488 1180 1557 tempus,
1212 1478 1366 1540 redactum
1399 1479 1429 1538 in

119 1569 254 1631 maliem
285 1568 432 1642 mediam,
467 1571 669 1647 quaerendum
704 1580 752 1632 est
779 1570 807 1629 in
837 1589 908 1630 area
939 1568 1066 1648 perlecti
1095 1566 1217 1629 circuli:
1252 1567 1329 1646 quod
1359 1568 1429 1645 quia

119 1658 255 1723 metrice
279 1659 398 1739 nequit,
429 1658 608 1723 tabulariter
636 1659 727 1738 igitur
756 1658 933 1720 iaciendum.
981 1659 1060 1720 Nam
1095 1656 1217 1719 tabulae
1242 1655 1330 1716 facile
1355 1675 1428 1715 eon-

119 1755 222 1815 mntnr
250 1748 291 1808 ad
316 1747 450 1826 singulos
474 1747 585 1827 gradus
610 1747 778 1810 anomaliae
802 1746 933 1809 ecceutri
957 1746 1008 1808 FE
1034 1747 1096 1819 (vel
1121 1745 1200 1818 FD).
1248 1744 1329 1822 Ergo
1354 1745 1427 1817 dato

119 1852 199 1918 pore
226 1856 288 1898 sen
312 1836 460 1899 anomalia
475 1836 591 1911 media,
616 1838 642 1898 si
666 1837 788 1916 tabulae
818 1837 917 1897 iactae
942 1853 999 1896 nou
1025 1843 1108 1907 sunt,
1139 1834 1355 1911 conjiciendum
1381 1841 1431 1893 est

120 1925 283 1998 archE,
308 1926 393 2004 cujus
417 1924 500 1987 sinus
523 1923 577 1987 Ec
593 1926 775 2007 multiplica
777 1946 810 1987 us
834 1925 862 1986 in
880 1926 1048 1986 valorem
1035 1923 1193 2000 trianguli
1201 1921 1324 1983 maximi
1338 1920 1428 1984 BGA
1523 1966 1532 1991 .

119 2016 193 2078 retia
219 2014 340 2076 ultimis
364 2015 498 2100 ostendit
527 2015 658 2077 valorem
682 2021 717 2084 Δ
742 2016 841 2086 ΒΕΑ,
871 2034 939 2094 quo
957 2013 1077 2082 excedit
1107 2012 1227 2090 planum
1251 2009 1335 2072 Fau
1359 2030 1428 2071 sec

119 2122 158 2167 ι
187 2103 288 2177 FBE.
340 2103 451 2205 Igitur,
482 2104 552 2184 qnia
584 2113 685 2169 scotor
713 2100 793 2165 FBE
821 2113 853 2165 et
880 2123 967 2165 arcus
995 2103 1048 2165 FE
1077 2101 1282 2181 exprimuntur
1310 2100 1339 2160 in
1371 2100 1428 2160 hac

119 2193 239 2275 gnatis
264 2182 397 2254 numeris
427 2192 550 2271 iisdem,
580 2192 701 2254 additur
724 2210 795 2270 erge
821 2193 867 2253 hic
891 2193 1031 2254 inventus
1061 2191 1146 2252 valor
1175 2187 1317 2266 trianguli
1340 2187 1432 2250 ΒΕΑ·

120 2278 178 2347 Π]
199 2300 313 2343 arcum
336 2280 407 2352 (boc
430 2290 479 2342 est
498 2266 541 2343 ad
565 2291 712 2351 sectorem
727 2280 876 2354 FBE),u
859 2280 1063 2356 uthabeatur
1087 2299 1159 2340 area
1182 2278 1274 2352 lAE‚
1300 2296 1376 2356 quae
1400 2279 1427 2338 si

119 2378 175 2479 Ιμι
194 2371 310 2432 datam
334 2374 403 2448 (per
419 2373 560 2450 tempus)
584 2371 765 2433 anomaliam
797 2377 1008 2449 coaequatam,
1043 2380 1116 2431 tunc
1138 2368 1214 2443 bene
1243 2366 1425 2468 conjecimus

119 2459 276 2529 ¹resecuta
298 2458 489 2529 anomaliam.
527 2460 625 2545 Igitur
647 2461 771 2521 inventa
786 2459 915 2520 ecc'entri
932 2457 1083 2520 anomalia
1097 2457 1151 2518 lD
1166 2457 1213 2515 vel
1229 2455 1293 2535 ejus
1309 2456 1426 2515 nomine

119 2546 211 2626 iiam
233 2548 358 2609 duabus
381 2548 437 2609 viis
460 2549 633 2629 pervenitur
657 2549 694 2609 ad
719 2549 815 2621 finem,
841 2548 888 2608 vel
908 2547 1042 2627 per'ED,
1067 2565 1155 2626 quae
1169 2543 1298 2606 habetur
1320 2544 1426 2607 multi·

119 2632 289 2707 how
281 2657 313 2699 rm
338 2636 527 2699 latitudinem
559 2637 678 2700 lunulae
702 2633 777 2712 432,
802 2638 850 2698 vel
873 2637 979 2697 melius
1012 2654 1065 2713 per
1087 2635 1168 2707 DA,
1192 2652 1268 2713 quae
1298 2632 1426 2693 habetur

119 2712 266 2805 &into
283 2723 388 2787 CB
362 2745 429 2786 smn
453 2726 756 2807 complernentiEF
749 2746 778 2787 m
792 2725 850 2787 BA
874 2723 1142 2796 ecoentricitatem,
1168 2732 1200 2783 et
1224 2720 1301 2800 quod
1325 2721 1426 2798 prodit

119 2810 209 2893 licea
232 2814 254 2877 5
279 2813 411 2887 ultimis)
435 2815 538 2879 addito
562 2816 601 2876 ad
624 2814 751 2877 radium.
798 2815 855 2876 Illo
879 2814 966 2874 modo
995 2832 1049 2892 per
1072 2810 1139 2884 DC,
1164 2809 1222 2873 CA
1245 2818 1344 2884 notas,
1369 2810 1425 2870 hoc

119 2902 158 2965 b
176 2922 231 2984 per
258 2903 326 2976 DA,
351 2901 407 2965 Ac
432 2914 522 2967 notas
545 2904 699 2984 quaeritur
722 2912 890 2983 coaequata
912 2901 1009 2965 DAC.

122 3006 286 3081 Quaeris
311 3009 369 3081 hic,
394 3028 565 3071 curaream
583 3008 701 3072 GBA'
694 3028 723 3070 ιιι
746 3003 800 3071 ΕΟ
825 3008 1020 3088 multiplicem
1045 3015 1076 3068 et
1100 3024 1156 3067 non
1181 3006 1210 3066 in
1235 3003 1316 3069 DC?
1353 2986 1424 3064 Dixi

119 3118 155 3161 n
174 3118 316 3160 cansam
362 3096 443 3161 Nam
466 3107 498 3163 et
512 3099 602 3165 BAG
616 3099 793 3163 terminatur
817 3099 856 3159 ad
880 3098 982 3165 circuli
1006 3117 1064 3159 non
1089 3096 1128 3157 ad
1152 3094 1268 3185 ellipsis
1292 3094 1423 3156 circum-

119 3188 361 3251 etiamtiam
395 3192 467 3248 area
490 3188 606 3267 ellipsis
639 3207 697 3250 non
727 3196 790 3250 met
777 3188 851 3249 titur
874 3172 1089 3249 distantiarum
1119 3203 1267 3246 summam
1298 3184 1329 3244 in
1353 3202 1424 3245 arcu

119 3277 196 3358 peis,
229 3284 265 3338 nt
289 3295 344 3336 nec
369 3295 441 3337 area
464 3275 565 3341 circuli
589 3278 712 3338 metitur
735 3296 892 3339 summam
906 3276 1118 3339 distantiarum
1151 3275 1180 3333 in
1205 3292 1276 3334 arcu
1309 3268 1422 3339 circ'dli.

128 3364 210 3429 bona
235 3366 367 3445 quadam
392 3364 511 3428 {arcuna
534 3367 789 3446 geometricam,
822 3376 856 3426 ut
881 3376 952 3425 area
976 3363 1078 3427 circuli
1109 3361 1252 3423 metiatur
1275 3380 1423 3421 summam

119 3456 277 3517 :antianum
311 3453 340 3514 in
372 3473 443 3516 arcu
476 3456 602 3535 ellipsis.
662 3454 755 3535 Cujus
787 3456 845 3535 rei
864 3452 1079 3533 contemplatio
1112 3452 1248 3530 profecto
1282 3450 1359 3511 mira
1391 3457 1423 3510 et

119 3542 280 3609 mdiseima
305 3550 361 3605 est.
407 3544 512 3605 Habes
536 3563 607 3624 ergo
631 3563 752 3605 causam
777 3542 1002 3623 triplicationis,
1035 3541 1095 3603 tria
1118 3540 1196 3603 enim
1221 3548 1419 3617 quaeruntur:

120 3634 250 3716 physica
266 3633 468 3705 retardatio,-
489 3631 525 3706 2)
550 3633 697 3694 distantia
718 3633 860 3713 planetae
890 3654 909 3692 a
932 3632 1003 3693 Sole
1027 3630 1091 3703 (vel
1115 3629 1143 3691 D
1167 3629 1206 3688 ab
1230 3628 1294 3691 FA·
1309 3636 1341 3687 et
1361 3644 1422 3706 'per
1511 3689 1516 3698 ,Α

119 3724 244 3796 cilia),
270 3718 308 3794 3)
332 3721 433 3800 optica
465 3721 630 3784 imminutio
664 3741 762 3784 arcus.
810 3722 882 3782 Tria
910 3721 1064 3782 -haec¹sic
1088 3717 1267 3798 suppeditat
1300 3724 1417 3785 natura.

119 3830 142 3875 m
171 3822 205 3873 et
229 3809 286 3872 Sol
309 3819 392 3871 rotat
423 3808 633 3889 planetam'et
664 3812 788 3892 planeta
820 3811 949 3873 adnatat
973 3811 1011 3871 ad
1035 3808 1138 3870 Solem
1171 3816 1203 3867 et
1233 3804 1335 3884 anguli
1364 3803 1420 3865 'alii

119 3902 195 3962 tad
220 3907 358 3960 centrum
383 3900 551 3973 eccentrici,
578 3900 630 3962 alii
654 3901 692 3961 ad
716 3899 828 3962 Solem.
875 3901 970 3960 Verte
996 3908 1025 3959 te
1049 3898 1078 3958 in
1105 3915 1206 3957 omnes
1232 3895 1358 3963 formas,
1384 3913 1420 3955 ex

119 4007 328 4053 nennnmnon
345 3988 466 4051 efficies.
491 3988 592 4050 Etiam
602 3989 795 4051 Ptolemaeus
809 3990 910 4068 plnres
925 3988 1116 4066 operationes
1127 3985 1272 4065 postulat.
1297 3982 1419 4044 Miraris

119 4098 176 4143 mm
196 4086 234 4140 nt
246 4078 281 4139 iu
295 4068 613 4157 literis,·coaeqnacam
627 4079 720 4140 statui
735 4080 773 4139 ad
787 4074 929 4158 punctum
944 4078 982 4150 D,
998 4078 1123 4157 planeta
1139 4075 1178 4134 ibi
1195 4092 1252 4133 non
1268 4080 1419 4146 versante,

144 4168 176 4231 in
209 4165 251 4229 Ο.
284 4164 388 4245 Nego:
420 4164 467 4229 ibi'
485 4176 654 4247 coaequata
681 4167 862 4230 terminatur
895 4167 942 4228 ubi
973 4176 1021 4227 est
1054 4166 1184 4244 planeta.
1234 4162 1312 4223 Nam
1337 4158 1419 4222 in

119 4262 194 4327 ιιι)
221 4255 379 4336 planetam
411 4255 496 4334 posui
526 4264 580 4336 per
611 4256 776 4329 fiction'em,
811 4275 868 4316 non
900 4256 1047 4317 calculum
1071 4253 1227 4332 explicans
1255 4252 1308 4311 sed
1338 4250 1419 4311 aliud

119 4345 226 4428 ppiam.
263 4344 371 4425 Itaque
384 4344 450 4406 DA
473 4353 522 4405 est
544 4345 699 4418 distantia,
723 4366 779 4406 non
804 4344 871 4417 ΟΔ,
898 4345 1043 4424 siquidem
1068 4344 1153 4403 DAF
1176 4341 1218 4402 sit
1240 4349 1417 4420 coaequata.

148 4461 338 4513 Fabricius:
360 4460 397 4510 Ex
416 4460 511 4513 calculo
530 4461 624 4526 colligis
643 4460 740 4526 quidem
759 4462 861 4511 tandem
878 4476 961 4522 reram
979 4458 1209 4545 prosthapliaeresiu
1223 4464 1249 4506 et
1265 4456 1418 4512 distantiam,

119 4548 138 4587 s
151 4533 345 4585 rstsocimtr'cne
363 4533 458 4595 potins,
477 4546 550 4596 qnam
569 4533 732 4598 geometrice;
762 4533 869 4582 debebas
892 4535 957 4581 enim
980 4534 1005 4581 in
1023 4531 1105 4595 ligura
1122 4530 1272 4594 geometrice
1290 4527 1337 4577 hoe
1356 4527 1418 4591 qnod

119 4604 169 4669 pfl
185 4619 232 4669 pu
248 4604 329 4656 meas
347 4610 374 4654 et
392 4603 518 4668 triangula
536 4603 672 4654 ostendere.
699 4605 788 4669 Agitur
805 4597 913 4654 hicnon
930 4603 961 4653 ds
979 4603 1062 4652 valore
1081 4610 1164 4656 areae,
1183 4601 1228 4649 sed
1246 4600 1277 4649 de
1296 4600 1419 4649 distantiis

119 4670 178 4729 hes
195 4676 412 4742 geometricis
430 4674 469 4724 rel
487 4676 620 4739 opticis.
1178 4715 1181 4719 ,

125 4772 352 4853 Keplerus:
376 4773 521 4834 Irasceris
540 4773 637 4834 valori
662 4793 761 4847 areae,
785 4794 857 4836 cum
879 4774 1038 4854 agatnrde
1063 4772 1160 4845 lineis,
1185 4790 1275 4832 caeco
1299 4769 1418 4851 quidem

119 4872 196 4940 patu.
223 4862 304 4926 Nam
327 4870 358 4925 et
380 4881 454 4924 area
471 4861 689 4941 geometricum
700 4862 770 4945 and
794 4872 851 4924 est.
886 4860 974 4934 Quod
997 4881 1068 4924 vero
1084 4860 1251 4923 astronomi
1272 4859 1417 4925 hactenns

1159 4964 1205 5016 εἱ
