3278 5550
465 330 472 339 ,
569 280 631 333 rm
649 281 743 333 rores
780 280 862 347 capno
878 282 931 333 xa
1361 274 1424 343 321

98 457 180 521 rediit
200 459 346 541 aequatio
367 458 510 540 physica,
535 458 581 521 oni
602 459 659 521 fnit
681 459 873 540 adjungenda
892 459 992 540 optica
1006 458 1118 540 eapitis
1141 456 1261 522 XXIX.
1284 456 1427 520 methodo

158 546 416 629 ipsirfflantiis
439 548 571 623 inventa,
595 556 629 610 nt
651 548 812 610 baberetur
834 556 910 611 tota.
1178 590 1183 597 -
1424 570 1430 593 ·

157 618 354 721 Αηὺὶ-ξωω
385 637 460 698 haec
487 638 565 699 ratio
597 638 640 697 sit
671 637 846 699 mechanica
874 647 905 700 et
931 637 1086 714 taediosa,
1118 656 1173 699 nec
1195 642 1302 716 posset
1331 654 1369 696 ex
1390 653 1428 695 ea

99 722 271 807 rjmeunqne
294 727 406 805 gradus
429 725 576 801 solitarii,
610 728 721 789 ceteris
745 728 902 804 sepositis,
928 727 1066 807 aequatio
1090 725 1271 806 computari,
1296 725 1426 786 circum·

99 815 218 896 paride
242 815 310 877 aliis
332 815 450 878 mediis.
498 815 631 897 Cumque
654 817 778 888 scirem,
812 816 927 879 infinita
956 835 1025 878 esse
1052 824 1165 896 puncta
1187 812 1361 888 eccentrici,
1394 819 1428 873 et

99 904 235 967 istantias
260 923 360 965 earum
385 903 532 978 infinitas,
567 905 675 980 subiit,
700 905 729 966 in
752 905 844 983 plano
868 906 1027 968 eccentrici
1056 905 1111 966 has
1136 903 1298 966 distantias
1322 920 1425 964 omnes

99 1012 180 1057 asse.
224 992 306 1056 Nam
336 993 542 1068 memineram,
575 993 618 1055 sic
650 994 721 1056 olim
754 1001 785 1055 et
812 995 1039 1069 Archimedem,
1072 1013 1139 1056 cum
1166 989 1424 1055 circumferentiae

99 1082 293 1162 repertionem
317 1082 357 1144 ad
382 1083 559 1143 diametrum
582 1090 752 1163 quaereret,
786 1079 928 1144 cir'culum
952 1083 981 1144 in
1005 1083 1120 1145 infinita
1149 1081 1302 1160 triangula
1325 1079 1425 1141 disse·

99 1172 185 1234 sisse:
209 1189 280 1233 nam
298 1171 374 1233 haec
388 1171 436 1232 ris
454 1172 574 1232 occulta
597 1179 645 1233 est
667 1158 1016 1251 ejuedemonstrationis
1029 1191 1084 1252 per
1106 1169 1291 1253 impossibile
1311 1169 1425 1229 ducen-

100 1281 124 1323 s.
160 1258 266 1330 Quare
288 1278 344 1338 pro
366 1279 412 1336 eo,
438 1260 516 1340 quod
538 1259 621 1339 prius
640 1261 910 1324 circumferentiam
933 1262 963 1323 iu
982 1258 1048 1327 360
1062 1270 1166 1340 partes
1189 1259 1340 1345 secabam,
1360 1257 1427 1336 jam

99 1348 188 1412 haum
213 1349 317 1410 circuli
341 1348 502 1439 eccentrici
525 1349 555 1410 in
579 1349 707 1412 totidem
731 1350 823 1424 secui,
848 1350 935 1411 lineis
960 1359 1140 1432 expuncto,
1164 1350 1243 1412 unde
1266 1354 1425 1427 computa-

100 1458 121 1501 r
140 1438 361 1511 eccentricitas‚
386 1438 513 1500 eductis.

157 1527 207 1589 Sit
229 1527 287 1589 AB
312 1527 393 1588 linea
414 1527 554 1605 augium,
577 1528 608 1588 A
631 1526 686 1589 Sol
710 1526 774 1598 (vel
797 1529 894 1590 Terra

100 1616 283 1689 tolemaeo);
313 1616 342 1677 Β
365 1625 498 1677 centmm
522 1615 681 1677 eccentrici
706 1615 771 1690 ΟΒ,
809 1616 894 1695 cujus

100 1704 278 1766 nicircnlus
302 1702 358 1766 CD
381 1705 534 1766 dividatur
557 1703 586 1765 in
615 1713 719 1783 partes
752 1706 895 1786 aequales

100 1803 260 1875 nouaque
290 1792 359 1866 co,
391 1792 462 1868 err,
492 1793 560 1868 nn,
594 1792 830 1869 n1,1r‚1<n‚
863 1804 896 1855 er
983 1747 1074 1883 Δ

100 1889 287 1945 annectantur
311 1881 355 1955 A,
378 1882 405 1943 Β
428 1891 540 1963 puncta
567 1902 634 1944 eum
664 1884 786 1962 punctis
814 1881 895 1944 divi·
984 1878 986 1886 '

100 1970 198 2034 ionum,
227 1962 335 2034 'Erunt
352 1971 445 2050 igitur
460 1968 518 2034 Ac
543 1970 719 2050 longissima
738 1971 894 2045 distantia,

100 2058 352 2135 lllbrevissima,
382 2069 502 2123 ceterae
530 2056 568 2121 'ex
600 2060 704 2121 ordine
727 2059 798 2135 AG,
822 2061 894 2134 ΑΗ,
947 2077 966 2120 ι

100 2136 217 2225 hAl,
240 2148 312 2211 ΑΚ.
352 2146 427 2212 Cum
450 2149 543 2229 igitur
564 2149 717 2228 triangula
735 2148 897 2229 aequealta

100 2234 140 2301 'nt
158 2248 192 2301 ut
214 2239 316 2312 bases,
340 2245 373 2299 et
390 2247 526 2301 sectores
549 2237 613 2300 sive
632 2238 785 2317 triangula
800 2236 895 2309 CBG‚

101 2308 159 2409 RH
181 2335 214 2388 et
237 2326 371 2404 reliqna,
402 2327 576 2391 insistentia
606 2327 743 2406 partibus
767 2328 895 2388 circum-

101 2410 216 2491 htiae
248 2415 380 2479 minimis
412 2417 539 2497 ideoque
564 2435 583 2475 a
605 2416 697 2478 rectis
725 2436 784 2477 non
807 2416 895 2477 dilie-

106 2504 219 2578 fflrus,
256 2504 356 2566 omnia
379 2506 504 2567 eandem
532 2505 667 2567 habeant
695 2505 895 2579 altitudinem,

111 2592 206 2665 thus
220 2591 287 2667 BC,
302 2592 369 2664 BG,
386 2595 442 2656 ΒΗ
458 2594 652 2674 aequalibus:
677 2595 778 2655 ornnia
802 2593 894 2673 igitur

112 2690 162 2753 ,1
177 2681 326 2762 aequalia.
364 2682 426 2746 Sed
448 2683 478 2744 in
499 2702 570 2744 area
589 2681 672 2745 CDE
695 2684 798 2745 insunt
821 2683 896 2745 haec
918 2683 1072 2762 triangula
1094 2681 1202 2754 omnia,
1227 2678 1308 2740 etin
1331 2678 1423 2739 serni-

109 2762 315 2835 ’unferentia
328 2770 411 2834 cho
430 2771 533 2834 insunt
548 2791 636 2834 arcus
652 2791 706 2833 ceu
721 2773 812 2833 bases
829 2791 942 2836 omnes.
981 2771 1083 2843 Quare
1097 2789 1151 2850 per
1167 2766 1423 2846 compositionem,

104 2860 199 2937 'area
222 2857 307 2922 CDE
330 2861 370 2921 ad
393 2880 494 2922 arcum
513 2859 605 2936 OED,
631 2861 674 2922 sic
697 2880 770 2922 area
785 2859 869 2923 CBG
893 2864 932 2924 ad
955 2880 1056 2924 arcum
1071 2859 1143 2933 CG3
1168 2866 1200 2920 et
1221 2856 1423 2937 permutatim,

101 2944 203 3101 ffiED
227 2968 318 3011 arcus
341 2951 380 3011 ad
397 2948 465 3024 OG,
482 2948 538 3012 CH
561 2956 593 3010 et
616 2950 750 3028 singulos
774 2950 888 3026 ordine,
912 2951 957 3013 sic
976 2970 1049 3012 area
1063 2949 1146 3014 CDE
1169 2948 1209 3009 ad
1223 2964 1311 3007 areas
1328 2942 1424 3019 CBG,

106 3099 109 3105 ,
177 3047 210 3098 et
233 3038 370 3116 singulas
402 3038 516 3101 ordine.
563 3038 665 3110 Quare
696 3038 770 3101 nihil
795 3048 960 3119 peccatur,
992 3040 1018 3101 si
1046 3058 1099 3119 pro
1123 3037 1251 3099 arcubus
1283 3053 1372 3095 areae
1396 3035 1427 3096 in

101 3112 149 3277 {a
170 3127 295 3189 modum
308 3134 487 3202 mactentur,
511 3135 543 3187 et
556 3146 610 3207 pro
625 3127 746 3206 angulis
769 3130 938 3191 anomaliae
962 3127 1092 3190 eccentri
1107 3124 1203 3201 CBG,
1220 3123 1312 3198 CBH,
1338 3141 1426 3185 areae

132 3215 168 3291 B,
195 3213 291 3277 CHB.
704 3268 709 3275 .

157 3305 270 3378 Porro,
301 3303 549 3383 quemadmodum
572 3311 672 3366 rectae
703 3323 740 3365 ex
763 3305 789 3366 Β
813 3307 852 3367 ad
879 3305 1012 3367 infinitas
1041 3311 1145 3387 partes
1169 3301 1425 3364 circumferentiae

102 3376 214 3457 lssnsae
239 3411 344 3454 ornnes
367 3392 397 3454 in
420 3412 492 3453 area
516 3392 694 3455 semicirculi
719 3392 801 3457 ODE
830 3397 945 3469 insunt,
974 3403 1006 3457 et
1028 3403 1130 3456 rectae
1153 3409 1190 3451 ex
1213 3391 1239 3452 Β
1263 3390 1303 3452 ad
1325 3390 1425 3452 infini-

102 3490 250 3563 spartes
273 3501 361 3543 arcus
384 3480 440 3544 CH
454 3490 609 3554 extensae,
633 3501 735 3544 omnes
760 3483 789 3544 in
804 3505 876 3546 area
900 3482 983 3547 OBH
1006 3484 1126 3546 insunt:
1150 3480 1194 3541 ita
1213 3478 1305 3540 etiam
1323 3486 1425 3540 rectae

102 3574 159 3634 rA
184 3571 224 3631 ad
258 3571 379 3632 easdem
412 3572 668 3635 circumferentiae
699 3572 747 3633 vel
778 3594 865 3634 arcus
897 3582 1002 3653 partes
1034 3571 1165 3635 infinitas
1192 3568 1271 3630 idem
1301 3567 1425 3643 faciunt,

102 3676 145 3725 Ιι
158 3659 291 3741 denique
314 3668 467 3740 utraeque,
491 3669 523 3723 et
545 3681 622 3742 qnae
645 3660 722 3722 exB
738 3670 769 3723 et
791 3682 867 3743 quae
891 3681 930 3722 ex
952 3664 991 3737 A,
1015 3681 1103 3723 unum
1128 3669 1159 3721 et
1180 3656 1307 3739 eundem
1331 3656 1424 3717 semi-

102 3751 214 3813 nculum
244 3746 327 3811 CDE
356 3749 513 3828 impleant,
547 3769 607 3821 eae,
625 3769 704 3824 vero,
739 3771 814 3833 quae
846 3770 883 3811 ex
905 3750 936 3814 A
959 3752 1138 3823 educuntur,
1172 3744 1234 3809 sint
1261 3744 1424 3808 distantiae

102 3858 164 3914 ue,
182 3856 309 3921 quarum
325 3857 441 3900 summa
451 3838 619 3919 quaeritur:
635 3839 704 3901 hinc
715 3842 891 3902 concludere
904 3839 978 3901 mihi
996 3840 1130 3913 videbar,
1150 3844 1325 3915 computata
1338 3833 1425 3897 CAH

102 3928 118 3991 d
146 3927 235 3992 cAE
264 3945 352 4000 area,
386 3946 532 3989 summam
561 3927 665 3990 haberi
694 3927 875 3991 infinitarum
898 3928 1108 3990 distantiarum
1137 3927 1167 3988 in
1197 3925 1252 3990 CH
1275 3924 1324 3986 vel
1353 3920 1421 3986 GE:

102 4036 129 4081 tn
151 4016 237 4098 quod
258 4014 407 4078 infinitum
428 4016 606 4096 pertransiri
629 4018 739 4096 possit,
764 4019 817 4079 sed
840 4017 919 4099 quod
942 4016 1114 4091 facultatis,
1138 4035 1199 4097 qua
1220 4014 1335 4094 pollent
1357 4011 1422 4074 dis-

103 4105 185 4169 ntiae
219 4106 259 4168 ad
288 4124 391 4167 moras
423 4107 668 4175 accumulanda,
702 4107 848 4169 collectae
871 4125 1041 4195 mensuram
1072 4106 1101 4169 in
1130 4106 1187 4167 hac
1218 4123 1291 4165 area
1322 4103 1422 4165 inesse

102 4203 226 4269 starem,
259 4203 294 4257 ut
315 4194 360 4256 ita
382 4214 449 4257 eam
473 4194 599 4275 adipisci
621 4195 771 4276 possimus
798 4216 853 4277 per
875 4195 1076 4275 cognitionem
1099 4212 1202 4263 areae,
1233 4193 1311 4255 citra
1332 4192 1422 4255 mini-

103 4302 185 4348 mum
205 4282 337 4365 partium
362 4282 636 4347 dinumerationem.

159 4371 263 4446 Quare
287 4391 326 4435 ex
349 4373 570 4453 superioribus:
603 4374 682 4435 sicut
704 4393 736 4435 se
765 4373 858 4436 habet
881 4370 964 4435 CDE
998 4390 1071 4433 area
1093 4370 1132 4432 ad
1155 4369 1311 4433 dimidium
1341 4378 1422 4433 tem-

103 4458 155 4525 mir
181 4461 382 4536 restitutorii,
414 4461 492 4541 quod
524 4462 641 4525 dicatur
676 4462 761 4525 nobis
797 4459 887 4538 180⁰,
934 4461 977 4524 sio
1007 4458 1111 4534 CAG,
1146 4458 1233 4523 CAH
1263 4479 1352 4522 areae
1381 4461 1421 4522 ad

103 4566 223 4631 marum
250 4549 281 4612 in
315 4549 374 4614 OG
406 4560 438 4612 et
469 4550 525 4615 CH
554 4551 790 4614 diuturnitatem.
845 4554 952 4631 ltaque
982 4549 1070 4614 GGA
1100 4568 1172 4611 area
1200 4549 1253 4609 iret
1281 4568 1421 4612 mensura

103 4639 215 4717 moris
237 4657 291 4703 seu
314 4639 483 4703 anomaliae
505 4641 640 4715 mediae,
670 4660 746 4721 quae
769 4642 851 4703 arcui
881 4640 1039 4703 eccentrici
1064 4637 1121 4702 OG
1142 4638 1322 4718 respondet,
1354 4659 1420 4702 cum

103 4727 229 4791 usualia
249 4727 350 4790 media
373 4737 490 4809 tempus
515 4729 665 4793 metiatur.

166 4816 247 4879 Prius
277 4825 377 4881 antem
408 4837 479 4900 pars
511 4818 594 4884 GGB
626 4818 714 4901 hujus
744 4837 832 4882 areae
863 4816 951 4884 OAG
982 4823 1050 4881 erat
1078 4834 1218 4882 mensura
1250 4814 1418 4881 anomaliae

141 4916 302 4976 lebam
324 4925 365 4989 ua,
862 4974 865 4980 ,
1174 4920 1205 4974 tl
