3278 5550
236 300 280 373 20
676 301 706 354 In
726 299 910 353 Commentario
928 300 958 352 de
976 308 1045 352 motu
1062 299 1151 353 Martis

237 484 313 548 vitio
337 490 369 544 et
390 480 624 565 praecipitantia
646 480 764 556 calculi,
788 498 841 542 sen
865 497 1039 561 quecunque
1056 477 1118 539 alia
1132 477 1259 540 ratione.
1298 476 1374 542 cum
1393 477 1487 559 igitur
1501 478 1595 543 etiam

235 594 291 657 per
314 592 346 635 se
370 573 467 653 ipsum
491 578 663 652 suspectum
687 570 737 645 sit,
761 588 914 632 assumere
938 567 1137 651 quantitatem
1161 569 1319 649 aequantia
1341 570 1479 649 praecise
1503 571 1595 632 dimi-

237 663 320 727 diam
343 660 577 724 cccentricitatis
600 661 705 734 totius,
729 659 788 721 erit
810 659 902 739 igitur
925 666 1003 727 ante,
1019 657 1118 721 omnia
1140 658 1198 720 hoo
1221 658 1319 741 ipsum
1341 659 1450 739 majori
1472 661 1595 741 praeci-

237 753 321 817 sione
344 751 530 824 tentandum,
555 770 643 830 quam
666 749 813 810 hactenus
837 769 856 810 a
877 768 924 810 me
947 748 1060 810 sactum
1084 756 1140 810 est.

326 843 392 904 Hoc
416 840 640 902 fundamentum
667 838 727 901 erit
756 838 886 901 omnium
916 856 992 921 qnae
1022 857 1112 919 porro
1136 837 1166 899 in
1188 838 1289 899 Marte
1319 837 1430 899 tentari
1454 847 1593 919 possunt.

236 932 297 997 Ubi
321 932 358 992 de
381 929 549 1012 quantitate
573 927 755 1003 convenerit,
779 934 973 990 construatur
994 934 1104 1008 postea
1126 926 1230 989 tabula
1253 926 1292 987 ad
1315 926 1451 1007 singulos
1481 929 1596 1008 gradus

238 1021 276 1084 ab
300 1038 436 1102 apogaeo
459 1018 557 1093 Solis,
588 1017 734 1079 exhibens
767 1017 944 1079 distantiam
967 1016 1050 1078 Solis
1074 1037 1093 1078 a
1115 1019 1219 1079 Terra.
1266 1015 1361 1077 Simul
1395 1017 1487 1078 etiam
1512 1018 1594 1079 revi-

238 1111 364 1173 deantor
387 1107 584 1189 aequationes
607 1107 739 1169 eccentri
762 1105 891 1180 Solaria,
915 1095 990 1188 quae
1014 1103 1172 1169 circadb⁰
1186 1104 1224 1165 ab
1240 1124 1376 1186 apogaeo
1399 1108 1595 1168 mutabuntur

238 1199 279 1275 (si
303 1198 427 1260 dimidia
451 1198 493 1259 sit
516 1195 725 1258 eccentricitas
740 1216 819 1258 nova
838 1197 994 1279 antiquae)
1015 1196 1102 1258 unius
1123 1194 1255 1275 scmpuli
1274 1195 1442 1277 quantitate
1461 1196 1593 1260 circiter.

324 1288 395 1351 Jam
418 1287 497 1368 quod
520 1286 619 1367 ipsum
636 1286 747 1349 Martis
771 1287 969 1348 ecoentricum
992 1284 1111 1361 attinet,
1135 1285 1166 1346 io
1190 1302 1225 1345 co
1248 1284 1377 1364 primum
1396 1285 1594 1369 aequationes

235 1396 295 1441 non
317 1377 394 1439 bene
418 1376 541 1450 habent,
566 1376 607 1449 (in
630 1398 709 1452 marg.
739 1378 825 1438 Haec
848 1376 966 1438 demum
989 1374 1038 1436 die
1062 1373 1233 1456 paschatis)
1261 1374 1387 1456 ideoque
1410 1372 1524 1436 vitiosa
1547 1385 1595 1437 est

232 1465 388 1549 proportio
412 1464 620 1527 circellorum..
655 1467 733 1528 Nam
757 1464 924 1546 drporcgroe
947 1465 1175 1529 observationes
1198 1463 1312 1525 habent
1333 1465 1391 1525 hoc
1412 1463 1490 1539 vitii,
1514 1466 1592 1545 quod

232 1555 369 1619 reductio
393 1554 527 1617 locorum
550 1553 756 1636 eclipticorum
779 1556 818 1617 ad
842 1555 970 1617 orbitam
986 1562 1011 1625 d
1028 1554 1109 1616 facta
1132 1560 1180 1615 est
1201 1572 1256 1634 per
1278 1552 1467 1617 latitudinem
1492 1554 1592 1615 maxi-

232 1664 313 1707 mam
334 1643 458 1706 boream
481 1651 513 1705 et
535 1645 718 1720 austrinam,
751 1664 828 1725 quae
851 1644 1008 1706 debuisset
1030 1644 1094 1706 fieri
1117 1650 1235 1705 tantum
1258 1662 1312 1722 per
1336 1643 1478 1722 angulum
1503 1643 1592 1704 incli-

234 1733 367 1796 nationis
391 1732 561 1796 ecoentrici.
600 1735 668 1795 IIoc
687 1742 776 1816 pacto
803 1733 853 1798 10‘
877 1733 988 1796 alicubi
1012 1740 1082 1796 sunt
1105 1731 1220 1805 addita,
1244 1732 1294 1793 ubi
1317 1752 1377 1793 nou
1399 1732 1480 1793 ultra
1504 1751 1592 1794 unum

236 1821 347 1885 inisset
368 1823 546 1886 addendum.
596 1824 703 1904 Itaque
733 1822 869 1903 exsurgit
884 1843 922 1885 ex
946 1823 1168 1904 comparatione
1188 1820 1286 1882 dextri
1316 1829 1347 1881 et
1363 1821 1479 1883 sinistri
1499 1821 1592 1882 serui-

216 1911 338 1973 circuli
361 1912 531 1974 differentia
553 1912 673 1975 circiter
695 1910 759 1975 20‘.
803 1911 921 1984 Quodsi
944 1912 981 1974 de
1004 1931 1083 1973 novo
1107 1917 1263 1973 struantur
1292 1910 1592 1991 prosthaphaereses,

237 2019 405 2081 apogaeum
429 2000 548 2084 quidem
572 2010 624 2063 aut
648 2003 752 2063 eodem
775 2003 843 2064 loco
867 2002 1008 2076 manebit,
1032 2008 1086 2062 aut
1108 2020 1212 2081 parom
1235 1999 1395 2061 admodum
1417 2000 1593 2073 mutabitur,

236 2097 271 2152 at
301 2090 467 2153 variabitur
492 2090 647 2170 proportio
671 2092 874 2165 circellorum,
898 2091 1002 2154 forsan
1031 2098 1063 2150 et
1091 2090 1159 2170 ipsa
1191 2089 1350 2170 aequantis
1382 2089 1593 2151 eccentricitas

237 2179 372 2242 nonnihil
397 2177 619 2252 emendabitur,
651 2181 694 2242 sio
725 2188 758 2244 ut
779 2181 928 2242 maximae
952 2177 1148 2261 aequationes
1170 2180 1245 2242 fiant
1273 2178 1362 2258 paulo
1386 2179 1518 2259 majores
1542 2186 1594 2239 aut

236 2267 377 2331 minores.
429 2268 569 2331 Manebit
598 2289 764 2351 apogaeum
793 2270 876 2345 ideo,
907 2270 976 2352 quia
1003 2268 1074 2331 nodi
1101 2276 1171 2331 sunt
1203 2268 1265 2330 lere
1294 2266 1325 2329 in
1354 2266 1593 2349 longitudinibus

234 2357 360 2432 mediis,
393 2365 425 2419 et
456 2377 526 2419 vere
555 2359 721 2440 aequaliter
752 2382 771 2420 a
799 2360 886 2422 nodis
917 2357 1057 2440 aequalia
1084 2377 1139 2438 per
1167 2357 1371 2419 reductionem
1402 2358 1441 2419 ad
1464 2357 1594 2419 orbitam

235 2454 306 2510 sunt
329 2447 441 2509 addita.
488 2447 656 2511 Mutabitur
679 2449 818 2530 aequatio
842 2450 974 2511 maxima
1002 2455 1178 2527 propterea,
1209 2445 1280 2528 quia
1310 2465 1365 2526 per
1387 2444 1594 2509 reductionem

235 2534 436 2617 jamdictam
458 2537 544 2599 Mars
568 2539 705 2621 utrinque
735 2545 766 2601 et
796 2539 836 2601 ad
864 2557 1031 2620 apogaeum
1060 2545 1091 2597 et
1121 2536 1160 2599 ad
1188 2536 1364 2615 perigaeum
1390 2535 1514 2616 propius
1538 2536 1596 2597 fuit

234 2626 385 2701 admotus,
409 2645 497 2707 quam
520 2645 553 2688 re
577 2647 650 2689 vera
673 2637 748 2693 erat.
788 2628 931 2691 Conditio
954 2647 1027 2689 vero
1051 2625 1165 2688 circelli
1187 2624 1244 2687 hoc
1267 2626 1364 2699 affert,
1389 2631 1423 2686 ut
1446 2625 1471 2687 si
1492 2644 1594 2687 remo-

233 2722 305 2801 veat
327 2716 458 2777 Martem
482 2716 519 2777 ab
544 2736 679 2798 apogaeo
701 2719 733 2780 in
756 2726 912 2800 utramque
936 2725 1071 2797 partem,
1101 2715 1225 2797 propius
1254 2733 1319 2775 eum
1348 2714 1387 2774 ad
1415 2713 1593 2793 perigaeum

234 2803 398 2866 admoveat
420 2811 472 2866 aut
496 2813 614 2869 contra:
642 2808 743 2889 sicque
767 2808 914 2870 altemtrc
933 2808 1000 2868 loco
1016 2803 1198 2867 contrarium
1218 2802 1255 2877 ei,
1279 2803 1357 2884 qnod
1378 2803 1477 2875 debet,
1500 2822 1594 2884 prae-

234 2893 380 2967 stabitur,
412 2893 438 2954 si
471 2895 567 2955 solam
598 2897 823 2977 proportionem
856 2895 1044 2958 cireellcmm
1072 2900 1230 2955 mutemus.
1278 2894 1385 2973 Itaque
1417 2891 1538 2953 omniuo
1563 2901 1596 2954 et

233 2982 330 3062 ipsam
354 2982 589 3045 eccentricitatis
613 2985 812 3065 quantitatem
836 2985 874 3059 in¹
884 2983 1050 3046 subsidium
1064 2982 1213 3044 advocare
1230 2981 1412 3044 debebimus.
1451 2981 1597 3044 Proderit

234 3076 344 3143 autem,
361 3068 438 3130 hauc
454 3072 667 3151 aequationum
688 3073 822 3135 tabulam
848 3072 1008 3155 dupliciter
1033 3071 1195 3133 restituere
1215 3071 1343 3151 primum
1362 3070 1460 3131 relata
1479 3071 1594 3134 Martis

234 3156 459 3220 eccentricitate
479 3160 518 3220 ad
535 3160 668 3224 medinm
684 3162 784 3225 locum
799 3161 893 3224 Solis.
921 3162 988 3223 Hoc
1004 3161 1092 3223 modo
1108 3159 1291 3222 constitutae
1312 3158 1509 3241 aequationes
1525 3161 1594 3221 cal-

233 3247 300 3317 culo
323 3246 437 3309 usitato
461 3249 596 3311 servient
617 3252 763 3333 nobisque
786 3251 932 3332 prodesse
947 3258 1090 3331 potemnt
1104 3249 1249 3312 ulteriora
1272 3249 1477 3323 tentantibus;
1502 3249 1593 3311 diffe-

232 3342 301 3399 rent
323 3343 424 3398 tameo
454 3338 647 3402 nihilominus
670 3362 690 3402 a
711 3341 809 3415 veris,
842 3340 872 3402 in
898 3340 975 3402 locis
998 3339 1148 3423 aliquibus
1164 3338 1284 3401 circiter
1307 3336 1348 3413 δ’,
1375 3346 1502 3419 propter
1517 3359 1594 3401 cau·

233 3444 300 3488 sam
322 3434 393 3506 post
415 3425 580 3491 dicendam.
629 3431 746 3494 Deinde
763 3431 854 3493 etiam
869 3431 927 3492 hoc
942 3431 1032 3492 modo
1048 3429 1107 3491 erit
1125 3428 1326 3490 constmenda
1349 3429 1454 3490 tabula
1477 3447 1594 3509 sequa-

232 3514 358 3590 tiouum,
382 3522 417 3577 ut
439 3535 542 3579 omnes
565 3518 693 3600 primum
717 3519 922 3602 oppositiones
939 3519 1049 3582 Martis
1072 3527 1104 3580 et
1118 3517 1202 3581 Solis
1223 3515 1403 3599 reducamus
1426 3518 1464 3579 ad
1488 3537 1595 3579 verum

233 3604 331 3693 locum
356 3605 526 3685 oppositum
550 3607 648 3686 Solis,
672 3608 779 3672 deinde
802 3629 857 3690 per
880 3602 1020 3689 angulum
1043 3606 1249 3670 inclinationis
1273 3606 1423 3668 maximae
1452 3606 1494 3679 (si
1518 3608 1595 3669 haec

232 3692 451 3774 compulositas
474 3696 648 3760 necessaria
679 3698 844 3772 videbitur)
877 3717 966 3760 verus
999 3698 1085 3760 locos
1118 3697 1274 3778 oppositus
1298 3694 1382 3759 Solis
1413 3696 1471 3757 erit
1500 3696 1594 3757 redu-

231 3783 344 3846 cendus
367 3783 406 3845 ad
429 3786 559 3848 orbitam
581 3789 707 3864 Martis,
738 3810 797 3871 qua
820 3787 995 3851 reductione
1019 3788 1159 3868 nuspiam
1181 3785 1262 3847 ultra
1288 3784 1316 3846 l‘
1340 3782 1404 3847 20⁶
1428 3785 1595 3848 mutabitur

231 3871 316 3935 locus
339 3872 460 3937 Martis.
514 3877 581 3939 Hoc
609 3886 698 3959 pacto
729 3878 755 3940 si
784 3885 939 3941 struantur
968 3897 1005 3939 ex
1038 3875 1079 3941 10
1110 3874 1372 3938 observationibus
1404 3874 1595 3957 acronychiis

230 3981 330 4033 novae
352 3963 566 4044 aequationes,
598 3967 687 4028 cadet
709 3967 843 4049 ipsarum
866 3966 1018 4049 aphelium
1048 3966 1130 4040 (loco
1155 3965 1282 4047 apogaei
1305 3964 1383 4026 hanc
1405 3984 1510 4026 vocem
1529 3964 1595 4043 jam

234 4050 401 4128 substituo)
424 4054 454 4116 in
478 4050 573 4143 6⁰tp
606 4055 742 4132 circiter,
773 4057 889 4139 eritque
920 4055 1133 4118 eccentricitas
1166 4053 1324 4137 aequantia
1356 4074 1376 4114 a
1398 4053 1470 4117 Sole
1502 4055 1595 4134 paulo

274 4175 329 4242 rig.
350 4175 373 4225 1.
418 4144 534 4221 minor,
566 4164 654 4226 qnam
678 4167 697 4206 a
719 4146 817 4209 medio
851 4146 919 4208 loco
942 4145 1035 4211 Solis.
1082 4143 1172 4206 Licet
1193 4144 1225 4205 id
1256 4142 1348 4205 etiam
1379 4142 1509 4223 experiri
1537 4163 1594 4224 per

255 4273 272 4333 c
428 4232 612 4314 triangulum
634 4234 730 4312 ABG,
755 4235 806 4297 ubi
828 4235 859 4298 A
882 4241 932 4297 est
954 4233 1071 4297 medius
1094 4234 1179 4297 locus
1202 4232 1301 4307 Solis,
1324 4233 1350 4294 B
1375 4232 1447 4307 Sol,
1472 4230 1497 4295 O
1521 4251 1595 4294 cen-

428 4329 507 4384 tmm
530 4323 724 4407 aequalitatis
747 4324 858 4387 Martis
888 4327 985 4398 (more
1009 4324 1169 4398 Ptolem),
1193 4323 1249 4387 AB
1278 4321 1487 4383 eccentricitas
1511 4321 1595 4384 Solis

427 4417 508 4487 tcta,
537 4422 570 4475 ut
591 4413 739 4477 hactenus
772 4413 826 4475 illa
849 4414 907 4476 fuit
927 4421 1083 4495 usurpata.
1130 4409 1188 4474 Ao
1221 4411 1433 4473 eccentricitss
1463 4410 1596 4472 maxima

427 4499 538 4563 Martis
576 4499 722 4567 bacteom
760 4502 883 4565 credita.
930 4504 1000 4567 Erit
1030 4521 1101 4582 ergo
1136 4501 1187 4564 CB
1225 4500 1435 4562 eccentricitas
1464 4521 1483 4560 a
1511 4500 1594 4562 Sole.

426 4589 512 4654 Bac
535 4592 664 4674 angulus
688 4592 809 4655 circiter
831 4588 873 4655 47
882 4586 931 4674 ¹l„
956 4600 1100 4674 quantum
1123 4599 1173 4653 est
1199 4590 1277 4652 inter
1300 4586 1339 4653 6⁰
1363 4605 1394 4656 es
1419 4598 1451 4652 et
1474 4585 1535 4663 24⁰
1559 4595 1593 4663 tt.

426 4680 528 4760 Atque
553 4687 585 4743 ut
607 4681 677 4744 hinc
701 4682 856 4744 commode
875 4682 913 4743 ad
933 4682 963 4744 id
978 4689 1142 4756 transeam,
1167 4681 1251 4761 cujus
1271 4681 1336 4760 jam
1354 4680 1401 4743 bis
1425 4679 1483 4741 leci
1506 4698 1592 4741 men·

360 4784 362 4788 ⁴
427 4767 559 4831 tionem:
585 4770 749 4846 sciendum,
773 4770 852 4854 quod
876 4771 902 4832 si
921 4772 960 4832 ad
975 4771 1077 4837 Solem
1100 4771 1199 4851 ipsum
1223 4769 1392 4841 referantur
1415 4761 1594 4831 ecoeutrici-

396 4930 404 4956 x
427 4863 518 4935 tates,
543 4858 575 4921 id
598 4859 689 4924 aliter
711 4861 775 4924 lieri
793 4878 853 4923 uon
875 4861 984 4943 possit,
1009 4878 1098 4942 quarn
1113 4860 1202 4923 modo
1222 4858 1287 4940 jam
1311 4849 1439 4939 depicto,
1463 4851 1595 4933 trajecta
