3278 5550
527 109 589 162 Pm
606 110 699 163 Tertia
736 104 821 176 Caput
835 109 925 163 xm
1338 107 1404 180 285

52 304 233 371 mogum,
256 307 294 365 co
317 289 397 377 quod
418 289 517 354 linem
539 314 594 373 tq,
617 288 675 370 ξφ,
688 314 735 352 τω
756 292 898 372 paralleli
921 296 1001 354 sunt
1039 289 1092 371 ¹At
1113 288 1152 355 de
1173 291 1257 357 nullo
1281 282 1404 376 proprie

50 377 189 458 usurpari
217 386 324 460 potest
353 398 414 443 vox
444 380 572 460 apogaei
600 388 810 461 praeterquam
833 381 870 443 de
893 381 1007 461 primo,
1034 378 1138 460 puncti
1163 385 1205 456 θ,
1242 380 1314 463 qnia
1336 381 1403 461 ejus

47 468 128 529 linea
150 467 291 549 apsidum
321 471 387 551 αβχ
414 488 468 550 per
491 468 588 549 ipsam
611 471 737 531 Terram
759 471 892 546 ducitur,
920 490 995 552 quae
1018 470 1049 532 iu
1072 471 1215 551 aposita
1238 471 1312 547 luit,
1344 488 1403 536 nen

44 575 117 619 vero
140 557 171 619 iu
195 555 213 631 ξ
234 558 284 619 vel
307 580 333 621 a
1080 562 1082 571 '

133 646 252 710 Verum
275 647 394 728 quidem
417 654 473 715 est,
497 667 536 709 ex
557 672 578 710 α
601 649 695 711 Terra
718 650 786 729 ejici
809 668 900 729 posse
921 669 975 730 per
998 656 1102 710 centra
1123 649 1247 711 duomm
1266 649 1402 730 reliquo-

43 756 109 802 rum
144 737 381 800 eccentricomm
408 758 431 814 φ
459 745 491 799 ct
518 762 535 808 ς
566 747 683 813 rectas,
715 759 790 820 quae
819 739 956 801 dicantur
984 739 1081 799 lineae
1111 739 1238 819 apogaei
1260 738 1401 818 proprie;

43 826 179 910 quaein
203 825 415 889 antecedentia
437 828 547 889 eadent
569 828 698 909 apogaei
720 847 783 909 “ii
807 836 881 908 puta
903 850 950 904 αφ
973 828 1003 889 in
1026 824 1086 890 24⁰
1109 833 1147 903 Ω,
1172 851 1212 898 ας
1234 827 1266 888 in
1293 823 1350 889 19⁰
1375 832 1400 903 il

41 916 179 980 circiter.
226 916 272 978 At
293 925 363 979 tnnc
386 915 444 978 hae
468 915 565 977 lineae
588 937 646 978 non
667 918 837 979 transibunt
853 937 906 997 per
922 917 1064 997 cujusque
1082 916 1240 978 eccentrici
1259 924 1401 996 punctum

40 1005 248 1087 aequalitatis
268 1005 429 1086 proprium.
468 1007 573 1086 Itaque
598 1007 710 1087 siquis
733 1027 770 1067 ex
780 1007 946 1068 Ptolemaei
964 1006 1162 1068 sectatoribus
1182 1026 1240 1067 non
1257 1006 1322 1066 vult
1336 1004 1404 1085 epi-

40 1095 164 1176 cyclnm
188 1096 309 1174 affigere
332 1095 499 1156 eccentrico
523 1094 552 1156 io
575 1105 685 1174 puncto
708 1100 742 1170 e,
768 1097 821 1157 scd
845 1097 959 1157 mavult
982 1115 1048 1156 eum
1068 1095 1193 1174 alligare
1213 1095 1243 1156 in
1259 1103 1361 1156 centro
1378 1117 1402 1167 v,

38 1185 71 1247 is
101 1189 235 1263 cogetur
265 1184 309 1245 uti
340 1183 455 1245 duabus
488 1183 576 1245 lineis
613 1185 765 1265 apsidum,
804 1186 901 1246 altera
924 1204 975 1262 αφ
998 1183 1174 1258 eccentrici,
1207 1185 1323 1264 reliqna
1352 1197 1404 1262 αψ

41 1272 232 1354 aequantia,
256 1281 287 1334 et
310 1271 584 1336 eccentricitatibus
608 1295 660 1350 αφ
684 1283 715 1335 et
738 1288 809 1351 αψ;
834 1274 1025 1355 quodquam
1049 1274 1089 1335 sit
1113 1274 1284 1335 intricatum
1308 1279 1339 1333 et
1354 1271 1403 1333 in-

38 1362 238 1447 commodum
269 1362 321 1435 (de
349 1362 536 1423 absurditate
564 1362 641 1424 enIm
665 1370 716 1425 sat
738 1363 848 1425 dictum
872 1371 920 1424 est
942 1363 1040 1443 capite
1057 1357 1141 1442 Vl),
1161 1362 1278 1442 judicet
1296 1362 1403 1442 hujus-

41 1453 127 1515 modi
154 1450 276 1531 aliquis.

134 1540 226 1602 Idem
255 1539 329 1614 erit,
354 1539 380 1600 si
403 1539 470 1621 quis
492 1540 567 1602 velit
592 1541 682 1621 figere
707 1541 872 1624 epieyclum
895 1540 1062 1601 eccentrieo
1086 1540 1114 1601 in
1138 1548 1248 1620 puncto
1273 1563 1300 1614 o,
1324 1540 1406 1602 citca

39 1630 125 1713 quod
143 1628 299 1711 epicyclns
315 1628 481 1708 aequaliter
497 1629 636 1691 volvitur.
669 1631 748 1691 Nam
764 1640 834 1692 tunc
851 1629 1044 1703 eccentricus,
1062 1630 1199 1690 deferens
1215 1637 1356 1708 punctum
1375 1651 1403 1705 o,

40 1718 175 1783 habebit
198 1718 258 1780 dno
281 1736 418 1797 apogaea
442 1726 473 1779 et
495 1719 752 1795 eccentricitates3
778 1720 905 1781 alterum
928 1719 1023 1780 centri
1046 1718 1076 1779 in
1098 1719 1178 1779 linea
1202 1741 1252 1791 ας,
1277 1717 1404 1779 alteram

10 1826 18 1891 ζ
40 1807 152 1891 puncti
181 1806 377 1888 aequalitatis
404 1806 435 1868 in
463 1808 542 1869 linea
570 1796 633 1870 aas
684 1809 795 1871 Restat
825 1808 916 1888 igitur
938 1809 987 1868 vel
1011 1808 1176 1889 epieyclum
1199 1807 1229 1868 in
1253 1811 1278 1869 θ
1300 1808 1402 1886 ligere,

43 1898 97 1960 vel
119 1890 375 1970 eceentricornm,
404 1897 453 1977 qui
476 1905 587 1978 puncta
610 1920 626 1959 a
648 1906 680 1959 et
703 1922 719 1959 o
743 1899 894 1971 deferunt,
926 1917 1062 1978 apogaea
1091 1896 1251 1977 improprie
1276 1915 1402 1971 sumere,

45 1997 81 2050 et
100 1985 348 2048 eccentricitates
372 1994 545 2066 computare
568 2007 588 2047 a
609 1987 729 2065 punctis
751 1985 777 2060 ξ,
793 2010 824 2057 τ,
847 2008 907 2048 non
930 1987 968 2048 ab
992 2012 1021 2060 α,
1045 1988 1156 2047 Terrae
1179 1986 1287 2046 indice.
1397 1992 1400 1997 ’

134 2079 241 2157 Atque
274 2075 419 2136 hactenus
451 2075 548 2156 prima
580 2076 742 2138 delineatio
778 2077 835 2139 fuit
866 2077 895 2137 in
928 2077 1025 2137 forma
1047 2075 1241 2136 Ptolemaica.
1295 2076 1406 2138 Altera

29 2162 155 2247 'potest
176 2162 297 2227 institui
321 2162 374 2238 sic,
398 2173 432 2225 nt
446 2164 513 2225 loca
527 2167 638 2226 Terrae
656 2165 864 2246 Copemicana
887 2171 913 2239 d,
930 2189 955 2238 e,
974 2161 998 2238 ζ,
1015 2186 1040 2242 q,
1065 2165 1231 2225 concedant
1249 2184 1308 2225 non
1327 2165 1357 2226 in
1372 2187 1403 2235 α,

62 2255 159 2319 sedin
182 2279 209 2333 y,
234 2253 278 2314 sic
300 2260 335 2314 ut
356 2253 387 2314 in
409 2253 467 2315 boc
491 2254 642 2316 schemate
666 2275 724 2316 non
748 2282 777 2329 c,
803 2257 855 2316 sed
879 2279 893 2335 y
916 2254 1039 2316 denotet
1057 2256 1180 2315 Terram
1206 2252 1307 2313 mnndi
1329 2273 1402 2314 cen-

67 2352 146 2407 m:
179 2343 230 2404 ubi
264 2342 414 2425 epicyclus
445 2341 554 2417 etiam,
597 2354 627 2405 et
665 2344 758 2424 ipsius
791 2352 966 2425 punctorum
994 2348 1034 2415 θ,
1053 2365 1118 2409 mo
1151 2352 1213 2403 tres
1246 2341 1404 2404 eccentrici

73 2430 115 2495 ἡ
134 2452 192 2494 suo
219 2431 432 2493 emovebnntur
456 2432 585 2513 spatiolo
609 2456 657 2511 oy,
682 2434 796 2514 eritque
820 2454 902 2494 mera
917 2432 1170 2512 aequipollentia,
1195 2450 1281 2511 uquam
1297 2450 1403 2510 super-

71 2521 141 2583 uteo
166 2520 294 2583 ulterius
318 2519 485 2599 explicare,
517 2541 553 2581 ne
576 2522 697 2584 nimium
721 2524 816 2584 lector
844 2522 1042 2584 confundatur
1050 2542 1058 2596 ;
1092 2541 1161 2584 nam
1189 2520 1262 2581 haec
1286 2519 1406 2622 quidem

66 2612 163 2674 nautio
187 2617 306 2671 tantum
332 2610 510 2690 eapropter
533 2611 645 2672 sciolos
668 2621 721 2673 aut
744 2612 887 2673 curiosos.

140 2702 174 2762 ln
206 2700 301 2761 forma
322 2699 541 2780 Tychonica
571 2700 653 2761 nulla
686 2720 763 2763 nova
792 2701 991 2762 delineatione
1021 2719 1095 2780 opus
1120 2710 1175 2761 cst.
1217 2695 1404 2760 Brevissima

63 2786 196 2851 'mdicatio
227 2786 345 2849 sufficit
391 2789 516 2850 Ponitur
548 2799 688 2869 punctum
720 2790 866 2852 affixionis
891 2789 1049 2850 eccentriei
1074 2797 1200 2870 quatuor
1224 2786 1331 2847 sitibus
1355 2786 1403 2848 di-

45 2878 151 2959 ‚versis
174 2879 205 2940 In
229 2880 390 2954 λ,ρ,σ,υ,
414 2885 448 2938 nt
470 2878 593 2957 planeta
615 2880 657 2941 sit
680 2880 710 2942 in
740 2907 758 2955 ι,
770 2905 794 2954 κ,
807 2883 833 2954 λ,
850 2905 880 2955 μ,
918 2887 949 2940 et
981 2877 1120 2957 paralleli
1152 2878 1328 2953 ιλ,κρ,λσ,
1347 2901 1404 2952 μυ,

63 2978 93 3027 et
109 2972 167 3027 θα.
215 2966 319 3046 Tycho
343 2965 433 3045 igitur
457 2987 521 3028 cum
546 2968 689 3041 dixisset,
712 2978 845 3031 centrum
869 2968 972 3030 circuli
995 2968 1109 3042 Martii,
1133 2985 1220 3047 quem
1244 2966 1307 3047 ipse
1331 2966 1405 3029 facit

61 3055 170 3117 deferre
194 3055 343 3135 duplicem
367 3055 541 3138 epicyclum,
565 3058 718 3120 circumire
742 3059 772 3119 in
792 3059 979 3120 concentrito
995 3056 1077 3119 Solis
1092 3055 1258 3137 aequaliter
1274 3055 1355 3116 circa
1372 3078 1403 3130 α,

63 3143 144 3227 idque
172 3146 202 3206 in
225 3144 392 3206 Ptolemaei
424 3146 571 3225 gratiam,
601 3147 658 3209 fuit
685 3168 745 3209 una
774 3168 839 3209 cum
863 3148 1038 3210 Ptolemaeo
1070 3154 1101 3207 et
1125 3145 1291 3224 Oopemico
1315 3166 1333 3205 a
1356 3164 1403 3206 me

60 3242 209 3314 permotus
231 3241 318 3313 parte
340 3233 437 3311 prima
460 3254 525 3315 cap.
550 3236 605 3310 vl,
628 3237 758 3298 utillud
782 3256 834 3298 seu
858 3236 1037 3298 concentrici
1062 3243 1196 3296 centrum
1220 3252 1272 3294 sen
1296 3253 1403 3295 eccen-

61 3323 125 3384 tn'ci
154 3330 299 3403 punctum
328 3322 474 3385 affixionis
501 3324 601 3404 potius
633 3326 662 3387 in
686 3326 839 3406 ipsissimo
870 3334 972 3388 centro
1001 3324 1135 3405 corporis
1159 3322 1276 3386 Solaria
1309 3342 1403 3404 qnae-

61 3419 154 3487 reret3
185 3411 274 3491 idque
302 3411 469 3473 rationibus
491 3413 625 3494 physicis
649 3423 679 3475 et
702 3422 826 3477 ostensa
849 3415 1050 3494 possibilitate
1073 3411 1271 3493 geometrica,
1296 3411 1403 3492 quibus

64 3502 187 3563 accessit
217 3518 283 3580 cap.
307 3501 411 3563 XXII.
442 3510 473 3563 et
494 3502 616 3565 XXIII.
646 3504 778 3565 validum
810 3512 1035 3583 argumentum:
1065 3503 1143 3584 quod
1174 3500 1233 3563 nisi
1260 3500 1318 3562 hoe
1340 3502 1402 3570 fiat,

10 3608 16 3667 ς
65 3591 116 3651 eoi
133 3588 362 3652 observationes
381 3591 418 3651 ad
429 3592 558 3653 medium
566 3592 648 3655 Solis
664 3601 776 3655 motum
795 3594 972 3669 referantur,
992 3590 1356 3673 epicyclusPtolemaicns
1373 3599 1404 3653 et

67 3680 196 3741 deferens
225 3679 402 3742 Braheanus
430 3681 504 3743 liant
531 3681 688 3743 eceentrici
720 3683 750 3743 in
779 3683 886 3763 plagas
916 3681 1132 3744 eccentricitati
1156 3680 1238 3743 Solis
1265 3679 1402 3760 praecise

68 3769 236 3833 annarias.
288 3768 428 3831 Portiora
458 3778 557 3831 autem
584 3779 615 3832 et
642 3791 680 3833 ex
702 3771 832 3851 propriis
856 3772 967 3834 Brabei
991 3769 1251 3833 observationibus
1274 3770 1404 3830 deducta

67 3864 236 3938 argumenta
273 3857 430 3929 deserendi
464 3859 643 3921 concentrici
677 3860 758 3922 Solis
789 3860 942 3940 pollicitus
974 3880 1055 3936 sum,
1089 3869 1119 3920 et
1149 3861 1180 3920 in
1210 3858 1402 3939 sequentibus

68 3965 123 4028 cap.
145 3947 222 4022 LII,
255 3944 386 4008 LXVII.
409 3950 580 4028 producam.
626 3950 720 4029 Atqui
744 3950 808 4028 jam
831 3957 879 4010 est
900 3950 1057 4032 probatum
1080 3951 1137 4010 hoe
1160 3947 1258 4028 capite
1280 3948 1402 4024 XXVI,

68 4034 115 4097 hoc
145 4044 283 4098 centrum
314 4039 492 4099 concentrici
521 4037 631 4099 Martis
665 4039 733 4112 (sen
765 4046 919 4118 punctum,
952 4060 971 4099 a
994 4059 1051 4120 quo
1075 4037 1171 4117 surgit
1194 4037 1403 4101 eceentricitas

10 4122 25 4205 s
67 4125 184 4200 blattis)
208 4142 268 4186 nun
291 4123 418 4188 inveniri
446 4127 476 4189 in
500 4126 665 4189 eccentrico
694 4128 826 4208 aequali,
859 4147 896 4188 cx
923 4136 1070 4208 cpuncto
1099 4125 1291 4208 aequalitatis
1321 4127 1403 4190 Solis

10 4216 12 4221 '
67 4213 222 4296 descripte,
247 4213 326 4293 qued
348 4216 483 4278 Brahens
507 4237 572 4279 cum
596 4216 773 4299 auctoribus
790 4210 963 4296 putaverat,
994 4217 1048 4278 sed
1072 4216 1101 4277 in
1124 4216 1290 4278 eecentrico
1315 4236 1354 4279 ex
1376 4216 1402 4293 ξ,

67 4304 137 4384 quod
160 4310 212 4365 est
232 4302 330 4366 medio
354 4304 420 4366 loco
443 4305 521 4368 inter
544 4329 564 4367 α
587 4313 618 4367 et
640 4327 664 4366 τ.
711 4307 792 4386 Ergo
817 4306 842 4367 si
867 4315 1000 4369 centmm
1023 4306 1204 4368 concentrici
1226 4307 1404 4376 &circumit

66 4411 125 4455 cnm
142 4392 229 4468 Sole,
250 4391 386 4455 circumit
404 4414 475 4457 vero
496 4395 525 4457 in
542 4396 707 4456 eccentrico
723 4415 760 4456 ex
774 4393 791 4468 ξ
809 4389 970 4476 descripto,
987 4396 1040 4459 Sol
1052 4394 1144 4474 igitur
1158 4394 1222 4475 ipse
1237 4395 1404 4459 circumibit

63 4479 288 4546 ineccentrico
319 4502 358 4544 ex
383 4480 401 4557 ξ
427 4485 585 4565 descripto.
636 4484 681 4545 At
709 4493 807 4546 motus
838 4485 903 4563 ejus
927 4494 975 4547 est
996 4484 1144 4563 regularis
1167 4483 1247 4547 circa
1269 4505 1294 4546 τ.
1339 4487 1402 4547 Ec-

10 4608 21 4629 .
63 4572 237 4636 contricitas
263 4569 357 4650 igitur
379 4572 460 4636 Solis
490 4596 532 4635 ατ
562 4572 725 4635 bisecanda
757 4581 805 4635 est
834 4574 865 4635 in
887 4571 913 4645 ξ.
958 4575 1026 4637 Non
1055 4582 1102 4635 est
1129 4575 1207 4635 enim
1230 4574 1401 4649 verisImile,

59 4672 161 4729 centro
193 4662 377 4726 concentrici
398 4663 509 4725 Martis
542 4669 572 4725 et
595 4661 677 4724 Solis
706 4662 820 4743 pariter
843 4661 1109 4738 circumeuntibus,
1138 4663 1250 4744 pariter
1272 4666 1303 4726 in
1325 4683 1401 4744 apo·
1487 4679 1490 4686 ’
