3278 5550
141 284 206 365 τος)
684 256 795 336 nasus
812 281 842 335 r.
861 281 952 335 nese

140 483 236 527 maeo.
283 463 361 526 Nam
386 461 526 543 aequatio
550 461 703 543 Tychouis
726 459 919 525 tumaxime
948 461 1071 524 minutis
1100 462 1204 523 minor
1235 471 1288 523 cst
1312 463 1490 527 Ptolemaios.

140 554 182 615 Et
213 562 313 614 motus
340 551 466 631 apogaei
493 549 657 632 Tychonici
680 551 863 626 diminutus,
895 552 970 613 adeo
1003 561 1036 612 ut
1069 552 1249 612 retrocedat
1284 553 1343 615 sub
1367 553 1430 614 lixis
1449 573 1491 634 per

142 639 162 706 6
187 640 351 703 annuatim.

232 730 270 791 ll.
304 730 418 790 Locum
442 728 547 789 Lunae
571 747 673 789 verum
697 736 870 808 computare
894 747 952 789 non
975 736 1079 808 potest
1101 728 1284 810 quisquam,
1317 729 1378 791 nisi
1400 730 1493 810 quide

142 818 274 881 maxima
296 817 379 880 Solis
409 817 587 898 aequatione
617 816 664 877 vel
696 818 761 878 loco
794 817 919 896 apogaei
948 828 1051 879 certus
1079 825 1136 878 est.
1187 818 1282 890 Quod
1314 820 1419 899 accipe
1440 838 1494 881 cun

142 909 197 969 hac
222 905 434 968 distinctione:
459 904 518 967 tria
537 905 744 986 requiruntur,
770 918 869 967 motus
893 905 1020 986 simplex
1043 908 1069 978 D
1096 916 1128 967 et
1151 903 1206 983 Θ,
1231 908 1394 969 anomalia
1415 909 1452 980 ),
1472 926 1496 969 cr

142 996 246 1059 tabula
269 995 489 1075 aequatiouum.
535 993 624 1066 Quod
649 994 814 1074 simplicem
837 995 863 1066 J)
889 995 1009 1068 attinet,
1033 1014 1100 1056 eum
1123 995 1230 1076 Tycho
1258 996 1438 1077 expiscatus
1457 1010 1495 1058 est

119 1094 179 1146 'ex
202 1083 397 1146 Ptolemaiois
421 1091 452 1143 et
475 1082 538 1144 suis
566 1083 747 1163 eclipsibus,
782 1092 955 1163 comparato
988 1083 1144 1163 interjecto
1176 1084 1295 1165 spatio.
1343 1086 1494 1148 Methodus

143 1175 216 1235 haec
240 1183 302 1233 est:
340 1171 370 1233 iu
394 1180 505 1251 puncto
529 1171 650 1252 eclipsis
674 1171 822 1233 maximae
846 1172 933 1233 Luna
955 1180 1003 1232 est
1026 1172 1055 1233 in
1080 1172 1222 1252 opposito
1249 1174 1322 1236 loco
1341 1173 1435 1250 Solis,
1455 1176 1494 1257 qui

143 1271 217 1343 quot
238 1260 392 1322 contiueat
413 1260 526 1339 gradus
550 1260 598 1321 vel
623 1260 737 1322 minuta
759 1260 824 1340 ejus
848 1260 937 1340 signi,
962 1260 1001 1321 ad
1015 1261 1120 1323 Lunae
1143 1261 1288 1323 rationes
1313 1263 1389 1325 nihil
1413 1262 1493 1326 inter·

144 1360 200 1412 est.
249 1348 390 1412 Ceterum
412 1349 470 1410 hoc
493 1349 621 1411 interest
643 1349 682 1410 ad
706 1350 839 1411 rationes
862 1350 982 1423 Lunae,
1011 1350 1092 1431 quod
1121 1350 1149 1410 iu
1178 1350 1310 1413 tabulas
1334 1353 1492 1414 referendis

145 1448 194 1502 est
214 1450 315 1500 motus
331 1438 395 1517 ejus
418 1438 534 1499 medius
558 1459 577 1499 a
600 1438 699 1499 medio
723 1439 789 1500 loco
806 1438 896 1502 Solis.
932 1439 978 1501 At
1001 1439 1116 1501 medius
1140 1447 1172 1501 et
1195 1459 1293 1502 verus
1318 1441 1404 1504 locus
1425 1440 1492 1503 Solis

143 1548 201 1589 non
226 1527 407 1589 coincidunt.
449 1528 531 1606 Ergo
556 1528 580 1588 si
604 1526 797 1589 Ptolemaeus
822 1535 853 1589 et
876 1546 913 1588 ex
937 1547 972 1588 eo
996 1529 1099 1610 Tycha
1122 1528 1151 1589 in
1176 1529 1277 1608 priori
1303 1530 1413 1612 eclipsi
1432 1530 1490 1593 hon

147 1613 242 1694 wi„
266 1634 323 1696 quo
348 1623 498 1676 momento
522 1616 580 1675 fuit
595 1615 724 1678 medium
745 1615 878 1699 deliquii,
903 1615 1005 1678 dicant
1021 1617 1233 1698 aequationem
1249 1617 1340 1681 Solis
1364 1639 1429 1682 esse
1449 1619 1489 1683 55¹
1529 1626 1531 1639 '

143 1722 182 1767 ex
205 1706 311 1766 tabula
326 1704 535 1783 aequationum
551 1704 748 1779 Ptolernaica,
772 1706 826 1767 illa
847 1724 917 1767 vero
941 1705 982 1766 sit
1004 1705 1100 1766 minor
1122 1725 1177 1784 per
1205 1703 1245 1768 12
1273 1727 1331 1782 sc„
1355 1709 1490 1789 putabitur

145 1794 245 1875 utique
268 1812 357 1854 verus
380 1801 480 1854 motus
504 1794 608 1854 Lunae
632 1813 667 1853 eo
691 1803 841 1856 momento
864 1814 883 1855 a
906 1792 989 1856 Solis
1011 1793 1109 1856 medio
1134 1813 1176 1856 sc.
1202 1794 1264 1869 55,
1292 1799 1343 1878 qui
1367 1806 1414 1859 est
1433 1808 1486 1860 tau·

147 1890 211 1944 tum
235 1901 278 1943 so.
302 1876 366 1943 43¹.
403 1882 509 1962 ltaque
533 1883 590 1942 etsi
616 1883 694 1944 alter
717 1882 860 1944 terminus
884 1901 976 1962 penes
1000 1903 1055 1944 nos
1078 1883 1135 1944 rite
1157 1885 1381 1960 constituatur,
1406 1896 1488 1968 umes

145 1972 183 2034 ad
199 1969 366 2033 Ptolemaei
389 1977 525 2050 tempora
548 1971 701 2052 quantitas
715 1964 833 2034 'mensis
847 1972 976 2034 Lunaris
1001 1972 1121 2033 falleret
1142 1991 1197 2052 per
1225 1971 1278 2043 12,
1304 1983 1338 2036 et
1362 1975 1392 2037 in
1415 1976 1487 2057 duplo

144 2070 278 2140 tempore
303 2058 357 2120 sub
381 2059 502 2137 Trojam
532 2071 651 2140 captain
680 2080 734 2141 per
763 2056 806 2122 24
837 2069 868 2123 et
897 2061 940 2122 sic
964 2069 1192 2142 consequenter.
1243 2062 1486 2146 Corripeustrctu

144 2150 175 2211 id
199 2148 316 2230 quidem
340 2148 623 2229 peraequationem
647 2150 770 2224 Lunae,
802 2149 919 2231 quoties
942 2150 1046 2211 eadem
1069 2149 1221 2211 anomalia
1251 2152 1389 2230 rediret,
1419 2154 1485 2216 atio

146 2237 256 2300 ceteris
280 2237 416 2299 omuibus
440 2237 606 2299 anomaliae
632 2238 705 2300 locis
729 2247 815 2301 tauto
835 2237 958 2317 gravius
981 2246 1164 2318 peccaretur.

232 2325 302 2387 Jam
325 2325 403 2406 quod
425 2326 605 2388 anomaliam
622 2328 741 2402 attinet,
765 2327 896 2389 indidem
920 2324 974 2389 illa
995 2328 1116 2408 petitur,
1142 2327 1220 2389 uude
1246 2337 1282 2390 et
1304 2340 1406 2394 motus
1428 2351 1484 2393 s!-

144 2417 223 2498 plex.
262 2416 311 2478 Ad
334 2423 471 2495 tempora
485 2415 652 2478 Ptolemaei
674 2435 712 2477 ex
734 2416 829 2478 tribus
853 2415 1014 2497 eclipsibus
1031 2416 1225 2479 constituitur
1245 2421 1423 2483 anomaliae
1436 2439 1484 2482 mo

144 2518 203 2569 tus.
243 2506 375 2585 ltemque
399 2503 438 2565 ad
461 2513 566 2566 nostra
585 2513 721 2584 tempora
740 2504 783 2566 ita
796 2505 1020 2585 comparatione
1035 2504 1179 2586 temporis
1194 2500 1318 2570 medius
1333 2510 1484 2573 anomaliae

145 2604 245 2657 motus
269 2592 396 2654 elicitur.
434 2591 565 2654 Rursum
589 2594 700 2674 itaque,
725 2594 751 2655 si
767 2592 821 2656 Sol
840 2595 895 2656 sub
919 2603 1098 2657 momentum
1121 2594 1327 2675 oppositionis
1353 2608 1485 2661 statuatur
1529 2596 1531 2659 l

149 2678 207 2748 13⁰
233 2679 283 2745 15⁴
307 2681 335 2757 ὅ
361 2700 415 2762 per
438 2681 694 2747 eccentricitatem
718 2682 907 2758 diminutam,
938 2694 1008 2745 tuno
1032 2703 1105 2745 sane
1132 2680 1182 2746 12⁴
1205 2683 1280 2758 illa,
1312 2688 1423 2768 quibus
1444 2689 1484 2749 ab·

146 2770 241 2835 errari
256 2771 427 2844 statuimus,
451 2770 693 2833 adscriberentur
708 2771 879 2852 aequationi
894 2772 1007 2833 Lunae.
1045 2773 1088 2834 Et
1110 2771 1179 2853 quia
1202 2773 1395 2838 alteraretur
1416 2797 1484 2838 reru

147 2862 213 2942 ejus
241 2868 340 2922 motus
371 2878 570 2940 excessusque
601 2861 666 2940 ejus
699 2879 790 2940 supra
821 2861 970 2935 medium,
1002 2880 1126 2924 neccsse
1158 2870 1244 2924 esset
1279 2865 1381 2944 ipsam
1414 2867 1484 2928 etian

146 2950 400 3013 eccentrioitatem
424 2949 472 3009 rel
496 2967 662 3029 apogaeum
686 2950 818 3012 alterari.
857 2951 958 3031 Atque
982 2950 1038 3012 hoc
1062 2971 1135 3013 sane
1158 2951 1280 3014 nomine
1304 2956 1426 3034 gratias
1446 2954 1484 3017 ribi

147 3058 221 3120 ago,
251 3038 329 3118 quod
358 3057 405 3099 me
430 3037 458 3098 in
481 3037 558 3098 hanc
581 3037 850 3100 considerationem
874 3039 1000 3102 inducis.
1046 3038 1166 3101 Etenim
1195 3059 1251 3121 per
1276 3043 1373 3105 otium
1398 3044 1485 3125 explo-

148 3130 231 3201 rabo,
255 3147 292 3188 an
317 3125 448 3187 notabile
466 3126 577 3207 aliquid
600 3135 740 3206 peccetur
758 3126 787 3188 in
805 3129 982 3209 aequatione
997 3129 1100 3190 Lunae
1120 3129 1252 3190 maxima
1276 3133 1485 3203 constituenda

148 3217 173 3278 si
197 3215 307 3278 alicubi
334 3211 384 3276 12‘
408 3222 526 3295 praeter
544 3216 660 3295 justum
688 3216 822 3278 accedat.
869 3217 905 3278 ld
928 3217 978 3279 ubi
1009 3217 1052 3282 sic
1082 3217 1193 3280 habere
1216 3219 1446 3300 deprehendero
1465 3232 1486 3280 et

147 3305 198 3368 ubi
213 3303 306 3366 nihilo
324 3304 420 3364 minus
437 3322 474 3363 ex
487 3304 653 3365 Ptolemaei
670 3304 830 3385 eclipsibus
853 3307 977 3367 eandem
1002 3306 1178 3388 hypothesin
1204 3319 1391 3374 exstruxere
1414 3328 1487 3393 quan

146 3414 183 3456 ex
207 3392 377 3456 recentibus
401 3393 493 3473 (quod
518 3392 619 3474 Tycho
645 3413 717 3455 saue
741 3394 837 3468 fecit),
861 3413 915 3474 pro
939 3403 1022 3456 certo
1047 3396 1214 3467 affirmabo,
1238 3401 1484 3462 eccentricitaten

145 3491 178 3545 et
201 3483 271 3544 anui
295 3480 528 3561 magnitudinem
553 3489 585 3542 et
607 3483 826 3562 aequinoctium
849 3482 879 3544 id
903 3483 997 3545 luisse
1019 3492 1151 3565 tempore
1164 3485 1349 3564 Ptolemaei,
1374 3488 1486 3571 quodie

145 3573 232 3635 nobis
255 3571 443 3651 assignatum
468 3569 598 3651 reliquit.
644 3571 727 3634 Nihil
751 3581 803 3632 aut
825 3590 928 3651 parum
953 3573 1001 3634 hic
1024 3573 1148 3657 impedit
1174 3593 1251 3649 nos,
1286 3577 1313 3637 si
1347 3579 1378 3639 iu
1410 3580 1485 3639 horae

145 3662 247 3743 aliqua
268 3669 353 3740 parte
378 3660 569 3722 aberremus:
601 3668 741 3740 quantum
765 3660 842 3721 enim
868 3661 896 3723 in
921 3661 972 3723 illo
997 3662 1127 3743 spatiolo
1150 3664 1380 3739 motuifiunae
1403 3666 1485 3729 medio

146 3749 272 3824 accedit,
297 3748 473 3811 tantundem
490 3750 551 3810 fere
567 3749 686 3810 accedit
709 3757 740 3810 et
761 3768 842 3810 vero.
881 3750 942 3812 Sed
966 3751 1042 3813 haec
1065 3751 1222 3831 interjicio.
1263 3755 1366 3817 Vides
1391 3766 1484 3827 antem,

145 3839 224 3922 qnod
247 3846 346 3901 motus
376 3839 541 3900 anomaliae
573 3858 720 3901 unacum
749 3847 832 3900 motu
856 3838 959 3900 Lunae
988 3839 1115 3921 simplici
1143 3842 1180 3902 ad
1204 3850 1348 3922 tempora
1371 3867 1401 3909 a.
1425 3845 1484 3909 Clu.

145 3948 219 4011 pene
243 3936 324 3990 totns
348 3927 378 3989 in
401 3926 569 3989 Ptolemaei
592 3927 716 3989 arbitrio
740 3926 897 3989 consistat.

232 4018 289 4080 111.
323 4015 412 4089 Quod
436 4016 524 4079 tertio
548 4016 680 4077 tabulam
705 4016 916 4096 aequationum
939 4017 1058 4092 attinet,
1084 4019 1280 4102 aequationes
1303 4022 1485 4103 Tychouioas

145 4106 293 4170 maximae
316 4105 493 4167 Prutenicas
515 4114 633 4167 tantum
661 4102 693 4167 2⁴
721 4114 877 4185 superant,
909 4125 951 4168 so.
980 4105 1010 4168 in
1035 4102 1095 4171 90⁰
1118 4116 1149 4170 et
1170 4103 1263 4172 270⁰.
1309 4111 1361 4173 At
1383 4114 1413 4174 iu
1436 4106 1486 4173 45·

145 4194 315 4259 differentia
338 4202 387 4256 est
411 4190 478 4268 10‘,
503 4193 590 4274 idque
613 4203 736 4273 propter
760 4194 959 4256 differentiam
983 4195 1192 4276 hypotheseos.
1240 4196 1319 4262 Cum
1344 4200 1485 4281 igiturex

144 4283 396 4366 disputationibus
420 4282 494 4344 meis
525 4283 561 4343 de
589 4283 689 4344 causis
721 4283 929 4364 aequatiooum
957 4283 1092 4365 physicis
1123 4284 1333 4365 appariturum
1366 4290 1427 4362 sit,
1455 4305 1485 4349 ne

144 4372 346 4456 Tychouioam
369 4371 486 4452 quidem
517 4371 731 4433 ordinationem
759 4372 963 4453 hypotheseos
990 4392 1042 4434 seu
1071 4375 1305 4454 applicationem
1336 4377 1486 4460 aequantis

144 4481 182 4524 ex
207 4462 285 4523 omni
307 4470 393 4541 parte
416 4469 497 4523 recte
520 4460 650 4523 habere:
684 4461 741 4522 erit
773 4469 804 4522 et
834 4462 908 4522 haec
936 4461 1114 4538 revidendo,
1148 4483 1202 4525 nec
1231 4463 1278 4525 illi
1305 4465 1339 4528 iu
1366 4466 1485 4548 antiquis

144 4550 308 4632 eclipsibus
330 4550 525 4629 pertinaciter
547 4549 705 4611 fidendum.
1286 4581 1293 4593 ·

232 4641 309 4702 Puto
320 4647 419 4699 autem
431 4642 522 4709 (nunc
533 4638 597 4699 sine
608 4637 732 4713 calculo,
748 4658 786 4700 ex
797 4638 1033 4715 aestimatione),
1046 4640 1173 4703 medium
1183 4642 1409 4719 quodammodo
1420 4645 1485 4707 inter

143 4729 321 4793 Prutenicas
345 4735 375 4788 et
389 4727 576 4809 Tychouioas
599 4727 794 4808 aequationes
818 4746 884 4788 esse
907 4728 1099 4808 sequendum.
1135 4730 1173 4793 In'
1193 4731 1371 4797 universum
1395 4735 1484 4796 videor

143 4819 226 4905 mihi,
238 4818 303 4883 siue
326 4816 458 4881 auctoris
481 4816 599 4897 irrjuria,
622 4816 681 4879 imo
699 4816 837 4891 secunda·
853 4816 920 4897 ejus
936 4817 1097 4882 voluntate.
1111 4819 1273 4902 (quantum
1292 4840 1334 4905 ex
1353 4824 1426 4887 tolio
1437 4818 1483 4887 bl-
