3278 5550
239 108 304 179 206
713 110 754 164 De
771 110 880 164 Motibus
898 108 992 165 Stellae
1009 110 1098 163 Martia

239 288 366 355 metrice
397 292 436 353 ad
470 310 536 353 earn
564 288 728 373 respiciens
751 308 877 371 seseque
901 288 952 365 (ut
972 290 1022 371 qui
1046 290 1119 367 orbe
1141 292 1261 365 curem)
1283 246 1492 373 inaeqursliter
1512 286 1582 351 iaci-

239 389 308 443 tans
330 398 385 461 pro
408 398 533 443 comesu
557 397 611 441 suo
632 378 681 441 vel
705 398 825 443 recessu
848 401 869 443 a
890 378 989 443 ram
1007 380 1082 453 (uisi
1103 378 1229 443 Terram
1242 379 1316 443 Sole
1332 376 1579 460 praestantiorem

236 470 336 532 locere
364 477 396 530 ot
418 468 485 531 huic
508 469 569 531 viru
591 468 673 531 Solis
700 468 855 534 matricem
884 468 1101 533 transscribere
1124 466 1233 545 velis),
1260 468 1340 531 idem
1360 486 1436 531 vero
1461 464 1518 529 Sol
1539 468 1580 541 (nt

238 558 268 623 in
293 558 475 639 Cuperuico)
498 556 558 621 vim
581 558 736 621 motrioem
759 558 872 621 emittit
894 558 934 621 ad
956 576 1060 621 omues
1081 558 1232 639 planetas,
1256 576 1310 621 eos
1333 558 1418 621 circa
1433 558 1512 619 'seso
1532 574 1579 619 ro-

237 656 308 709 tans
331 666 367 709 eo
390 648 485 728 gradu
508 646 683 721 celeritatis,
708 666 766 727 quo
790 654 861 709 sunt
882 645 927 709 illi
950 647 1047 729 gradu
1068 646 1301 730 propinquitatis
1317 649 1356 709 od
1369 646 1496 721 Solem}
1516 646 1578 727 pla-

238 746 328 799 netae
350 736 471 799 interim
494 737 630 799 nituntur
648 754 719 799 suos
743 738 781 799 ad
798 736 900 799 Solem
924 754 1066 799 accessus
1093 743 1126 798 et
1140 754 1277 799 recessus
1294 736 1325 799 iu
1338 754 1434 817 parvo
1450 734 1577 819 epicyclo

236 826 380 887 conficere
404 824 550 907 simulque
574 824 679 909 Solem
701 826 891 909 (quacunque
914 824 941 889 is
963 824 1045 889 circa
1058 826 1184 889 Terram
1197 824 1351 901 concedit)
1364 824 1476 887 iisdem
1489 824 1576 885 vesti·

234 914 294 995 giis
316 914 434 997 insequi
457 924 544 977 extra
567 915 710 989 ordinem,
732 924 822 995 atque
840 916 886 977 ita
905 914 1031 995 quilibet
1052 914 1177 995 planeta
1196 914 1341 991 (maxime
1355 912 1426 989 Sol)
1443 912 1484 975 ad
1498 912 1576 995 plora

235 1004 323 1066 simul
348 1003 489 1085 respicit,
521 1002 638 1085 ipsique
661 1004 852 1083 planetarum
873 1004 1021 1087 trajectus
1042 1022 1098 1085 per
1119 1022 1224 1067 auram
1245 1004 1420 1067 aetheream
1443 1021 1513 1065 vere
1533 1002 1576 1075 (ut

234 1092 314 1173 apud
336 1094 557 1167 Ptolemaeum)
580 1092 709 1175 spirales
731 1094 909 1169 alliciuntur,
933 1094 1063 1174 qualiter
1085 1094 1185 1175 capite
1205 1093 1232 1155 I.
1256 1092 1370 1173 depicti
1384 1100 1474 1155 suut:
1498 1090 1572 1165 haee

233 1182 364 1263 inquam,
388 1202 426 1243 an
449 1182 512 1245 sint
534 1190 737 1245 consentanea
759 1202 814 1263 per
835 1182 1025 1245 occasionem
1047 1182 1120 1245 alibi
1143 1184 1357 1263 expendemus.
1398 1182 1470 1245 Jam
1484 1198 1572 1261 pona-

233 1278 283 1333 tur
305 1291 379 1333 vera
401 1272 476 1333 haec
499 1270 597 1333 iornra
618 1272 821 1355 hypotheseos
843 1272 872 1333 in
895 1272 1095 1352 generalibus.
1141 1268 1314 1347 Quaeritur,
1338 1266 1573 1353 ntrumporroiu

234 1360 336 1440 specie
359 1359 402 1421 sit
423 1368 669 1437 consentaneum,
686 1364 828 1441 planetas
850 1360 967 1442 insequi
990 1360 1087 1441 ipsum
1110 1358 1193 1423 Solis
1215 1378 1323 1441 corpus
1346 1360 1382 1433 S,
1401 1358 1442 1437 G,
1462 1376 1577 1421 ansero

234 1456 377 1530 punctum
401 1448 441 1525 V,
464 1450 505 1523 P,
528 1468 652 1531 corpore
674 1468 817 1527 vacuum,
849 1456 976 1531 quatuor
998 1448 1229 1513 semidiametris
1252 1448 1335 1513 Solis
1357 1450 1433 1523 (non
1455 1448 1535 1531 plus)
1553 1466 1576 1508 a

234 1548 340 1617 ceptro
363 1536 446 1600 Solis
469 1538 602 1615 distans,
632 1540 710 1623 quod
736 1540 802 1619 jam
825 1556 916 1621 supra
937 1536 1041 1603 Solem
1060 1538 1103 1601 sit
1119 1540 1184 1620 jarn
1205 1538 1300 1615 iutra,
1335 1538 1401 1619 jam
1424 1535 1577 1617 sotejam

230 1644 330 1708 ponc:
344 1636 377 1688 et
389 1626 518 1707 amplius
530 1636 630 1692 utrum
639 1628 737 1709 magis
747 1636 990 1701 consentaneum,
1005 1626 1075 1703 vim,
1090 1646 1167 1709 quae
1181 1628 1320 1708 planetus
1332 1628 1364 1689 in
1379 1626 1484 1689 orbern
1501 1626 1573 1687 circa

235 1714 341 1779 Solem
364 1714 549 1797 circumagit,
572 1716 604 1781 in
625 1718 691 1799 ipso
715 1736 838 1797 corpore
861 1716 944 1781 Solis
962 1716 996 1793 S,
1017 1714 1058 1792 G,
1080 1738 1119 1779 an
1139 1716 1240 1803 intuli
1255 1716 1354 1797 aliquo
1371 1724 1484 1797 puncto
1501 1713 1571 1787 V,P

234 1822 358 1885 corpore
380 1822 477 1867 vacuo
500 1806 646 1883 nidulari;
670 1806 819 1869 breviter:
844 1808 870 1869 si
895 1806 961 1868 axis
984 1806 1161 1889 systematis
1183 1806 1346 1889 planetarii
1365 1808 1415 1879 (ut
1430 1804 1568 1868 notionum

232 1894 316 1957 vocis
339 1912 442 1957 crasse
465 1894 635 1973 aplaustro
658 1896 829 1973 deducam),
853 1914 910 1977 quo
934 1914 989 1959 cen
1008 1896 1095 1957 clavo
1114 1896 1203 1960 orbes
1215 1896 1406 1977 planetarum
1420 1892 1487 1957 orbi
1499 1890 1566 1955 Sol'u

235 1982 346 2069 annexi
370 1992 450 2058 sunt,
475 1983 500 2047 si
522 1983 581 2059 hic,
604 1984 736 2067 iuquam,
760 1994 809 2047 est
830 1984 965 2065 proxime
988 1982 1101 2058 Solem,
1124 2004 1178 2049 cur
1199 2003 1256 2047 non
1280 1982 1400 2065 inipso
1424 1980 1516 2047 Sole?
1541 1978 1567 2045 u·

236 2070 306 2133 axis
328 2070 380 2135 bic
403 2092 457 2135 seu
478 2082 622 2155 puuctum
645 2074 796 2137 affixionis
818 2074 956 2139 circumit
977 2074 1102 2137 Terram
1121 2082 1153 2135 et
1167 2072 1302 2153 proxime
1311 2069 1415 2135 Solem
1429 2082 1462 2135 et
1475 2072 1565 2133 eoden

234 2160 326 2241 plane
350 2170 495 2243 tempore,
519 2182 572 2225 cur
592 2164 746 2245 propriam
767 2162 848 2227 riam
871 2162 1038 2227 describit?
1061 2182 1114 2227 cur
1136 2182 1194 2225 non
1217 2161 1307 2243 plane
1329 2162 1410 2223 idem
1426 2180 1493 2225 oum
1507 2158 1566 2223 Sole

234 2250 297 2313 iter
333 2250 503 2314 observat?
569 2250 699 2315 Omnino
736 2250 854 2334 itaque*
881 2252 1039 2327 concludo,
1087 2252 1235 2332 siquidem
1271 2270 1346 2313 vera
1380 2250 1424 2313 sit
1459 2250 1567 2313 unirer·

234 2338 343 2401 saliter
365 2340 517 2423 Tycbonis
538 2340 639 2405 Brabe
663 2343 817 2405 sententia
838 2342 876 2405 de
899 2348 1066 2425 systemate
1089 2342 1248 2415 mundano,
1274 2340 1319 2405 sic
1341 2358 1410 2401 esse
1428 2338 1568 2421 accipien-

233 2428 313 2505 dam,
337 2436 372 2491 ut
394 2438 529 2493 centrum
553 2432 731 2513 systematis
752 2432 941 2513 planetarum
963 2450 1022 2493 non
1046 2431 1076 2492 iu
1100 2430 1141 2503 V,
1162 2430 1199 2505 P,
1223 2430 1277 2493 sed
1297 2429 1327 2491 in
1342 2429 1376 2505 S,
1394 2426 1426 2491 G
1443 2429 1475 2491 iu
1489 2428 1568 2511 ipsis·

232 2518 308 2581 simo
334 2516 416 2581 Solis
443 2518 552 2583 itinere
584 2530 736 2595 versetur,
767 2520 893 2601 denique
915 2520 946 2583 in
968 2520 1036 2601 ipso
1060 2518 1133 2583 Sole
1155 2519 1243 2595 insit,
1278 2528 1368 2599 atquo
1392 2518 1569 2599 adprimae

233 2626 286 2671 seu
310 2610 442 2669 ccoeutri
467 2608 715 2691 inaequalitatem
738 2631 757 2672 a
780 2610 912 2673 secunda
935 2608 1120 2672 liberandam
1150 2608 1193 2671 sit
1214 2608 1356 2671 utendum
1379 2604 1570 2689 oppositioni-

231 2696 290 2759 bus
312 2696 456 2777 planetae
478 2716 545 2759 curu
567 2700 724 2778 apparenti
742 2700 808 2761 loco
825 2698 916 2773 Solis,
939 2718 998 2761 non
1013 2698 1200 2759 commedio.
1238 2696 1338 2769 Quam
1353 2694 1571 2779 rationemipte
1600 2737 1631 2781 ,ς

234 2784 374 2847 Brahens
396 2788 559 2867 postremis
581 2786 764 2867 temporibus
788 2806 846 2849 non
862 2787 1012 2867 gravatim
1025 2796 1074 2849 est
1092 2786 1260 2867 amplexus.
1299 2786 1468 2847 Videamus
1479 2784 1570 2868 igitur,
1599 2826 1631 2868 μ.

231 2872 301 2951 qnid
323 2872 354 2935 in
378 2874 546 2937 ecocntrico
568 2876 751 2939 immutetur.
796 2878 942 2941 Burman
962 2876 1063 2959 ipitur
1087 2874 1139 2959 (ut
1157 2868 1269 2959 prius)
1298 2894 1370 2937 curn
1392 2872 1453 2961 Sol
1479 2876 1572 2939 aaa
1602 2924 1616 2949 ,

225 2962 319 3028 ,linea
340 2960 406 3037 ΒΟ,
428 2972 463 3027 ut
484 2966 520 3027 in
542 2962 583 3033 G,
610 2972 640 3027 et
665 2962 805 3049 plorata,
819 2966 855 3029 in
876 2968 902 3027 F
924 2968 1087 3049 oppositus
1109 2974 1227 3049 puncto
1249 2964 1292 3039 P,
1325 2965 1386 3027 erit
1408 2964 1573 3047 Pptmrta,
1599 3009 1631 3045 a

232 3048 305 3115 Soli
325 3052 391 3133 ipsi
413 3050 450 3113 G·
466 3054 644 3137 oppositum·
664 3054 773 3139 itaque
793 3056 878 3119 idern
896 3052 1047 3139 planetae
1060 3054 1148 3119 toras
1166 3054 1332 3137 apparebit
1349 3054 1407 3117 eat
1421 3054 1507 3135 fiais
1522 3054 1572 3139 pse,
1598 3093 1631 3136 ¹

230 3140 349 3203 linoarn
372 3136 439 3217 GF,
461 3144 527 3205 eiua
548 3164 587 3205 ea
608 3145 651 3207 eit
673 3146 824 3209 continua
845 3164 915 3209 cnm
936 3144 1024 3207 lirosa
1047 3142 1099 3207 ΟΡ
1121 3146 1185 3207 siue
1208 3164 1279 3207 caan
1301 3140 1389 3205 linea
1411 3138 1481 3219 CG,
1504 3136 1574 3227 quiq

228 3231 366 3311 unaque
386 3250 452 3291 rena
472 3232 580 3309 sactae
593 3232 773 3297 eunttinea.
816 3234 957 3317 upupa
978 3232 1078 3315 ipitnr
1098 3236 1223 3297 rationo
1241 3230 1373 3313 planeta
1386 3250 1459 3295 uere
1471 3221 1575 3312 44ιᾷ

232 3326 279 3381 ast
302 3318 528 3401 inaequalitate
549 3322 696 3385 secunda.
732 3322 945 3387 accurabat
966 3324 1013 3385 act
1032 3326 1086 3387 sui
1108 3322 1271 3385 eccautrioi
1292 3320 1379 3385 latae
1399 3340 1458 3383 seu
1479 3314 1584 3474 laq

231 3408 360 3471 tuotiroea
380 3410 504 3473 medius
525 3410 616 3485 aenio,
640 3410 819 3495 differentia
836 3414 917 3477 satie
937 3432 1057 3493 acapna
1079 3412 1251 3475 interuenit.
1288 3408 1388 3473 luerit
1409 3412 1495 3475 eamr
1514 3404 1548 3470 ιι]

230 3500 266 3559 in
288 3494 312 3557 S
335 3504 366 3559 at
388 3498 565 3561 inveniatur·
587 3498 673 3563 linea
693 3503 795 3565 maelii
815 3510 918 3565 rnotus
932 3501 1020 3566 Solis
1035 3498 1093 3563 GV
1109 3504 1144 3563 iro
1164 3500 1275 3563 Ariete
1296 3506 1325 3563 et
1347 3496 1434 3561 lintea
1452 3496 1571 3563 aaron·

230 3584 381 3669 planetae
397 3586 452 3649 CO
475 3590 512 3651 in
524 3590 630 3653 Libra-
646 3594 793 3673 manaim
815 3590 866 3653 illi
888 3592 1042 3673 opposita,
1063 3596 1101 3651 ut
1121 3592 1163 3653 ait
1180 3586 1267 3651 VCO
1290 3610 1354 3651 ram
1377 3586 1474 3651 tirooa.
1504 3584 1572 3649 aar

230 3676 331 3757 ipitur
353 3672 404 3739 CS
426 3681 623 3758 superauerit
647 3680 718 3752 CV,
742 3700 901 3762 apparens
927 3682 1026 3759 iyitnr
1053 3676 1141 3741 locus
1164 3676 1252 3740 Solis
1273 3685 1319 3739 eet
1344 3675 1434 3742 ultra
1455 3672 1571 3761 opposi-

229 3766 346 3828 tionem
369 3786 441 3829 curn
458 3766 599 3849 planata.
641 3769 779 3849 Cererique
797 3792 858 3851 par·
880 3770 963 3831 lter-no
979 3788 1083 3831 rarum
1103 3769 1306 3830 tractationem
1329 3774 1471 3829 cerarum
1481 3772 1570 3849 apae

231 3858 328 3917 ruatis
344 3854 526 3936 planetarii
548 3860 590 3917 sit
611 3878 674 3919 aon
694 3858 731 3921 in
748 3858 773 3916 V
798 3860 855 3920 sert
876 3860 912 3919 in
927 3856 960 3933 S,
977 3856 1111 3939 plarreta
1133 3858 1168 3919 in
1184 3855 1238 3918 00
1262 3864 1411 3937 spectato,
1436 3852 1572 3919 ommate

230 3944 329 4025 initur
352 3946 384 4018 S,
410 3944 437 4005 (l
461 3947 571 4027 siquis,
596 3949 656 4009 erit
681 3946 705 4010 C
731 3948 835 4009 Terra
857 3956 947 4009 entra
971 3944 1089 4008 liruurrn
1112 3945 1179 4019 SO,
1205 3967 1305 4027 praetre
1332 3946 1413 4007 crisio
1432 3942 1571 4026 planctae

226 4052 286 4113 par
310 4031 365 4093 CO
389 4032 507 4097 liriacum
537 4036 642 4098 adtrac
674 4034 838 4115 [triplicata
867 4035 1089 4115 inaequalitati
1119 4035 1283 4095 semirutae.
1330 4034 1441 4115 Neque
1472 4030 1572 4097 coia

227 4124 402 4201 posteriorc
424 4130 561 4205 lantpero
583 4134 683 4206 urcryrat
707 4127 741 4187 in
764 4128 994 4206 correaqruurtiu,
1019 4134 1053 4186 ut
1077 4132 1253 4206 ‹pyrorratur
1276 4126 1340 4205 ipsi
1364 4120 1425 4197 CS,
1449 4122 1507 4185 soal
1527 4142 1572 4183 aa·

233 4212 340 4272 caudet
362 4232 469 4272 cursura
493 4212 559 4286 Cr,
594 4216 670 4293 quia
697 4222 799 4275 neotus
823 4213 910 4275 Solio
933 4222 961 4275 at
985 4237 1049 4277 ιιιιιι
1073 4216 1171 4275 sarriri
1202 4216 1381 4294 spontanae
1406 4210 1574 4293 planetarii

231 4302 430 4379 orrrninrrrqae
453 4302 520 4384 ejrrs
536 4305 682 4383 partium
707 4305 831 4383 (itaqu-o
853 4312 882 4365 et
905 4304 1006 4385 ipsius
1029 4302 1055 4363 0
1077 4302 1225 4384 ploratur
1248 4312 1276 4363 ct
1298 4303 1325 4361 L
1349 4302 1450 4364 carrrtri
1477 4322 1573 4365 eccen-

230 4385 321 4467 triti)
347 4398 391 4451 est
414 4412 435 4452 a.
457 4391 544 4453 lirosa
568 4390 622 4452 CO
654 4413 762 4453 'iterent
784 4394 809 4452 F
831 4414 959 4456 seersum
988 4402 1015 4453 ct
1046 4392 1142 4456 rnrrlto
1176 4390 1324 4465 celerior,
1359 4410 1454 4471 queam
1484 4396 1576 4453 naono

230 4480 397 4540 ecororrtriri
419 4478 465 4540 erl
483 4478 632 4561 placeretur
655 4483 689 4543 in
710 4480 736 4541 0
761 4482 847 4542 circa
861 4474 897 4555 L,
922 4502 941 4542 a
961 4490 1078 4563 patriota
1095 4483 1120 4541 ll
1145 4500 1253 4543 rursus
1277 4482 1455 4562 insaniora:
1478 4484 1577 4563 itaque

232 4567 258 4630 Ο
282 4574 368 4630 rnatu
390 4589 452 4629 uon
474 4572 638 4631 oceauotriai
656 4573 788 4652 proprio
812 4572 869 4632 sert
892 4579 1040 4632 ears-aneo
1064 4572 1239 4633 retrahitur
1268 4567 1413 4631 morositati
1435 4572 1471 4632 in
1495 4578 1578 4633 arite-

230 4658 382 4733 caleatia,
405 4665 441 4720 ut
463 4659 589 4739 qroirlorn
608 4681 668 4741 par
690 4680 723 4721 sa
742 4668 870 4733 corntat,
892 4660 1041 4741 planatae
1063 4663 1098 4722 iu
1118 4660 1311 4741 oppositione
1334 4679 1404 4721 onan
1421 4658 1499 4723 Sole
1521 4678 1580 4721 esea
1624 4736 1631 4746 .
