3278 5550
166 304 229 375 188
652 304 691 359 De
709 300 818 359 Motibus
837 308 931 361 Stellae
949 308 1040 363 Martis

163 489 273 550 lineam
297 489 344 566 δβ,
369 495 400 549 et
421 486 480 566 ipsi
504 488 538 566 βγ
561 488 696 569 aequalis
720 490 774 549 fiat
796 490 847 564 βμ,
871 490 960 568 plane
985 491 1061 553 situs
1086 488 1202 551 itineris
1224 484 1392 568 planetarii
1408 503 1488 547 mane

165 579 219 639 sed
244 579 367 658 planeta
391 596 448 638 non
473 577 501 636 iu
525 602 534 636 ι
557 578 659 638 sedin
684 600 701 655 η
724 580 757 638 fit
780 578 986 653 tardissimus
1021 579 1169 640 tarditate
1197 576 1337 659 physica.
1387 575 1488 636 hlutatt

165 668 256 747 igitur
280 668 307 728 in
333 666 439 727 itinere
463 667 604 744 planet-ae
629 669 708 747 ‹pitod
733 668 841 727 mutari
867 687 924 728 uon
948 677 1059 748 potest,
1086 668 1156 748 quia
1179 666 1306 748 physica
1316 664 1488 727 tarditasnt

165 768 197 816 ut
221 758 323 834 optica
346 757 385 815 ad
409 756 637 817 observatorum
662 756 807 817 visionem
831 757 973 836 sequitur.
1014 758 1081 818 Etsi
1106 776 1176 818 vero
1199 753 1243 818 20
1268 755 1377 816 diebus
1396 753 1488 832 planet

165 846 242 906 idem
276 868 307 919 ιη
339 845 397 906 iter
420 846 597 918 conticeret,
632 846 709 925 qnod
729 842 762 906 ‘in
788 872 808 906 n
831 847 943 925 majus,
978 847 1006 907 in
1030 852 1048 906 ὃ
1071 846 1169 907 minus
1193 854 1341 924 apparet:
1367 852 1488 904 tamem

165 942 269 1013 partes
293 935 379 1013 hujus
404 935 548 1014 temporis
573 935 762 1009 consideres,
787 935 980 997 vehementer
1004 935 1175 997 turbabitur
1199 934 1278 995 ratio
1302 930 1488 1013 applicationi

166 1042 267 1097 earum
290 1024 328 1084 ad
353 1032 456 1102 partes
481 1022 569 1101 hujus
594 1023 720 1097 itineris,
746 1025 895 1105 multoque
920 1024 1017 1104 magis
1042 1025 1069 1084 in
1095 1023 1232 1103 partibus
1257 1022 1335 1097 aliie,
1362 1040 1437 1103 qnae
1459 1038 1488 1081 no

168 1124 236 1173 sunt
259 1113 438 1190 interjectae
463 1113 541 1174 inter
565 1113 660 1172 lineas
684 1135 724 1188 ιη.
773 1113 912 1190 Inprimis
936 1114 1101 1175 mutabitur
1120 1113 1197 1173 visui
1214 1113 1241 1173 in
1258 1132 1346 1174 asna
1362 1108 1488 1191 aequatio

166 1220 234 1263 num
258 1203 414 1282 quantitas
438 1201 629 1277 notabiliter,
664 1203 688 1262 si
714 1201 741 1261 ei
765 1203 813 1282 qui
838 1209 886 1262 est
908 1202 979 1263 in'd
1003 1203 1059 1263 hoo
1084 1202 1244 1282 eripueriS,
1283 1202 1439 1281 planetam
1459 1214 1488 1259 ot

166 1292 196 1351 in
221 1317 230 1351 ι
253 1291 458 1352 tardissimum
483 1310 560 1364 esse,
585 1291 640 1350 hoo
665 1300 712 1350 est
737 1292 762 1352 si
786 1299 926 1370 punctum
951 1292 1110 1373 aequantis
1135 1311 1200 1370 exy
1224 1291 1252 1350 in
1277 1316 1299 1365 μ
1319 1286 1488 1350 transtuleri

167 1380 268 1441 Ducta
292 1380 370 1441 enim
394 1390 478 1441 reeta
501 1400 554 1460 per
568 1402 609 1458 γμ
633 1379 660 1439 in
677 1381 934 1440 circumferentiae
958 1390 1099 1460 punctum
1114 1404 1137 1455 o,
1164 1392 1196 1441 et
1210 1379 1355 1440 connexis
1370 1403 1399 1453 a,
1414 1399 1438 1449 a,
1459 1394 1488 1437 or

168 1470 235 1529 sola
267 1471 342 1530 haec
372 1470 511 1550 aequatio
544 1492 601 1543 arn
630 1469 764 1548 aequalis
793 1469 883 1547 priori
915 1489 978 1548 noy;
1011 1489 1103 1549 supra
1129 1493 1145 1530 o
1168 1488 1240 1531 vero
1264 1468 1488 1550 aequatiouest

167 1568 298 1633 perant
322 1558 468 1630 minores,
506 1558 585 1619 infra
608 1581 623 1618 a
646 1559 795 1637 majores:
829 1567 862 1619 ut
894 1559 965 1635 inp
995 1561 1121 1637 angulus
1154 1582 1215 1635 μηα
1238 1559 1333 1618 multo
1358 1564 1407 1617 est
1428 1554 1488 1621 min

169 1667 257 1727 quam
281 1671 342 1726 γηα.
390 1648 463 1709 Turn
488 1656 587 1708 autem
611 1667 706 1727 neque
732 1648 843 1708 factum
869 1647 912 1708 sic
937 1658 992 1721 est,
1019 1650 1096 1729 quod
1121 1649 1369 1719 institueramus;
1393 1643 1488 1711 nond!

111 1808 118 1823 ι
170 1737 287 1798 seilicet
310 1738 390 1816 prior
415 1739 511 1798 forma
534 1737 736 1817 hypotheseos
761 1737 849 1815 plane
874 1738 1041 1797 constituta
1064 1747 1121 1798 est.
1168 1738 1235 1798 Non
1262 1736 1342 1797 enim
1366 1743 1399 1796 ut
1420 1734 1454 1811 ad

169 1829 204 1904 βγ
226 1826 269 1886 sic
293 1828 330 1903 δβ
354 1828 392 1886 ad
417 1828 476 1903 fn:
502 1847 571 1887 nam
595 1828 636 1903 βμ
660 1827 793 1906 aequalis
818 1834 866 1885 est
889 1827 945 1905 ipsi
969 1827 1011 1905 βγ,
1037 1838 1070 1886 at
1094 1828 1130 1902 δβ
1154 1826 1248 1904 major
1270 1845 1360 1907 qnam
1379 1825 1426 1900 αβ.
1458 1824 1488 1885 ξ

171 1925 272 1976 autem
298 1916 395 1975 facias
420 1925 452 1976 ut
477 1918 516 1991 αβ
541 1916 578 1975 ad
602 1917 636 1993 βγ
660 1916 702 1974 sio
727 1917 764 1990 dd
787 1915 825 1975 ad
849 1917 899 1991 βμ,
925 1918 1019 1994 rnajor
1042 1917 1094 1975 fiet
1116 1918 1158 1989 βμ
1181 1934 1269 1995 quam
1293 1916 1336 1994 βγ.
1369 1912 1448 1976 Unde

171 2005 279 2085 quitur,
313 2006 407 2065 multo
441 2006 537 2083 magis
561 2004 698 2064 vitiatum
725 2005 759 2064 iri
785 2004 860 2064 risui
885 2004 915 2065 in
939 2030 959 2064 a
983 2024 1066 2064 suam
1091 2005 1318 2085 aequationem,
1351 2012 1382 2064 et
1404 2000 1488 2083 quit*

171 2095 264 2154 etiam
290 2096 461 2167 maximam,
486 2101 608 2174 propter
633 2101 751 2153 auctam
772 2093 889 2153 scilicet
906 2094 1172 2155 eccentricitatem.
1210 2094 1279 2154 Non
1295 2101 1412 2153 tantum
1430 2091 1488 2169 ig

171 2183 231 2244 alio
269 2183 335 2243 loco
373 2184 497 2262 planeta
532 2184 646 2243 futurus
680 2189 727 2241 est
755 2182 946 2242 tardissimus
971 2202 1058 2262 quam
1081 2183 1179 2261 prius,
1214 2182 1267 2242 sed
1293 2183 1384 2242 etiam
1408 2179 1488 2240 ali=

90 2264 97 2279 ⁸
172 2273 291 2353 quidem
325 2273 438 2351 majore
472 2270 626 2333 tarditatis
651 2290 738 2332 verae
773 2291 920 2334 mensura.
955 2273 1095 2351 Apparet
1118 2271 1229 2352 itaque,
1255 2270 1488 2351 aequipollen-

173 2361 262 2422 nobie
287 2362 454 2440 expetitam
478 2361 593 2422 institui
618 2380 674 2421 non
699 2379 788 2439 posse
812 2361 942 2437 trajecta
965 2362 1045 2421 linea
1069 2362 1205 2440 apsidum
1229 2379 1267 2420 ex
1290 2367 1308 2442 d
1331 2379 1385 2441 per
1407 2360 1425 2436 β
1444 2384 1480 2407 -

173 2461 253 2512 trum
278 2452 452 2525 eocentrici;
478 2470 601 2530 eumque
626 2450 713 2510 simul
736 2451 878 2528 patuerit,
903 2450 1007 2531 quanti
1030 2451 1163 2524 intersit,
1189 2458 1221 2510 ut
1244 2450 1323 2511 idem
1348 2472 1362 2528 y
1383 2464 1488 2528 punc:

174 2541 332 2621 aequantia
364 2541 544 2609 retineatur,
581 2540 698 2600 omnino
729 2539 820 2617 igitur
851 2550 903 2600 aut
931 2540 987 2599 hae
1018 2540 1266 2618 perrumpendum
1300 2548 1354 2599 aut
1377 2556 1488 2617 nusp-

266 2628 347 2700 Quid
380 2649 451 2709 ergo
483 2630 612 2690 futurum
641 2638 703 2702 est,
737 2628 762 2688 si
791 2648 828 2689 en
853 2635 870 2688 ὁ·
893 2648 970 2688 nova
994 2629 1073 2688 linea
1097 2629 1233 2706 apsidum
1256 2647 1311 2707 per
1334 2651 1348 2706 γ
1371 2627 1488 2707 antit-

164 2719 334 2800 ¹aequantia
366 2727 509 2799 punctum
541 2718 710 2796 trajiciatur
739 2725 770 2777 et
802 2737 879 2777 nora
912 2718 1088 2798 hypothesis
1119 2717 1262 2797 antiquae
1299 2717 1488 2778 conforme·-=

158 2810 289 2877 ,nilion
313 2808 338 2869 si
362 2817 495 2869 centrum
519 2807 678 2868 eocentriei
703 2825 739 2866 ex
763 2808 783 2882 β
805 2807 833 2866 in
859 2807 968 2868 lineam
991 2811 1023 2884 dy
1045 2816 1270 2885 transponatur,
1295 2806 1406 2886 fiatque
1427 2824 1447 2864 n·
1484 2854 1488 2859 .

157 2888 212 2961 ‘atl
233 2900 268 2976 βγ
291 2897 334 2958 sic
358 2902 401 2958 ὅθ
424 2898 463 2957 ad
485 2902 533 2974 dy,
559 2904 591 2956 et
613 2897 655 2956 sit
677 2901 701 2954 o
725 2902 858 2955 centrum
874 2895 1056 2956 eccentrici‘?
1092 2896 1238 2956 Nimirum
1255 2896 1311 2955 hoo
1328 2896 1488 2956 returns:

170 2978 211 3048 uf
235 3006 292 3046 non
326 2988 415 3065 plane
445 2986 524 3046 idem
554 2985 694 3064 planetae
724 2984 779 3044 iter
807 2984 836 3043 in
866 2985 949 3044 coelo
973 2993 1105 3046 maneat.
1153 2983 1312 3046 Scribatnr
1336 2984 1413 3044 enim
1435 2996 1488 3040 Ξ

172 3076 358 3136 eocentricus
382 3074 473 3154 priori
493 3075 627 3154 aequalis
640 3077 688 3134 εκλ
702 3081 733 3133 et
747 3091 801 3152 per
814 3077 848 3145 θ,
860 3074 879 3151 β
893 3081 976 3134 recta
996 3073 1186 3134 continuatur
1206 3075 1235 3135 iu
1252 3075 1446 3135 circumferen

171 3165 241 3224 hinc
265 3163 293 3222 in
318 3163 344 3237 ξ,
369 3184 393 3235 ο,
420 3172 450 3223 et
475 3164 555 3224 illiue
579 3162 608 3223 in
633 3183 702 3240 an.
750 3161 872 3231 Quanta
896 3162 986 3241 igitur
1010 3160 1058 3223 esi
1073 3164 1127 3238 θβ,
1153 3171 1240 3224 tanta
1259 3170 1307 3224 est
1324 3172 1356 3224 et
1371 3161 1466 3234 οξθϋ

173 3262 205 3312 et
239 3260 323 3312 tanto
352 3253 471 3331 propior
502 3254 535 3312 tit
565 3252 687 3329 planeta
711 3252 738 3311 in
764 3273 781 3311 o
806 3251 862 3328 ipsi
887 3254 906 3329 β
928 3260 1072 3331 tantoque
1097 3252 1239 3313 remotior
1261 3252 1291 3313 in
1318 3274 1351 3331 ρ,
1385 3261 1488 3332 quan

172 3343 302 3422 priorem
335 3340 532 3402 ecoentrioum
566 3341 757 3401 decurrisset,
812 3339 873 3401 Sed
898 3347 928 3401 et
952 3342 980 3401 in
1005 3341 1066 3400 alia
1088 3341 1180 3419 plaga
1203 3342 1328 3421 planeta
1352 3342 1385 3401 fit
1407 3329 1488 3400 eard

174 3432 283 3504 aimus;
308 3429 390 3510 prius
414 3431 492 3490 enim
518 3431 546 3490 in
570 3455 586 3502 ι,
609 3430 727 3508 jamin
752 3453 768 3490 κ
791 3439 839 3489 est
863 3430 956 3509 apsis.
995 3432 1096 3509 Atque
1121 3449 1158 3490 ex
1173 3431 1228 3490 hac
1245 3422 1488 3511 contemperatio

174 3521 319 3589 efficitur,
351 3528 385 3580 ut
415 3520 504 3599 priori
534 3520 610 3579 visui
641 3519 670 3579 in
694 3542 714 3579 a
738 3519 902 3579 constituto
936 3518 1143 3598 relinquantur
1174 3538 1264 3599 quarn
1290 3520 1425 3599 proxime
1449 3526 1488 3575 affl

174 3609 326 3670 visiones:
352 3610 430 3688 quod
454 3609 570 3689 quidem
595 3608 642 3668 hie
667 3611 762 3668 solum
786 3609 949 3688 quaeritur.
996 3609 1032 3668 ld
1056 3615 1157 3668 autem
1175 3610 1241 3686 jam
1266 3609 1396 3669 numeris
1411 3600 1488 3687 prol!

175 3700 271 3760 bimus
295 3698 406 3759 Martis
437 3697 531 3758 motui
555 3697 767 3771 familiaribus,
802 3696 860 3757 etsi
892 3697 982 3776 paulo
1016 3697 1091 3757 alios
1114 3694 1250 3758 Braheus
1274 3697 1421 3778 prodidit,
1444 3706 1488 3775 qno

175 3788 249 3849 nihil
273 3807 327 3849 nos
351 3787 504 3866 impediet,
529 3786 577 3865 qni
601 3785 648 3847 hic
671 3794 790 3848 tantum
813 3782 1091 3864 προγυμναζομεθα.
1478 3788 1483 3793 “

251 3874 479 3940 'deminoratur
500 3877 565 3937 into
579 3876 614 3936 ia
637 3882 706 3954 byn.
745 3875 799 3938 Sit
820 3881 863 3936 do
879 3871 966 3937 3584
989 3875 1229 3938 eccentrna'totia
1245 3875 1334 3938 Solia
1357 3872 1488 3957 quamdo

175 3966 318 4051 qualium
350 3972 387 4043 dy
417 3965 632 4028 eocentracitoa
663 3966 783 4028 illontia
811 3961 940 4027 30138:
972 3972 1001 4025 n
1031 3963 1169 4055 nepotas
1197 3969 1260 4042 aoy
1290 3959 1354 4026 47⁰
1385 3959 1437 4024 59‘
1459 3952 1488 4023 ll

177 4057 356 4138 different-io
385 4074 610 4137 opopaeorom.
627 4052 716 4117 Solia
745 4061 774 4116 et
802 4053 930 4116 dlortt'a.
977 4054 1034 4115 En
1063 4050 1291 4137 tribu-'influo
1321 4054 1409 4117 dotia
1439 4058 1488 4131 err

176 4146 313 4263 dpbo'tur,
336 4166 416 4207 nocio
438 4143 557 4207 scilicet
579 4140 698 4205 Martie
720 4144 942 4215 eccentricitoa,
967 4144 1085 4222 eritqrm
1108 4120 1233 4225 279¹?ss
1252 4150 1282 4204 er
1304 4140 1443 4224 alapatus
1460 4142 1488 4219 lp

178 4233 198 4297 5
232 4231 376 4296 27¹4?ss
421 4232 786 4314 Quodot‘dyopopoeum
806 4232 900 4311 priua
915 4226 1488 4312 Μανὶίθνεροηαήσ0123030100

153 4340 156 4345 ·
181 4344 222 4403 oy
242 4344 356 4386 nouum
376 4323 497 4385 Martie
519 4340 695 4405 opoyoeum
718 4322 809 4383 cadet
831 4322 866 4382 t‘n
889 4317 949 4383 29⁰
971 4320 1002 4381 0¹
1027 4318 1070 4381 3⁰
1095 4324 1128 4393 il.
1145 4313 1186 4393 ²⁸)
1230 4320 1254 4371 ·'
1413 4370 1432 4401 μ,

268 4413 319 4474 Sit
339 4430 411 4495 opto
434 4410 476 4487 βξ
502 4408 629 4473 100000
659 4418 688 4471 et
718 4433 756 4489 oy
785 4410 900 4473 taliam
926 4405 1048 4482 18034,
1082 4429 1164 4493 qnae
1190 4406 1286 4491 priua
1315 4414 1407 4474 narr
1449 4400 1488 4473 01

179 4498 321 4583 qualium
343 4500 380 4578 dy
401 4496 520 4564 30138.
568 4499 643 4562 Erit
674 4518 747 4580 erpo
775 4498 817 4573 iro,
843 4500 903 4561 hoo
933 4499 1127 4561 dimensione
1154 4503 1190 4578 oy
1223 4494 1339 4561 19703.

67 4600 139 4681 ¹32
178 4584 374 4671 neo-nsaiano
395 4594 429 4664 o,
454 4590 474 4664 β
496 4588 666 4659 «Μάαιαν,
680 4591 720 4651 in
734 4588 941 4673 proportione
963 4587 1032 4660 toli,
1055 4595 1091 4649 ut
1113 4590 1160 4647 od
1182 4588 1226 4648 od
1247 4588 1337 4666 ont

119 4674 132 4699 ·'
179 4669 1044 4759 syonna1260notat.',ffiroo.'12352‚.oy
1075 4672 1181 4750 roth
1214 4678 1310 4755 aar
1344 4676 1379 4740 11
1430 4716 1433 4721 -

73 4806 79 4815 ·
181 4763 289 4831 6763:
318 4775 355 4829 nt
382 4766 430 4828 ito
451 4772 481 4828 et
501 4786 598 4849 anper
620 4770 637 4827 d
660 4760 701 4828 et'
718 4784 815 4849 ¹artarier
838 4790 858 4826 α
885 4772 1086 4828 cornicantur
1114 4766 1294 4849 hypothesin
1319 4768 1378 4850 pri
1403 4840 1408 4847 ,
1459 4835 1463 4843 ,

21 4850 64 4991 ᾗ
131 4952 142 4983 ι
180 4853 607 4943 oequolitotioPtolootoo'oo.
644 4838 736 4933 Dido
756 4857 792 4919 in
806 4855 999 4919 alternatione
1018 4854 1125 4938 pnes
1145 4854 1288 4936 qroolium
1306 4861 1351 4919 oo
1372 4836 1426 4922 eol

31 4998 73 5139 *a
482 4966 623 5135 stu

406 5252 442 5343 o
