3278 5550
677 296 841 380 tunnam
1362 312 1434 384 eae

120 482 202 545 nudo
224 488 332 567 (quare
356 483 410 559 551
432 491 629 573 digressionis
652 515 671 555 a
693 492 781 566 Sole)
805 492 987 573 respondere
1010 499 1133 573 putatur
1147 478 1338 571 angmentum
1353 493 1427 558 lati-

119 571 192 635 linit
216 575 298 638 circa
319 577 415 651 nodos
438 579 470 642 51
498 579 572 654 1311,
601 582 766 663 parallaxis
798 581 889 662 igitur
912 582 982 644 talis
1006 590 1055 643 cst
1076 581 1224 660 eligenda,
1254 601 1329 663 quae
1354 585 1428 645 lati-

119 660 215 727 linem
237 666 372 744 proterat
395 666 574 749 longitudini
601 672 640 733 ad
664 673 740 734 hunc
763 671 914 733 modulum
937 671 1229 751 correspondentem.
1278 671 1345 742 Quo
1368 673 1427 734 irn-

119 758 201 815 trato
223 755 414 817 certisumos
430 759 512 820 etde
528 761 721 840 longitndine,
744 759 952 834 heberario,
973 768 1005 821 et
1023 762 1058 821 de
1075 758 1234 839 parallaxi.
1272 760 1369 833 Quem
1388 763 1428 824 ad

119 842 210 904 emin
223 843 338 906 duobus
349 848 494 927 exemplis
504 868 595 928 supra
609 850 716 930 positis
732 851 861 911 tractavi
876 849 1049 928 parallaxes
1059 848 1236 923 latitudinis,
1251 858 1282 912 et
1293 851 1321 910 in
1332 851 1427 931 primo

119 928 201 993 idem
223 933 361 1012 exemplo
380 936 574 1011 longitudinis
591 940 672 1001 arcui
696 937 751 1002 521
774 936 839 1001 3511
863 937 1031 999 latitudinis
1047 937 1260 1001 incrementum
1275 940 1430 1018 competiit

135 1014 213 1096 4411,
236 1022 383 1101 parallaxi
407 1019 470 1088 561.
510 1028 555 1088 At
577 1047 642 1089 corn
665 1027 814 1109 parallaxi
838 1024 902 1101 50¹,
927 1026 1105 1105 digressioni
1120 1025 1223 1087 Lunae
1246 1027 1349 1090 aSole
1364 1027 1428 1102 511,

119 1109 285 1199 spondebat
307 1111 433 1174 variatio
450 1111 481 1176 61
504 1111 556 1189 911,
581 1116 635 1178 illa
658 1117 750 1195 igitur
771 1116 936 1196 parallanis
960 1116 1060 1178 verior
1075 1123 1133 1189 est,
1157 1134 1245 1196 quam
1266 1118 1347 1177 haec.
1391 1118 1426 1179 ln

119 1198 213 1259 cnudo
236 1219 307 1261 vero
331 1203 466 1281 exemplo
491 1212 572 1266 motu
588 1225 606 1264 a
623 1203 695 1266 Sole
713 1225 766 1286 per
793 1199 829 1265 11
852 1203 883 1267 61
907 1202 971 1268 3811
995 1204 1082 1265 Luna
1103 1204 1335 1283 deprehenditur
1353 1206 1427 1268 leti·

119 1285 215 1349 dinem
236 1296 370 1355 mutasse
394 1310 447 1370 per
470 1288 501 1355 61
530 1294 577 1367 111,
611 1294 711 1376 itaque
734 1292 899 1374 parallaxis
923 1289 976 1357 59‘
1000 1293 1041 1354 ibi
1064 1293 1201 1354 adhibita
1221 1313 1279 1355 non
1301 1296 1428 1357 multum

119 1392 189 1438 esse
211 1377 326 1458 poterit
347 1399 367 1440 a
388 1399 478 1457 vero;
503 1383 601 1444 etsie
624 1394 656 1444 et
679 1383 815 1445 horarius
838 1383 975 1463 utrinqne
999 1383 1198 1444 confirmatur.

170 1465 283 1530 Verum
310 1467 378 1547 plus
401 1470 555 1533 delectant
578 1472 652 1534 haec
674 1472 862 1554 problemata
885 1472 1022 1544 artificio,
1046 1491 1133 1552 quam
1156 1478 1283 1552 prosunt
1304 1472 1427 1535 subtili-

119 1562 150 1616 te
180 1575 376 1620 numeromm.
442 1556 679 1624 Observationes
722 1562 800 1623 enim
841 1561 960 1624 nonnisi
988 1559 1198 1624 limatissimae
1226 1560 1426 1643 requiruntur,

119 1662 159 1705 rae
182 1644 233 1705 vix
256 1664 385 1725 unquam
409 1647 513 1709 haberi
535 1659 672 1729 possunt

173 1733 336 1796 Praeterea
366 1737 543 1815 supponitur
571 1740 709 1819 cognitus
733 1736 899 1799 latitudinis
923 1738 1065 1816 angulus,
1093 1737 1130 1798 de
1154 1755 1211 1819 quo
1234 1735 1308 1799 nibil
1331 1737 1428 1799 adhuc

119 1819 204 1883 ictum
252 1823 292 1884 Et
315 1825 385 1904 quia
408 1828 501 1887 multo
526 1831 623 1906 magis
646 1829 772 1909 prodest
795 1827 842 1888 hic
865 1826 970 1890 modus
990 1826 1159 1906 arguendae
1175 1826 1323 1905 parallaxi
1342 1845 1428 1890 cras-

119 1909 156 1971 uri
178 1911 325 1988 Minerva,
350 1933 439 1994 quarn
465 1915 594 1990 horario,
618 1918 750 1999 pertinet
772 1915 866 1996 igitur
887 1916 924 1976 ad
949 1915 1115 1996 sequentia.

119 2056 125 2077 ,
155 2000 278 2085 Ι1118ιί8
302 2002 393 2081 igitur
416 2003 463 2064 his
478 2003 592 2065 duobus
612 2006 706 2067 modis
722 2007 858 2068 horarios
874 2004 1063 2078 observandi,
1086 2012 1275 2066 transeamus
1290 2003 1329 2067 ad
1343 2005 1429 2080 alios,

119 2089 244 2170 equibus
267 2110 325 2152 non
348 2099 463 2153 tantum
481 2093 552 2154 nihil
569 2092 837 2157 indemonstratum
853 2092 1113 2175 praesupponitur,
1138 2094 1297 2156 sedetiam
1311 2093 1430 2173 magni-

119 2175 154 2238 tdn
187 2178 252 2258 ejus
280 2180 340 2255 rei,
373 2200 411 2242 ex
434 2201 492 2260 qna
514 2183 744 2261 ratiocinamur,
778 2184 943 2263 pleniorem
970 2182 1059 2244 iidem
1086 2180 1162 2243 facit
1191 2182 1271 2244 circa
1297 2182 1328 2244 id
1353 2181 1431 2262 quod

119 2266 292 2329 rtiocinando
316 2270 531 2335 concludimus.
1313 2294 1318 2309 ·

168 2356 274 2418 Motus
298 2357 402 2419 Lunae
426 2360 584 2441 oppositae
608 2360 672 2423 Soli
694 2361 732 2422 ad
757 2377 884 2439 unguem
904 2359 1047 2438 aequales
1064 2376 1132 2420 esse
1151 2357 1281 2420 motibus
1298 2357 1432 2437 ejusdem

119 2445 260 2526 ajunctae
285 2445 351 2509 Soli
380 2449 492 2510 ceteris
515 2448 647 2529 paribus,
672 2450 860 2513 tritissimum
887 2458 934 2509 est
957 2447 1033 2530 apud
1059 2454 1257 2509 astronomos.
1304 2445 1336 2509 Si
1360 2465 1432 2526 ergo

119 2534 301 2598 ediderimus
325 2536 462 2613 horarios
486 2538 515 2598 in
532 2539 779 2617 oppositionibus,
803 2537 824 2599 ii
839 2537 982 2600 valebunt
999 2544 1030 2597 et
1044 2537 1072 2598 in
1088 2535 1355 2616 conjunctionibus.
1397 2535 1432 2599 Si

119 2620 144 2684 is
175 2624 233 2685 boc
265 2624 445 2705 principium
470 2645 581 2706 negare
612 2627 741 2688 voluerit
765 2627 960 2701 astronomis,
998 2626 1075 2707 quod
1101 2625 1218 2705 quidem
1242 2643 1280 2685 ex
1302 2624 1431 2686 omnium

119 2729 200 2775 rrum
225 2712 444 2794 hypothesibus
468 2715 611 2796 sequitur,
637 2715 772 2778 convinci
795 2717 822 2776 is
846 2716 957 2796 poterit
978 2735 1123 2777 consensu
1141 2714 1332 2788 horatiorum,
1358 2732 1431 2794 qnos

119 2811 229 2863 ctenns
253 2803 308 2864 sub
331 2804 460 2864 articulo
484 2805 726 2885 conjunctionum
750 2805 1016 2883 investigavimus,
1042 2823 1107 2865 cum
1131 2804 1178 2877 iis,
1203 2802 1251 2883 qui
1271 2803 1335 2881 jam
1359 2822 1431 2882 pro-

119 2901 188 2952 sunt
211 2910 250 2952 ex
273 2891 556 2972 oppositionalibus.
603 2894 748 2955 Horarius
772 2913 843 2955 vero
868 2894 1089 2972 oppositionum
1111 2893 1238 2953 habetur
1262 2892 1369 2967 t'acile,
1393 2891 1429 2966 si,
1528 2904 1533 2913 ·

119 2989 227 3068 autum
258 2982 346 3042 Luna
383 2982 465 3045 circa
498 2981 717 3062 oppositionem
750 2983 941 3063 progreditur
972 2983 1001 3044 in
1034 3000 1092 3043 uno
1120 2981 1169 3043 die
1198 2981 1343 3055 naturali,
1376 2998 1432 3042 ex·

119 3081 226 3132 iretur.

168 3157 228 3220 ΙΙΙ.
263 3157 394 3220 Dinrnoa
428 3158 520 3237 igitur
544 3157 648 3220 Lunae
678 3165 776 3221 motus
799 3158 937 3224 Braheus
966 3167 1001 3221 ut
1023 3158 1199 3220 observaret
1220 3157 1296 3219 citra
1319 3159 1431 3220 mixtu-

119 3267 144 3309 m
168 3247 377 3328 parallaxeon,
403 3248 478 3309 hanc
502 3245 582 3308 viam
608 3255 655 3308 est
673 3248 837 3327 ingressus,
862 3258 895 3310 ut
914 3248 1093 3330 exploraret,
1118 3247 1235 3327 quando
1249 3247 1335 3308 Luna
1350 3256 1434 3309 esset

133 3336 332 3415 nonagesimo
357 3337 453 3415 gradu
477 3357 496 3397 a
518 3344 628 3417 puncto
653 3337 810 3416 ecliptieae
834 3338 959 3399 oriente.
1005 3337 1087 3399 Tunc
1110 3337 1187 3399 enim
1210 3337 1305 3399 omnis
1328 3338 1433 3417 paral-

119 3425 164 3487 ris
190 3425 220 3485 in
247 3427 339 3486 latum
363 3426 450 3497 abit,
482 3425 555 3487 nihil
580 3426 610 3486 in
635 3425 764 3505 longum
812 3426 857 3488 Eo
881 3426 925 3487 sic
949 3427 1029 3488 lecto
1054 3425 1168 3486 duobus
1191 3426 1338 3487 continuis
1361 3426 1429 3488 die-

119 3534 137 3576 s
164 3515 246 3575 circa
269 3514 501 3594 oppositionem,
526 3514 614 3579 facile
639 3515 738 3592 patuit
759 3515 862 3577 Lunae
887 3514 1009 3576 diurnus
1032 3523 1131 3576 motus
1153 3532 1252 3575 verus.

174 3605 264 3665 Anno
291 3600 382 3666 1595.
408 3600 437 3667 8.
463 3601 533 3665 Oct.
558 3623 644 3664 mane
670 3604 726 3664 fuit
748 3604 897 3686 oppositio
912 3603 1015 3666 Lunae
1039 3611 1071 3664 et
1088 3601 1179 3675 Solis,
1202 3602 1288 3664 Luna
1305 3602 1334 3663 in
1354 3622 1430 3684 apo-

119 3711 163 3753 .eo
188 3704 336 3756 versante.
378 3693 473 3772 Igitur
494 3691 686 3771 praecedenti
709 3711 833 3772 vespera
856 3694 885 3754 b.
910 3689 939 3755 9.
965 3690 1018 3756 241
1042 3691 1123 3753 circa
1146 3692 1373 3770 nonagesimum.
1391 3693 1430 3754 ab

119 3791 152 3843 tu
192 3799 247 3860 per
283 3781 520 3845 observationem
555 3781 677 3841 inventa
709 3793 755 3841 est
781 3783 812 3842 in
847 3776 903 3844 181
933 3779 1063 3858 171Υ,
1094 3799 1159 3842 cum
1186 3781 1341 3843 latitudine
1365 3782 1431 3842 visa

119 3865 125 3900 ’
158 3867 210 3931 121
239 3871 413 3931 meridiana.
465 3869 615 3950 Sequente
646 3888 774 3949 vespera
797 3867 826 3933 8.
853 3869 921 3932 Oct.
947 3871 976 3932 h.
1004 3869 1053 3932 11.
1078 3866 1147 3945 221,
1181 3871 1293 3931 oriente
1325 3864 1363 3933 9⁰
1394 3875 1430 3946 ii,

119 3978 155 4020 sa
180 3958 341 4021 observata
365 3959 421 4021 luit
444 3958 472 4019 in
502 3952 656 4042 11261121
680 3959 717 4034 ὅ,
742 3959 859 4021 distans
882 3956 922 4022 8⁰
944 3980 962 4020 a
984 3959 1186 4039 nonagesimo.
1233 3957 1307 4021 Cum
1330 3967 1431 4021 autem

119 4041 372 4123 ’ssdistareta
401 4048 513 4109 vertice
538 4048 657 4110 circiter
679 4043 753 4124 451,
791 4048 891 4127 itaque
923 4049 1088 4128 parallaxis
1120 4050 1304 4125 μηκοπλατης
1335 4044 1377 4111 56
1400 4048 1431 4110 in

119 4137 244 4198 vrizome
268 4147 352 4199 esset
373 4132 428 4200 101
451 4136 585 4210 circiter,
616 4138 652 4198 de
676 4155 735 4219 qua
758 4132 796 4200 81
819 4148 991 4217 competunt
1014 4131 1096 4221 572,
1121 4137 1237 4200 tantulo
1269 4137 1431 4216 promotior

119 4233 156 4288 at
178 4226 284 4311 Luna,
317 4226 426 4308 qnippe
457 4225 616 4306 quaejam
640 4226 669 4288 in
695 4226 879 4289 occidentem
898 4227 1103 4307 propenderet.
1150 4225 1202 4288 Sic
1224 4225 1325 4307 itaque
1348 4228 1432 4290 locus

119 4333 195 4377 unae
236 4333 324 4377 verus
365 4311 401 4378 11
436 4311 490 4379 321
523 4315 560 4390 ὅ.
615 4314 759 4377 Promota
792 4324 841 4376 est
872 4315 962 4394 igitur
993 4312 1073 4377 horis
1112 4311 1154 4378 26
1184 4315 1281 4377 minus
1315 4314 1346 4377 21
1377 4310 1431 4397 per

119 4398 239 4478 21451,
263 4403 351 4484 idque
375 4424 393 4465 a
415 4403 494 4466 fixis.
540 4403 666 4466 Interim
690 4422 759 4466 vero
783 4401 837 4477 Sol
861 4404 899 4464 ab
922 4403 1028 4467 iisdem
1050 4404 1118 4466 fixis
1131 4413 1283 4483 promotus
1297 4417 1346 4467 est
1361 4423 1432 4469 arcu

119 4490 131 4526 ¹
152 4489 185 4555 21
209 4488 293 4567 2011,
319 4492 407 4555 Luna
429 4493 520 4574 igitur
543 4512 562 4553 a
585 4492 657 4555 Sole
681 4502 835 4574 promotus
859 4499 907 4553 eet
931 4489 1064 4556 111121
1087 4490 1162 4556 4011.
1210 4489 1303 4573 Cujus
1325 4494 1431 4558 distri·

119 4581 213 4645 ronne
240 4582 327 4644 lacta
355 4581 384 4645 in
414 4581 504 4644 horas
533 4576 575 4644 26
599 4582 697 4644 minus
720 4576 771 4655 21,
808 4581 891 4642 venit
912 4582 961 4643 uni
984 4583 1075 4644 horae
1099 4580 1152 4643 271
1174 4578 1227 4645 811.
1273 4582 1379 4666 Itaque
1402 4582 1431 4645 in

119 4688 158 4734 ao
179 4676 291 4751 puncto
314 4672 430 4745 medio,
472 4671 591 4750 quando
623 4669 802 4732 acceleratio
826 4654 1013 4747 (copuilrum
1033 4670 1167 4752 propria)
1195 4671 1294 4734 estin
1318 4686 1431 4734 summo

119 4758 208 4839 igere,
231 4758 321 4845 plane
343 4758 510 4823 consimile
531 4767 587 4831 est,
610 4758 761 4823 horedum
783 4776 851 4820 esse
874 4755 928 4821 271
955 4758 1025 4822 1211.
1060 4761 1165 4822 Potest
1179 4759 1258 4822 enim
1271 4769 1304 4823 et
1317 4762 1431 4823 ratione
