3278 5550
141 274 208 347 674
742 274 783 329 De
804 275 886 327 Laus.

143 466 262 521 auctam
286 412 468 532 adhibueris,
494 455 610 537 qualem
627 455 728 538 Tycbo
753 454 981 535 deprehendit
974 474 1003 515 ιιι
1027 448 1273 534 quadrantibus,
1296 448 1384 511 multo
1402 449 1474 529 najot

143 556 175 611 et
196 545 396 628 prodigiosior
419 547 493 607 haec
516 545 683 625 parallaxis
707 544 825 607 evadet
864 544 943 616 Quin
973 542 1067 622 igitur
1098 541 1221 603 falsum
1246 538 1297 600 hic
1330 537 1383 601 loci
1402 539 1475 599 adni-

144 637 229 709 serit,
253 635 384 696 dubitari
407 655 466 697 uon
490 634 589 696 debet.

232 723 368 805 Denique
392 743 450 785 non
475 723 551 785 levis
574 722 715 784 momenti
740 739 822 784 error
846 723 903 784 fuit
926 720 1004 801 apud
1029 700 1154 781 veteres
1177 717 1255 778 inde
1279 717 1319 777 ab
1336 716 1477 798 Hipparcho
1526 750 1527 754 =

145 833 238 894 usque
263 812 303 874 ad
325 812 506 893 Tychouem,
531 813 609 892 quod
633 831 699 874 curn
723 811 888 873 diametros
908 811 1011 872 Lunae
1034 816 1068 870 et
1090 806 1258 871 umbrae'
1248 825 1279 868 m
1303 814 1385 868 certa
1405 806 1479 887 aliqu
1525 806 1527 845 ³

146 902 270 985 epioycli
293 909 380 980 parte
405 912 506 962 essent
529 901 665 973 dimensi,
691 900 800 962 ceteris
815 900 940 983 epioycli
966 897 1039 963 locis
1053 898 1166 960 vitiose
1190 896 1366 959 diametros
1386 914 1479 957 accon
1525 896 1527 933 ³

145 993 320 1064 moderent,
355 1009 391 1050 eo
415 991 493 1071 quod
516 991 650 1071 epioyclo
674 988 795 1051 nimiam
829 990 995 1051 tribuerent
1019 986 1269 1068 amplitudinem
1317 986 1396 1047 Fons
1415 980 1478 1065 haja
1524 985 1527 1023 ³

146 1081 190 1144 rei
212 1079 342 1143 scaturit
363 1098 402 1139 ex
426 1078 607 1140 desideratis
635 1078 882 1181 inaequalitatum
911 1078 1030 1151 causis,
1064 1085 1095 1138 et
1118 1074 1311 1138 redundat'
1302 1095 1334 1136 m
1357 1075 1479 1156 utriusqe
1524 1098 1527 1111 ¹

59 1202 63 1209 ·
147 1168 301 1232 luminaris
334 1178 456 1229 motum.
503 1168 623 1229 Etenim
656 1187 721 1229 cnm
753 1177 836 1229 esset
866 1169 895 1230 io
930 1168 1088 1241 confesso,
1127 1164 1274 1226 tardiora
1306 1163 1401 1226 videri
1427 1183 1478 1244 qua
1524 1164 1527 1169 '

147 1259 266 1338 longius
290 1257 498 1332 abstitissent,
522 1258 684 1336 eademque
708 1257 855 1319 celeriora
878 1257 927 1319 ubi
951 1253 1074 1337 propius
1098 1253 1328 1327 accessissent,
1359 1270 1412 1316 nec
1431 1252 1478 1316 illel
1524 1252 1527 1292 ²

148 1347 347 1428 ignoraretur,
369 1346 524 1420 discedere
548 1346 660 1407 lunvina
684 1357 715 1406 et
738 1347 898 1419 accedere,
927 1352 1045 1406 veteres
1073 1343 1117 1405 illi
1142 1350 1352 1424 praepostero
1375 1342 1478 1425 sequid
1525 1374 1527 1381 ,

148 1436 223 1499 tatis
242 1435 341 1497 studio
362 1454 478 1497 ornnem
493 1445 593 1496 motus
616 1434 758 1497 luminum
782 1435 990 1496 diversitatem
1007 1433 1036 1495 in
1056 1433 1111 1494 hos
1132 1433 1304 1493 abscessus
1321 1441 1353 1493 et
1371 1450 1479 1494 accestu
1525 1432 1527 1473 ἒ

148 1544 249 1587 eorum
274 1524 473 1599 contulerunt,
497 1544 572 1604 quae
599 1524 722 1585 dimidia
746 1524 841 1586 solum
863 1525 922 1585 illis
938 1524 1072 1596 debetur,
1096 1522 1218 1601 reliqua
1236 1540 1321 1600 pars,
1348 1541 1402 1583 nec
1422 1520 1479 1602 quie

149 1633 238 1696 quam
261 1622 446 1693 repugnante
464 1613 640 1693 Copernico,
664 1614 753 1693 plane
778 1633 898 1674 causam
923 1613 1016 1675 hahet
1038 1610 1206 1692 physicam,
1234 1628 1273 1671 ex
1297 1611 1370 1691 ipso
1393 1609 1480 1693 quiden

150 1722 273 1766 accessu
297 1710 329 1762 et
351 1720 471 1763 recessu
495 1702 604 1763 sideris
627 1703 833 1777 resultantem,
859 1704 912 1763 sed
937 1703 965 1762 iu
990 1700 1119 1761 secundo
1144 1707 1303 1780 respectu.

237 1793 285 1853 Ac
309 1790 339 1851 in
364 1790 460 1851 tribus
484 1790 600 1869 qrridem
632 1790 834 1870 superioribus
863 1792 937 1853 haec
961 1810 1053 1851 cansa
1081 1789 1211 1870 physica
1237 1808 1309 1850 sese
1334 1789 1481 1852 Ptolemaeo

150 1879 309 1943 manifeste
331 1879 507 1960 prodiderat
521 1878 641 1954 indicio,
666 1881 743 1959 quod
760 1878 1100 1961 amplificatioepicycli
1118 1878 1234 1958 optica,
1260 1898 1356 1958 qnam
1372 1878 1481 1958 Alpheu-

151 1989 202 2031 sus
226 1967 431 2030 diversitatem
456 1969 602 2041 diametri,
624 1968 801 2031 Prutenicae
826 1989 981 2031 excessum
1007 1967 1196 2047 appellitant,
1224 1986 1285 2029 non
1307 1967 1484 2049 respondebat

151 2076 292 2120 accessus
316 2065 347 2118 et
370 2076 506 2119 recessus
530 2058 736 2134 magnitudini,
763 2078 851 2138 quam
866 2059 1005 2138 aequatio
1025 2058 1155 2119 eccentri
1178 2057 1374 2137 requirebat,
1397 2058 1422 2118 si
1441 2055 1485 2136 quis

151 2166 217 2209 eam
248 2145 333 2208 unice
362 2165 416 2226 per
446 2156 613 2208 centrorum
647 2145 728 2208 orbis
760 2156 792 2208 et
820 2149 918 2209 mundi
949 2146 1123 2208 distantiam
1161 2145 1318 2209 niteretur
1357 2163 1484 2209 encoma.

151 2233 274 2308 Quare
298 2244 421 2297 coactus
445 2236 639 2297 Ptolemaeus
663 2244 804 2316 prunetum
834 2237 992 2317 aequantia
1017 2235 1194 2310 introducit,
1225 2253 1291 2297 rem
1317 2238 1409 2319 plane
1429 2234 1486 2316 phy·

151 2325 261 2398 sicam,
295 2324 321 2385 si
351 2325 425 2386 bens
459 2326 683 2387 considerasset
713 2346 779 2388 eam
811 2334 925 2390 auctor.
973 2322 1158 2405 Copernicus
1191 2322 1369 2388 abhorrens
1392 2325 1428 2387 ab
1446 2323 1487 2384 tu

150 2413 366 2495 inaequalitate
388 2413 522 2495 physica,
547 2435 634 2495 quam
658 2415 785 2495 putabat
808 2414 960 2495 indignam
984 2414 1108 2475 coelesti
1130 2420 1251 2485 natura,
1275 2410 1486 2477 transformarit

150 2511 329 2584 aequantem
351 2503 382 2565 in
406 2503 590 2584 epioyclium,
615 2504 739 2583 gavisus
763 2505 791 2565 in
817 2503 1012 2565 luminaribus
1034 2522 1109 2584 opus
1132 2501 1184 2563 illo
1209 2523 1269 2564 non
1296 2524 1380 2567 esse.
1426 2501 1486 2566 cae

151 2593 249 2656 lector
271 2591 473 2667 confundaris,
498 2612 555 2653 non
580 2604 628 2654 est
651 2593 721 2654 mihi
753 2613 850 2655 sermo
877 2594 912 2653 de
936 2600 1107 2655 menstruae
1136 2591 1375 2671 inaequalitatis
1397 2609 1486 2672 senm-

150 2681 230 2745 torio
254 2690 383 2761 puncto,
417 2681 495 2761 quod
528 2682 589 2743 scio
613 2682 820 2744 Ptolemaeum
851 2682 1036 2743 adhibuisse.
1083 2683 1129 2743 De
1157 2681 1256 2759 prima
1287 2681 1486 2764 inaequalitate
1523 2678 1527 2693 “

150 2769 266 2850 loquor,
290 2789 367 2850 quae
391 2789 410 2830 a
432 2779 585 2833 menstruo
609 2771 733 2833 circuitu
761 2779 894 2852 tempore
929 2770 1119 2833 discernitur.
1164 2771 1254 2831 Hanc
1283 2772 1383 2851 igitur
1404 2768 1487 2832 Ptole·

150 2880 255 2923 maens
278 2878 332 2939 per
355 2878 442 2920 uuum
467 2860 631 2941 epioyclum
663 2860 820 2922 excusavit
851 2880 975 2941 eumque
998 2866 1113 2921 tantum
1137 2858 1264 2934 statuit,
1296 2870 1335 2923 ut
1359 2860 1489 2923 sufficeret

151 2949 210 3012 toti
233 2948 412 3029 aequationi.
461 2947 646 3029 Copernicus
678 2949 875 3011 mutationem
900 2950 943 3011 illi
967 2949 1139 3010 nonnullam
1170 2949 1295 3025 attulit,
1330 2951 1386 3012 sed
1410 2949 1490 3010 itaut

151 3038 259 3101 iisdem
282 3036 437 3117 principiis
461 3038 644 3113 inhaereret,
674 3048 789 3100 tantum
813 3058 881 3100 esse
906 3048 1044 3118 oportere
1069 3036 1249 3119 epicyclnm,
1265 3032 1406 3120 'quanta
1427 3048 1490 3098 esset

153 3126 292 3206 aequatio
322 3126 427 3205 quovis
459 3134 602 3207 tempore.
650 3126 752 3199 Quare
777 3130 834 3189 etsi
864 3127 1040 3209 epioycliurn
1073 3126 1225 3207 adjunxit,
1256 3148 1319 3209 quo
1349 3124 1491 3224 primarius

153 3214 303 3296 epioyclus
328 3222 487 3292 augeretur
510 3217 557 3277 rel
582 3216 779 3293 minueretur,
803 3236 839 3280 eo
863 3227 962 3279 tamon
988 3217 1098 3281 nullam
1129 3216 1289 3295 primariae
1317 3214 1492 3317 aequatiopis

152 3312 270 3385 partem
301 3302 462 3382 expedivit
508 3305 587 3366 Nam
621 3305 693 3365 illud
717 3306 756 3366 ad
780 3315 962 3368 menstruam
987 3305 1198 3387 aequalitatem
1234 3315 1364 3384 spectat
1391 3314 1423 3367 et
1442 3304 1493 3365 vica

153 3390 331 3456 Ptolemaici
362 3393 507 3454 menstrui
540 3393 697 3474 aequantis
730 3396 871 3474 iungitur.
918 3395 1026 3458 Adhuc
1056 3413 1127 3474 ergo
1157 3391 1349 3473 Copemicus
1382 3395 1493 3475 primun

154 3481 399 3563 inaequalitatem
422 3502 476 3562 per
508 3483 602 3545 solam
636 3491 803 3546 centrorum
828 3485 1003 3547 distantiam
1027 3486 1094 3556 (seu
1128 3484 1312 3564 epioycluml
1345 3481 1493 3566 expernit

154 3571 278 3634 exclusa
301 3590 393 3632 causa
415 3572 558 3654 physica3
582 3593 639 3652 quo
664 3574 779 3633 nomine
804 3582 835 3634 et
858 3574 914 3653 ipsi
942 3573 1034 3635 nimia
1057 3573 1086 3633 in
1111 3572 1280 3634 differentia
1307 3585 1382 3637 sunt
1404 3574 1495 3634 Lunae

154 3681 173 3722 a
196 3662 289 3723 Terra
313 3660 485 3734 distantiae,
511 3663 634 3741 proinde
654 3670 685 3723 et
701 3662 838 3725 diametri
862 3663 1062 3744 aspectabiles
1078 3669 1108 3722 et
1122 3662 1271 3724 transitos
1290 3681 1350 3742 per
1363 3663 1494 3726 umbrant

155 3748 257 3833 Tycho
282 3749 440 3830 Copemici
472 3751 602 3829 vestigia
634 3751 748 3830 pressit
777 3772 870 3832 usqne
903 3753 941 3813 ad
974 3770 1082 3813 annum
1116 3747 1208 3814 1600.
1255 3753 1340 3813 Nam
1372 3752 1417 3813 illi
1450 3750 1496 3810 dno

155 3838 298 3921 epioycli,
331 3858 454 3919 quorum
493 3841 617 3901 alterins
650 3842 796 3903 diameter
836 3843 979 3904 statuitur
1014 3838 1136 3913 11000,
1170 3840 1297 3903 alterius
1328 3837 1440 3904 22000
1461 3837 1497 3910 (111

154 3928 274 4010 paginis
298 3927 492 4008 Witebergae
516 3929 605 3991 editis
629 3951 658 3992 a.
681 3928 780 4003 1599)
804 3950 882 3993 mere
908 3929 1107 4011 Copernicani
1131 3937 1215 4002 suut;
1241 3930 1360 3993 residui
1388 3929 1446 3991 duo
1467 3924 1498 3986 ad

155 4037 249 4080 novas
269 4036 323 4078 nec
343 4019 529 4081 aveteribas
545 4019 771 4081 animadversas
795 4021 1028 4102 inaequalitates
1052 4019 1218 4080 reseruntur
1237 4018 1376 4100 nihilque
1398 4017 1499 4080 hahent

155 4126 221 4169 cum
245 4106 341 4186 prima
364 4107 578 4188 inaequalitate
603 4109 781 4170 commercii.

244 4195 333 4267 Quod
357 4205 457 4259 autem
482 4197 673 4260 Christianus
688 4198 834 4273 Severini,
860 4197 944 4276 cujus
968 4216 1060 4276 opera
1074 4196 1174 4279 Tycho
1199 4195 1227 4256 in
1253 4195 1368 4259 ultima
1390 4212 1500 4257 correc-

155 4282 332 4346 tione'usus
354 4293 412 4359 est,
440 4285 470 4346 iu
493 4285 619 4367 primam
643 4307 757 4368 quoque
787 4287 1033 4367 inaequalitatem
1063 4293 1240 4366 aequantem
1263 4283 1440 4348 introdusit
1457 4301 1500 4344 seu

156 4389 237 4434 more
263 4370 468 4453 Copemicano
499 4375 692 4458 epioyclium.
731 4376 762 4438 id
793 4376 820 4438 si
850 4377 878 4439 in
910 4375 1025 4437 Lunam
1050 4375 1189 4437 statuere
1220 4373 1312 4436 nefas
1351 4371 1500 4436 arbitraris

155 4460 309 4541 vellesque
334 4483 393 4526 non
424 4484 491 4525 esse
520 4465 634 4528 sactum
658 4487 676 4526 a
699 4467 859 4549 Tychone‚
882 4463 954 4526 mihi
985 4463 1159 4526 adscribito.
1205 4462 1286 4525 Nam
1312 4483 1351 4526 eo
1374 4472 1500 4542 tempore

157 4548 331 4614 Christiano
356 4562 387 4614 et
400 4562 555 4635 spectator
578 4563 610 4616 et
628 4565 733 4617 auctor
758 4555 798 4616 lui
822 4554 860 4615 ad
881 4554 911 4614 id
928 4555 1104 4616 audendum.
1142 4552 1185 4614 Et
1208 4572 1281 4614 sane
1306 4573 1370 4616 non
1394 4559 1500 4614 tantan

156 4639 186 4702 in
210 4648 292 4700 motu
325 4642 519 4722 longitudinis
551 4644 709 4722 plurimum
734 4643 907 4707 Christiano
937 4663 986 4705 res
1017 4643 1079 4704 ista
1107 4641 1238 4723 proluit,
1274 4643 1332 4703 sed
1357 4636 1499 4703 etiamad

155 4729 329 4809 parallaaes
352 4732 484 4812 apprime
509 4733 567 4795 suit
589 4735 753 4796 commoda.
791 4734 919 4812 Semper
942 4752 1021 4813 aqna
1043 4731 1196 4805 haerebat,
1220 4730 1435 4810 parallaxibus
1456 4734 1498 4787 aut

156 4819 392 4911 repugnantibus
424 4821 582 4906 hypothesi
614 4831 666 4892 aut
696 4823 754 4892 eibi
783 4836 844 4890 non
876 4819 1093 4905 constantibus.
1139 4820 1275 4888 Tandem
1300 4821 1359 4905 ubi
1382 4818 1498 4889 animun
