<?xml version="1.0" encoding="UTF-8"?>
<!DOCTYPE html PUBLIC "-//W3C//DTD XHTML 1.0 Transitional//EN"
    "http://www.w3.org/TR/xhtml1/DTD/xhtml1-transitional.dtd">
<html xmlns="http://www.w3.org/1999/xhtml" xml:lang="en" lang="en">
 <head>
  <title>
</title>
<meta http-equiv="Content-Type" content="text/html;charset=utf-8" />
  <meta name='ocr-system' content='tesseract 3.04.00' />
  <meta name='ocr-capabilities' content='ocr_page ocr_carea ocr_par ocr_line ocrx_word'/>
</head>
<body>
  <div class='ocr_page' id='page_1' title='image "./joanniskepleria12frisgoog/joanniskepleria12frisgoog_0181.png"; bbox 0 0 3278 5550; ppageno 0'>
   <div class='ocr_carea' id='block_1_1' title="bbox 145 266 1012 342">
    <p class='ocr_par' dir='ltr' id='par_1_1' title="bbox 145 266 1012 342">
     <span class='ocr_line' id='line_1_1' title="bbox 145 266 1012 342; baseline -0.016 -2"><span class='ocrx_word' id='word_1_1' title='bbox 145 271 207 342; x_wconf 74' lang='grc'><strong>172</strong></span> <span class='ocrx_word' id='word_1_2' title='bbox 623 271 663 326; x_wconf 86' lang='lat' dir='ltr'><strong>Do</strong></span> <span class='ocrx_word' id='word_1_3' title='bbox 681 270 790 326; x_wconf 80' lang='lat' dir='ltr'><strong>Motibus</strong></span> <span class='ocrx_word' id='word_1_4' title='bbox 799 266 905 342; x_wconf 52' lang='lat' dir='ltr'><strong>{Stellae</strong></span> <span class='ocrx_word' id='word_1_5' title='bbox 923 271 1012 326; x_wconf 81' lang='lat' dir='ltr'><strong>Martls</strong></span> 
     </span>
    </p>
   </div>
   <div class='ocr_carea' id='block_1_2' title="bbox 137 450 1469 4543">
    <p class='ocr_par' dir='ltr' id='par_1_2' title="bbox 137 450 1469 1693">
     <span class='ocr_line' id='line_1_2' title="bbox 137 450 1469 541; baseline 0.002 -27"><span class='ocrx_word' id='word_1_6' title='bbox 137 454 178 527; x_wconf 76' lang='lat' dir='ltr'><strong>l]</strong></span> <span class='ocrx_word' id='word_1_7' title='bbox 202 450 316 532; x_wconf 82' lang='lat' dir='ltr'><strong>primae</strong></span> <span class='ocrx_word' id='word_1_8' title='bbox 351 453 389 514; x_wconf 91' lang='lat' dir='ltr'><strong>ad</strong></span> <span class='ocrx_word' id='word_1_9' title='bbox 422 471 560 516; x_wconf 89' lang='lat' dir='ltr'><strong>occasum</strong></span> <span class='ocrx_word' id='word_1_10' title='bbox 591 452 715 516; x_wconf 88' lang='lat' dir='ltr'><strong>veniunt</strong></span> <span class='ocrx_word' id='word_1_11' title='bbox 747 452 844 527; x_wconf 87' lang='lat' dir='ltr'><strong>[utH</strong></span> <span class='ocrx_word' id='word_1_12' title='bbox 872 471 927 532; x_wconf 90' lang='lat' dir='ltr'><strong>per</strong></span> <span class='ocrx_word' id='word_1_13' title='bbox 954 451 1011 514; x_wconf 91' lang='lat' dir='ltr'><strong>LK</strong></span> <span class='ocrx_word' id='word_1_14' title='bbox 1042 471 1157 515; x_wconf 90' lang='lat' dir='ltr'><strong>mrsum</strong></span> <span class='ocrx_word' id='word_1_15' title='bbox 1188 450 1219 514; x_wconf 92' lang='lat' dir='ltr'><strong>in</strong></span> <span class='ocrx_word' id='word_1_16' title='bbox 1242 453 1294 541; x_wconf 81' lang='lat' dir='ltr'><strong>l]:</strong></span> <span class='ocrx_word' id='word_1_17' title='bbox 1328 453 1469 518; x_wconf 73' lang='lat' dir='ltr'><strong>tardiores</strong></span> 
     </span>
     <span class='ocr_line' id='line_1_3' title="bbox 143 541 1469 623; baseline 0.002 -20"><span class='ocrx_word' id='word_1_18' title='bbox 143 542 246 603; x_wconf 86' lang='lat' dir='ltr'><strong>Solem</strong></span> <span class='ocrx_word' id='word_1_19' title='bbox 270 541 313 616; x_wconf 92' lang='lat' dir='ltr'><strong>[in</strong></span> <span class='ocrx_word' id='word_1_20' title='bbox 337 542 443 618; x_wconf 87' lang='lat' dir='ltr'><strong>ABE],</strong></span> <span class='ocrx_word' id='word_1_21' title='bbox 468 551 502 605; x_wconf 91' lang='lat' dir='ltr'><strong>ut</strong></span> <span class='ocrx_word' id='word_1_22' title='bbox 525 543 576 623; x_wconf 89' lang='lat' dir='ltr'><strong>qui</strong></span> <span class='ocrx_word' id='word_1_23' title='bbox 596 542 741 623; x_wconf 78' lang='lat' dir='ltr'>postridie</span> <span class='ocrx_word' id='word_1_24' title='bbox 766 542 795 604; x_wconf 95' lang='lat' dir='ltr'><strong>in</strong></span> <span class='ocrx_word' id='word_1_25' title='bbox 820 542 845 603; x_wconf 80' lang='lat' dir='ltr'>E</span> <span class='ocrx_word' id='word_1_26' title='bbox 870 541 1018 616; x_wconf 80' lang='lat' dir='ltr'>existens,</span> <span class='ocrx_word' id='word_1_27' title='bbox 1043 543 1119 604; x_wconf 81' lang='lat' dir='ltr'><strong>fixas</strong></span> <span class='ocrx_word' id='word_1_28' title='bbox 1142 543 1156 604; x_wconf 92' lang='lat' dir='ltr'><strong>l</strong></span> <span class='ocrx_word' id='word_1_29' title='bbox 1180 542 1221 604; x_wconf 89' lang='lat' dir='ltr'><strong>ad</strong></span> <span class='ocrx_word' id='word_1_30' title='bbox 1243 563 1389 606; x_wconf 88' lang='lat' dir='ltr'><strong>occasum</strong></span> <span class='ocrx_word' id='word_1_31' title='bbox 1413 543 1469 607; x_wconf 86' lang='lat' dir='ltr'><strong>inse</strong></span> 
     </span>
     <span class='ocr_line' id='line_1_4' title="bbox 143 629 1469 715; baseline 0.002 -23"><span class='ocrx_word' id='word_1_32' title='bbox 143 638 259 711; x_wconf 82' lang='lat' dir='ltr'>quatur,</span> <span class='ocrx_word' id='word_1_33' title='bbox 284 629 390 714; x_wconf 90' lang='lat' dir='ltr'><strong>quibus</strong></span> <span class='ocrx_word' id='word_1_34' title='bbox 415 633 510 713; x_wconf 84' lang='lat' dir='ltr'><strong>pridie</strong></span> <span class='ocrx_word' id='word_1_35' title='bbox 530 633 652 712; x_wconf 90' lang='lat' dir='ltr'><strong>junctus</strong></span> <span class='ocrx_word' id='word_1_36' title='bbox 676 639 743 693; x_wconf 90' lang='lat' dir='ltr'><strong>erat</strong></span> <span class='ocrx_word' id='word_1_37' title='bbox 765 651 818 710; x_wconf 91' lang='lat' dir='ltr'><strong>per</strong></span> <span class='ocrx_word' id='word_1_38' title='bbox 841 631 920 699; x_wconf 81' lang='lat' dir='ltr'><strong>HA:</strong></span> <span class='ocrx_word' id='word_1_39' title='bbox 947 631 1002 693; x_wconf 90' lang='lat' dir='ltr'><strong>hoc</strong></span> <span class='ocrx_word' id='word_1_40' title='bbox 1026 631 1134 694; x_wconf 90' lang='lat' dir='ltr'><strong>itemm</strong></span> <span class='ocrx_word' id='word_1_41' title='bbox 1157 630 1322 695; x_wconf 80' lang='lat' dir='ltr'><strong>tardiorem</strong></span> <span class='ocrx_word' id='word_1_42' title='bbox 1345 632 1469 715; x_wconf 74' lang='lat' dir='ltr'><strong>omniurn</strong></span> 
     </span>
     <span class='ocr_line' id='line_1_5' title="bbox 143 718 1469 802; baseline 0.004 -22"><span class='ocrx_word' id='word_1_43' title='bbox 143 739 199 800; x_wconf 90' lang='lat' dir='ltr'><strong>que</strong></span> <span class='ocrx_word' id='word_1_44' title='bbox 223 719 352 781; x_wconf 88' lang='lat' dir='ltr'><strong>siderum</strong></span> <span class='ocrx_word' id='word_1_45' title='bbox 377 721 580 784; x_wconf 75' lang='lat' dir='ltr'><strong>tardissimam</strong></span> <span class='ocrx_word' id='word_1_46' title='bbox 602 722 736 796; x_wconf 90' lang='lat' dir='ltr'><strong>Lunam;</strong></span> <span class='ocrx_word' id='word_1_47' title='bbox 761 719 830 799; x_wconf 91' lang='lat' dir='ltr'><strong>quia</strong></span> <span class='ocrx_word' id='word_1_48' title='bbox 853 737 919 780; x_wconf 92' lang='lat' dir='ltr'><strong>cum</strong></span> <span class='ocrx_word' id='word_1_49' title='bbox 942 720 1030 781; x_wconf 88' lang='lat' dir='ltr'><strong>hodie</strong></span> <span class='ocrx_word' id='word_1_50' title='bbox 1058 738 1124 781; x_wconf 92' lang='lat' dir='ltr'><strong>cum</strong></span> <span class='ocrx_word' id='word_1_51' title='bbox 1147 718 1223 783; x_wconf 83' lang='lat' dir='ltr'><strong>Sole·</strong></span> <span class='ocrx_word' id='word_1_52' title='bbox 1243 721 1285 796; x_wconf 86' lang='lat' dir='ltr'><strong>[iu</strong></span> <span class='ocrx_word' id='word_1_53' title='bbox 1310 721 1351 796; x_wconf 82' lang='lat' dir='ltr'><strong>A,</strong></span> <span class='ocrx_word' id='word_1_54' title='bbox 1374 722 1469 802; x_wconf 84' lang='lat' dir='ltr'><strong>ipaai</strong></span> 
     </span>
     <span class='ocr_line' id='line_1_6' title="bbox 141 807 1469 891; baseline 0.002 -21"><span class='ocrx_word' id='word_1_55' title='bbox 141 809 178 882; x_wconf 84' lang='lat' dir='ltr'><strong>F]</strong></span> <span class='ocrx_word' id='word_1_56' title='bbox 202 808 400 885; x_wconf 83' lang='lat' dir='ltr'><strong>occubuisset,</strong></span> <span class='ocrx_word' id='word_1_57' title='bbox 425 811 570 891; x_wconf 83' lang='lat' dir='ltr'><strong>postridie</strong></span> <span class='ocrx_word' id='word_1_58' title='bbox 595 811 690 884; x_wconf 91' lang='lat' dir='ltr'><strong>[coelo</strong></span> <span class='ocrx_word' id='word_1_59' title='bbox 715 819 779 871; x_wconf 94' lang='lat' dir='ltr'><strong>toto</strong></span> <span class='ocrx_word' id='word_1_60' title='bbox 803 816 834 871; x_wconf 91' lang='lat' dir='ltr'><strong>et</strong></span> <span class='ocrx_word' id='word_1_61' title='bbox 857 829 917 870; x_wconf 93' lang='lat' dir='ltr'><strong>una</strong></span> <span class='ocrx_word' id='word_1_62' title='bbox 938 808 1006 888; x_wconf 88' lang='lat' dir='ltr'><strong>ipsa</strong></span> <span class='ocrx_word' id='word_1_63' title='bbox 1028 828 1083 888; x_wconf 91' lang='lat' dir='ltr'><strong>per</strong></span> <span class='ocrx_word' id='word_1_64' title='bbox 1097 807 1249 872; x_wconf 85' lang='lat' dir='ltr'><strong>FMNOG</strong></span> <span class='ocrx_word' id='word_1_65' title='bbox 1272 810 1356 873; x_wconf 90' lang='lat' dir='ltr'><strong>circa</strong></span> <span class='ocrx_word' id='word_1_66' title='bbox 1370 811 1469 880; x_wconf 80' lang='lat' dir='ltr'><strong>Terras</strong></span> 
     </span>
     <span class='ocr_line' id='line_1_7' title="bbox 141 896 1469 981; baseline 0.004 -23"><span class='ocrx_word' id='word_1_67' title='bbox 141 898 258 972; x_wconf 89' lang='lat' dir='ltr'><strong>voluta]</strong></span> <span class='ocrx_word' id='word_1_68' title='bbox 284 896 386 961; x_wconf 93' lang='lat' dir='ltr'><strong>Solem</strong></span> <span class='ocrx_word' id='word_1_69' title='bbox 415 900 640 962; x_wconf 88' lang='lat' dir='ltr'><strong>occumbentem</strong></span> <span class='ocrx_word' id='word_1_70' title='bbox 665 900 706 974; x_wconf 87' lang='lat' dir='ltr'><strong>[in</strong></span> <span class='ocrx_word' id='word_1_71' title='bbox 729 899 769 974; x_wconf 87' lang='grc' dir='ltr'><strong>Ε]</strong></span> <span class='ocrx_word' id='word_1_72' title='bbox 792 897 870 960; x_wconf 90' lang='lat' dir='ltr'><strong>satis</strong></span> <span class='ocrx_word' id='word_1_73' title='bbox 894 916 1008 979; x_wconf 73' lang='lat' dir='ltr'><strong>‘magno</strong></span> <span class='ocrx_word' id='word_1_74' title='bbox 1042 899 1203 962; x_wconf 88' lang='lat' dir='ltr'><strong>intervallo</strong></span> <span class='ocrx_word' id='word_1_75' title='bbox 1223 897 1313 974; x_wconf 81' lang='lat' dir='ltr'><strong>[EG]</strong></span> <span class='ocrx_word' id='word_1_76' title='bbox 1338 907 1469 981; x_wconf 80' lang='lat' dir='ltr'><strong>sequatur</strong></span> 
     </span>
     <span class='ocr_line' id='line_1_8' title="bbox 142 987 1469 1069; baseline 0.004 -22"><span class='ocrx_word' id='word_1_77' title='bbox 142 987 219 1049; x_wconf 87' lang='lat' dir='ltr'><strong>Hine</strong></span> <span class='ocrx_word' id='word_1_78' title='bbox 235 988 445 1068; x_wconf 84' lang='lat' dir='ltr'><strong>Pythagoraei,</strong></span> <span class='ocrx_word' id='word_1_79' title='bbox 471 1008 537 1050; x_wconf 90' lang='lat' dir='ltr'><strong>cum</strong></span> <span class='ocrx_word' id='word_1_80' title='bbox 552 990 629 1050; x_wconf 87' lang='lat' dir='ltr'><strong>inter</strong></span> <span class='ocrx_word' id='word_1_81' title='bbox 643 989 744 1050; x_wconf 89' lang='lat' dir='ltr'><strong>sidera</strong></span> <span class='ocrx_word' id='word_1_82' title='bbox 763 987 892 1049; x_wconf 90' lang='lat' dir='ltr'><strong>musicos</strong></span> <span class='ocrx_word' id='word_1_83' title='bbox 907 998 997 1049; x_wconf 87' lang='lat' dir='ltr'><strong>sonos</strong></span> <span class='ocrx_word' id='word_1_84' title='bbox 1022 987 1256 1063; x_wconf 86' lang='lat' dir='ltr'><strong>distribuissent,</strong></span> <span class='ocrx_word' id='word_1_85' title='bbox 1281 989 1469 1069; x_wconf 77' lang='lat' dir='ltr'><strong>gravissimu</strong></span> 
     </span>
     <span class='ocr_line' id='line_1_9' title="bbox 141 1076 1469 1169; baseline 0.004 -33"><span class='ocrx_word' id='word_1_86' title='bbox 141 1076 245 1137; x_wconf 88' lang='lat' dir='ltr'><strong>Lunae</strong></span> <span class='ocrx_word' id='word_1_87' title='bbox 269 1077 416 1154; x_wconf 89' lang='lat' dir='ltr'><strong>tribuere,</strong></span> <span class='ocrx_word' id='word_1_88' title='bbox 450 1087 482 1139; x_wconf 90' lang='lat' dir='ltr'><strong>et</strong></span> <span class='ocrx_word' id='word_1_89' title='bbox 505 1079 583 1140; x_wconf 91' lang='lat' dir='ltr'><strong>inter</strong></span> <span class='ocrx_word' id='word_1_90' title='bbox 606 1078 688 1160; x_wconf 85' lang='lat' dir='ltr'><strong>lyrae</strong></span> <span class='ocrx_word' id='word_1_91' title='bbox 712 1076 841 1139; x_wconf 80' lang='lat' dir='ltr'><strong>chordas</strong></span> <span class='ocrx_word' id='word_1_92' title='bbox 864 1077 1016 1169; x_wconf 86' lang='lat' dir='ltr'><strong>hypaten,</strong></span> <span class='ocrx_word' id='word_1_93' title='bbox 1049 1085 1212 1157; x_wconf 89' lang='lat' dir='ltr'><strong>propterea</strong></span> <span class='ocrx_word' id='word_1_94' title='bbox 1234 1078 1313 1158; x_wconf 91' lang='lat' dir='ltr'><strong>quod</strong></span> <span class='ocrx_word' id='word_1_95' title='bbox 1336 1078 1469 1161; x_wconf 76' lang='lat' dir='ltr'><strong>utriusqh</strong></span> 
     </span>
     <span class='ocr_line' id='line_1_10' title="bbox 141 1162 1469 1249; baseline 0.005 -24"><span class='ocrx_word' id='word_1_96' title='bbox 141 1174 239 1228; x_wconf 87' lang='lat' dir='ltr'><strong>motus</strong></span> <span class='ocrx_word' id='word_1_97' title='bbox 263 1165 454 1229; x_wconf 89' lang='lat' dir='ltr'><strong>tardissimus</strong></span> <span class='ocrx_word' id='word_1_98' title='bbox 479 1176 570 1229; x_wconf 90' lang='lat' dir='ltr'><strong>esset.</strong></span> <span class='ocrx_word' id='word_1_99' title='bbox 617 1168 694 1229; x_wconf 89' lang='lat' dir='ltr'><strong>Hinc</strong></span> <span class='ocrx_word' id='word_1_100' title='bbox 718 1173 803 1229; x_wconf 90' lang='lat' dir='ltr'><strong>ortae</strong></span> <span class='ocrx_word' id='word_1_101' title='bbox 827 1185 916 1227; x_wconf 86' lang='lat' dir='ltr'><strong>voces</strong></span> <span class='ocrx_word' id='word_1_102' title='bbox 931 1184 1155 1246; x_wconf 73' lang='grc' dir='ltr'>προηγονμιιος,</span> <span class='ocrx_word' id='word_1_103' title='bbox 1175 1162 1391 1244; x_wconf 57' lang='lat' dir='ltr'><strong>memorasse,</strong></span> <span class='ocrx_word' id='word_1_104' title='bbox 1415 1185 1469 1249; x_wconf 80' lang='lat' dir='ltr'><strong>qua</strong></span> 
     </span>
     <span class='ocr_line' id='line_1_11' title="bbox 142 1252 1469 1337; baseline 0.004 -21"><span class='ocrx_word' id='word_1_105' title='bbox 142 1274 208 1316; x_wconf 90' lang='lat' dir='ltr'><strong>rum</strong></span> <span class='ocrx_word' id='word_1_106' title='bbox 240 1254 293 1317; x_wconf 84' lang='grc' dir='ltr'>ἰΙΙι</span> <span class='ocrx_word' id='word_1_107' title='bbox 321 1252 460 1337; x_wconf 86' lang='lat' dir='ltr'><strong>primitus</strong></span> <span class='ocrx_word' id='word_1_108' title='bbox 484 1257 511 1318; x_wconf 92' lang='lat' dir='ltr'><strong>ei</strong></span> <span class='ocrx_word' id='word_1_109' title='bbox 535 1256 643 1319; x_wconf 86' lang='lat' dir='ltr'><strong>stellae</strong></span> <span class='ocrx_word' id='word_1_110' title='bbox 675 1255 862 1336; x_wconf 79' lang='lat' dir='ltr'><strong>quadrabat,</strong></span> <span class='ocrx_word' id='word_1_111' title='bbox 901 1275 976 1335; x_wconf 90' lang='lat' dir='ltr'><strong>quae</strong></span> <span class='ocrx_word' id='word_1_112' title='bbox 1009 1254 1154 1337; x_wconf 86' lang='lat' dir='ltr'><strong>postridie</strong></span> <span class='ocrx_word' id='word_1_113' title='bbox 1183 1256 1266 1335; x_wconf 89' lang='lat' dir='ltr'><strong>prior</strong></span> <span class='ocrx_word' id='word_1_114' title='bbox 1290 1257 1329 1318; x_wconf 86' lang='lat' dir='ltr'><strong>ad</strong></span> <span class='ocrx_word' id='word_1_115' title='bbox 1351 1274 1469 1321; x_wconf 76' lang='grc' dir='ltr'>ιιιιιιιι</span> 
     </span>
     <span class='ocr_line' id='line_1_12' title="bbox 141 1343 1469 1425; baseline 0.006 -24"><span class='ocrx_word' id='word_1_116' title='bbox 141 1343 282 1423; x_wconf 84' lang='lat' dir='ltr'><strong>veniebat</strong></span> <span class='ocrx_word' id='word_1_117' title='bbox 305 1347 353 1417; x_wconf 91' lang='lat' dir='ltr'><strong>(ut</strong></span> <span class='ocrx_word' id='word_1_118' title='bbox 374 1344 402 1406; x_wconf 87' lang='grc' dir='ltr'>Ε</span> <span class='ocrx_word' id='word_1_119' title='bbox 425 1343 479 1407; x_wconf 92' lang='lat' dir='ltr'><strong>Sol</strong></span> <span class='ocrx_word' id='word_1_120' title='bbox 508 1352 645 1425; x_wconf 89' lang='lat' dir='ltr'><strong>respectu</strong></span> <span class='ocrx_word' id='word_1_121' title='bbox 670 1343 700 1406; x_wconf 86' lang='lat' dir='ltr'><strong>G</strong></span> <span class='ocrx_word' id='word_1_122' title='bbox 723 1344 827 1406; x_wconf 93' lang='lat' dir='ltr'><strong>Lunae</strong></span> <span class='ocrx_word' id='word_1_123' title='bbox 856 1343 1011 1407; x_wconf 82' lang='lat' dir='ltr'><strong>dicebatur</strong></span> <span class='ocrx_word' id='word_1_124' title='bbox 1033 1348 1284 1424; x_wconf 51' lang='lat' dir='ltr'><strong>apoqyoopavoeh</strong></span> <span class='ocrx_word' id='word_1_125' title='bbox 1317 1345 1393 1408; x_wconf 89' lang='lat' dir='ltr'><strong>haec</strong></span> <span class='ocrx_word' id='word_1_126' title='bbox 1419 1363 1469 1409; x_wconf 82' lang='grc' dir='ltr'><strong>ιιι</strong></span> 
     </span>
     <span class='ocr_line' id='line_1_13' title="bbox 144 1432 1469 1514; baseline 0.005 -22"><span class='ocrx_word' id='word_1_127' title='bbox 144 1433 251 1493; x_wconf 91' lang='lat' dir='ltr'><strong>stellae</strong></span> <span class='ocrx_word' id='word_1_128' title='bbox 276 1434 401 1496; x_wconf 86' lang='lat' dir='ltr'><strong>tardiori</strong></span> <span class='ocrx_word' id='word_1_129' title='bbox 423 1433 454 1496; x_wconf 91' lang='lat' dir='ltr'><strong>in</strong></span> <span class='ocrx_word' id='word_1_130' title='bbox 478 1435 573 1514; x_wconf 89' lang='lat' dir='ltr'><strong>primo</strong></span> <span class='ocrx_word' id='word_1_131' title='bbox 597 1441 679 1495; x_wconf 91' lang='lat' dir='ltr'><strong>motu</strong></span> <span class='ocrx_word' id='word_1_132' title='bbox 704 1434 750 1508; x_wconf 90' lang='lat' dir='ltr'><strong>[ut</strong></span> <span class='ocrx_word' id='word_1_133' title='bbox 771 1432 819 1495; x_wconf 90' lang='lat' dir='ltr'><strong>hic</strong></span> <span class='ocrx_word' id='word_1_134' title='bbox 844 1432 973 1508; x_wconf 86' lang='lat' dir='ltr'><strong>Lunae],</strong></span> <span class='ocrx_word' id='word_1_135' title='bbox 998 1435 1083 1513; x_wconf 88' lang='lat' dir='ltr'><strong>qnasi</strong></span> <span class='ocrx_word' id='word_1_136' title='bbox 1108 1435 1323 1499; x_wconf 87' lang='lat' dir='ltr'><strong>destitueretur</strong></span> <span class='ocrx_word' id='word_1_137' title='bbox 1347 1443 1380 1497; x_wconf 91' lang='lat' dir='ltr'><strong>et</strong></span> <span class='ocrx_word' id='word_1_138' title='bbox 1401 1435 1469 1499; x_wconf 81' lang='lat' dir='ltr'><strong>dere</strong></span> 
     </span>
     <span class='ocr_line' id='line_1_14' title="bbox 142 1519 1469 1606; baseline 0.004 -25"><span class='ocrx_word' id='word_1_139' title='bbox 142 1522 325 1600; x_wconf 89' lang='lat' dir='ltr'><strong>linqueretur</strong></span> <span class='ocrx_word' id='word_1_140' title='bbox 357 1523 398 1598; x_wconf 91' lang='lat' dir='ltr'><strong>[io</strong></span> <span class='ocrx_word' id='word_1_141' title='bbox 424 1519 466 1599; x_wconf 90' lang='lat' dir='ltr'><strong>G]</strong></span> <span class='ocrx_word' id='word_1_142' title='bbox 500 1522 735 1586; x_wconf 89' lang='lat' dir='ltr'><strong>acelerioribus</strong></span> <span class='ocrx_word' id='word_1_143' title='bbox 766 1521 821 1596; x_wconf 79' lang='lat' dir='ltr'><strong>OE,</strong></span> <span class='ocrx_word' id='word_1_144' title='bbox 845 1521 894 1599; x_wconf 90' lang='lat'><strong>1],</strong></span> <span class='ocrx_word' id='word_1_145' title='bbox 927 1523 964 1584; x_wconf 92' lang='lat' dir='ltr'><strong>de</strong></span> <span class='ocrx_word' id='word_1_146' title='bbox 997 1522 1103 1602; x_wconf 91' lang='lat' dir='ltr'><strong>quibus</strong></span> <span class='ocrx_word' id='word_1_147' title='bbox 1136 1523 1203 1586; x_wconf 88' lang='lat' dir='ltr'><strong>vide</strong></span> <span class='ocrx_word' id='word_1_148' title='bbox 1236 1523 1324 1603; x_wconf 89' lang='lat' dir='ltr'><strong>plura</strong></span> <span class='ocrx_word' id='word_1_149' title='bbox 1359 1522 1469 1606; x_wconf 45' lang='lat' dir='ltr'><strong>cap]</strong></span> 
     </span>
     <span class='ocr_line' id='line_1_15' title="bbox 142 1609 424 1693; baseline 0.014 -22"><span class='ocrx_word' id='word_1_150' title='bbox 142 1617 264 1671; x_wconf 89' lang='lat' dir='ltr'><strong>nostrae</strong></span> <span class='ocrx_word' id='word_1_151' title='bbox 289 1609 424 1693; x_wconf 89' lang='lat' dir='ltr'><strong>Optices.</strong></span> 
     </span>
    </p>

    <p class='ocr_par' dir='ltr' id='par_1_3' title="bbox 142 1698 1469 2562">
     <span class='ocr_line' id='line_1_16' title="bbox 230 1698 1469 1784; baseline 0.004 -24"><span class='ocrx_word' id='word_1_152' title='bbox 230 1699 317 1762; x_wconf 87' lang='lat' dir='ltr'><strong>Hanc</strong></span> <span class='ocrx_word' id='word_1_153' title='bbox 344 1702 470 1781; x_wconf 89' lang='lat' dir='ltr'><strong>primam</strong></span> <span class='ocrx_word' id='word_1_154' title='bbox 493 1701 695 1762; x_wconf 85' lang='lat' dir='ltr'><strong>astronomiae</strong></span> <span class='ocrx_word' id='word_1_155' title='bbox 726 1698 998 1774; x_wconf 88' lang='lat' dir='ltr'><strong>adumbrationem,</strong></span> <span class='ocrx_word' id='word_1_156' title='bbox 1037 1719 1113 1779; x_wconf 92' lang='lat' dir='ltr'><strong>quae</strong></span> <span class='ocrx_word' id='word_1_157' title='bbox 1142 1700 1224 1762; x_wconf 91' lang='lat' dir='ltr'><strong>nulla</strong></span> <span class='ocrx_word' id='word_1_158' title='bbox 1250 1720 1363 1765; x_wconf 87' lang='lat' dir='ltr'><strong>causae</strong></span> <span class='ocrx_word' id='word_1_159' title='bbox 1395 1700 1469 1784; x_wconf 77' lang='lat' dir='ltr'><strong>expli</strong></span> 
     </span>
     <span class='ocr_line' id='line_1_17' title="bbox 142 1788 1469 1873; baseline 0.005 -24"><span class='ocrx_word' id='word_1_160' title='bbox 142 1789 278 1861; x_wconf 88' lang='lat' dir='ltr'><strong>catione,</strong></span> <span class='ocrx_word' id='word_1_161' title='bbox 307 1791 373 1852; x_wconf 92' lang='lat' dir='ltr'><strong>sola</strong></span> <span class='ocrx_word' id='word_1_162' title='bbox 396 1809 466 1853; x_wconf 89' lang='lat' dir='ltr'><strong>vero</strong></span> <span class='ocrx_word' id='word_1_163' title='bbox 490 1799 522 1851; x_wconf 90' lang='lat' dir='ltr'><strong>et</strong></span> <span class='ocrx_word' id='word_1_164' title='bbox 544 1789 720 1852; x_wconf 88' lang='lat' dir='ltr'><strong>tardissima</strong></span> <span class='ocrx_word' id='word_1_165' title='bbox 742 1788 892 1851; x_wconf 86' lang='lat' dir='ltr'><strong>oculorum</strong></span> <span class='ocrx_word' id='word_1_166' title='bbox 916 1789 1102 1869; x_wconf 88' lang='lat' dir='ltr'><strong>experientia</strong></span> <span class='ocrx_word' id='word_1_167' title='bbox 1124 1798 1261 1864; x_wconf 87' lang='lat' dir='ltr'><strong>constat,</strong></span> <span class='ocrx_word' id='word_1_168' title='bbox 1286 1801 1318 1853; x_wconf 90' lang='lat' dir='ltr'><strong>et</strong></span> <span class='ocrx_word' id='word_1_169' title='bbox 1341 1811 1419 1873; x_wconf 89' lang='lat' dir='ltr'><strong>quae</strong></span> <span class='ocrx_word' id='word_1_170' title='bbox 1439 1808 1469 1855; x_wconf 90' lang='grc' dir='ltr'><strong>ιι</strong></span> 
     </span>
     <span class='ocr_line' id='line_1_18' title="bbox 143 1875 1469 1985; baseline 0.003 -46"><span class='ocrx_word' id='word_1_171' title='bbox 143 1878 347 1942; x_wconf 84' lang='lat' dir='ltr'><strong>schematibus</strong></span> <span class='ocrx_word' id='word_1_172' title='bbox 378 1900 432 1943; x_wconf 90' lang='lat' dir='ltr'><strong>nec</strong></span> <span class='ocrx_word' id='word_1_173' title='bbox 463 1879 594 1942; x_wconf 90' lang='lat' dir='ltr'><strong>numeris</strong></span> <span class='ocrx_word' id='word_1_174' title='bbox 622 1875 803 1958; x_wconf 86' lang='lat' dir='ltr'><strong>explicari</strong></span> <span class='ocrx_word' id='word_1_175' title='bbox 795 1897 884 1959; x_wconf 91' lang='lat' dir='ltr'><strong>mque</strong></span> <span class='ocrx_word' id='word_1_176' title='bbox 916 1879 1018 1940; x_wconf 83' lang='lat' dir='ltr'><strong>lutura</strong></span> <span class='ocrx_word' id='word_1_177' title='bbox 1046 1889 1182 1984; x_wconf 83' lang='lat' dir='ltr'><strong>tempora</strong></span> <span class='ocrx_word' id='word_1_178' title='bbox 1212 1879 1348 1960; x_wconf 82' lang='lat' dir='ltr'><strong>depromi</strong></span> <span class='ocrx_word' id='word_1_179' title='bbox 1369 1886 1469 1985; x_wconf 56' lang='lat' dir='ltr'><strong>poteq</strong></span> 
     </span>
     <span class='ocr_line' id='line_1_19' title="bbox 144 1967 1469 2050; baseline 0.005 -23"><span class='ocrx_word' id='word_1_180' title='bbox 144 1985 210 2027; x_wconf 87' lang='lat' dir='ltr'><strong>cunr</strong></span> <span class='ocrx_word' id='word_1_181' title='bbox 233 1976 378 2048; x_wconf 90' lang='lat' dir='ltr'><strong>perpetuo</strong></span> <span class='ocrx_word' id='word_1_182' title='bbox 403 1990 421 2030; x_wconf 91' lang='lat' dir='ltr'><strong>a</strong></span> <span class='ocrx_word' id='word_1_183' title='bbox 445 1987 478 2030; x_wconf 92' lang='lat' dir='ltr'><strong>se</strong></span> <span class='ocrx_word' id='word_1_184' title='bbox 501 1967 571 2048; x_wconf 85' lang='lat' dir='ltr'><strong>ipsa</strong></span> <span class='ocrx_word' id='word_1_185' title='bbox 594 1967 758 2035; x_wconf 86' lang='lat' dir='ltr'><strong>dissideat</strong></span> <span class='ocrx_word' id='word_1_186' title='bbox 777 1967 853 2028; x_wconf 92' lang='lat' dir='ltr'><strong>adeo</strong></span> <span class='ocrx_word' id='word_1_187' title='bbox 877 1975 910 2029; x_wconf 89' lang='lat' dir='ltr'><strong>ut</strong></span> <span class='ocrx_word' id='word_1_188' title='bbox 933 1968 1016 2030; x_wconf 90' lang='lat' dir='ltr'><strong>nulla</strong></span> <span class='ocrx_word' id='word_1_189' title='bbox 1039 1969 1122 2050; x_wconf 90' lang='lat' dir='ltr'><strong>spira</strong></span> <span class='ocrx_word' id='word_1_190' title='bbox 1145 1968 1233 2030; x_wconf 90' lang='lat' dir='ltr'><strong>alteri</strong></span> <span class='ocrx_word' id='word_1_191' title='bbox 1248 1969 1395 2050; x_wconf 84' lang='lat' dir='ltr'><strong>temporis</strong></span> <span class='ocrx_word' id='word_1_192' title='bbox 1411 1988 1469 2033; x_wconf 83' lang='lat' dir='ltr'><strong>mor</strong></span> 
     </span>
     <span class='ocr_line' id='line_1_20' title="bbox 143 2055 1469 2140; baseline 0.005 -24"><span class='ocrx_word' id='word_1_193' title='bbox 143 2065 296 2135; x_wconf 86' lang='lat' dir='ltr'><strong>aequetur,</strong></span> <span class='ocrx_word' id='word_1_194' title='bbox 323 2057 405 2120; x_wconf 91' lang='lat' dir='ltr'><strong>nulla</strong></span> <span class='ocrx_word' id='word_1_195' title='bbox 429 2057 562 2136; x_wconf 89' lang='lat' dir='ltr'><strong>ejusdem</strong></span> <span class='ocrx_word' id='word_1_196' title='bbox 587 2056 764 2136; x_wconf 89' lang='lat' dir='ltr'><strong>quantitatis</strong></span> <span class='ocrx_word' id='word_1_197' title='bbox 788 2055 899 2117; x_wconf 86' lang='lat' dir='ltr'><strong>flexu</strong></span> <span class='ocrx_word' id='word_1_198' title='bbox 891 2075 920 2116; x_wconf 91' lang='lat' dir='ltr'><strong>ro</strong></span> <span class='ocrx_word' id='word_1_199' title='bbox 946 2056 1075 2119; x_wconf 82' lang='grc' dir='ltr'>ιὶιίιιιιιι</span> <span class='ocrx_word' id='word_1_200' title='bbox 1094 2064 1247 2132; x_wconf 88' lang='lat' dir='ltr'><strong>transeat,</strong></span> <span class='ocrx_word' id='word_1_201' title='bbox 1272 2059 1383 2120; x_wconf 91' lang='lat' dir='ltr'><strong>hauc</strong></span> <span class='ocrx_word' id='word_1_202' title='bbox 1374 2077 1469 2140; x_wconf 60' lang='lat' dir='ltr'><strong>mque</strong></span> 
     </span>
     <span class='ocr_line' id='line_1_21' title="bbox 143 2144 1469 2229; baseline 0.005 -24"><span class='ocrx_word' id='word_1_203' title='bbox 143 2144 234 2225; x_wconf 89' lang='lat' dir='ltr'><strong>aliqui</strong></span> <span class='ocrx_word' id='word_1_204' title='bbox 273 2155 373 2209; x_wconf 89' lang='lat' dir='ltr'><strong>tamen</strong></span> <span class='ocrx_word' id='word_1_205' title='bbox 400 2146 513 2221; x_wconf 91' lang='lat' dir='ltr'><strong>bodie,</strong></span> <span class='ocrx_word' id='word_1_206' title='bbox 554 2145 729 2207; x_wconf 89' lang='lat' dir='ltr'><strong>conculcato</strong></span> <span class='ocrx_word' id='word_1_207' title='bbox 770 2144 816 2206; x_wconf 90' lang='lat' dir='ltr'><strong>bis</strong></span> <span class='ocrx_word' id='word_1_208' title='bbox 848 2145 930 2207; x_wconf 93' lang='lat' dir='ltr'><strong>mille</strong></span> <span class='ocrx_word' id='word_1_209' title='bbox 968 2165 1110 2209; x_wconf 91' lang='lat' dir='ltr'><strong>annorum</strong></span> <span class='ocrx_word' id='word_1_210' title='bbox 1156 2146 1278 2223; x_wconf 92' lang='lat' dir='ltr'><strong>labore,</strong></span> <span class='ocrx_word' id='word_1_211' title='bbox 1326 2146 1469 2229; x_wconf 72' lang='lat' dir='ltr'><strong>diligenti</strong></span> 
     </span>
     <span class='ocr_line' id='line_1_22' title="bbox 143 2230 1469 2315; baseline 0.005 -21"><span class='ocrx_word' id='word_1_212' title='bbox 143 2232 327 2312; x_wconf 89' lang='lat' dir='ltr'><strong>emditione,</strong></span> <span class='ocrx_word' id='word_1_213' title='bbox 353 2230 494 2310; x_wconf 79' lang='lat' dir='ltr'><strong>scientia,</strong></span> <span class='ocrx_word' id='word_1_214' title='bbox 518 2234 678 2296; x_wconf 85' lang='lat' dir='ltr'><strong>restituere</strong></span> <span class='ocrx_word' id='word_1_215' title='bbox 702 2241 855 2308; x_wconf 90' lang='lat' dir='ltr'><strong>conantur,</strong></span> <span class='ocrx_word' id='word_1_216' title='bbox 880 2235 970 2315; x_wconf 87' lang='lat' dir='ltr'><strong>vulgo</strong></span> <span class='ocrx_word' id='word_1_217' title='bbox 994 2235 1224 2304; x_wconf 89' lang='lat' dir='ltr'><strong>admirationem</strong></span> <span class='ocrx_word' id='word_1_218' title='bbox 1246 2237 1303 2310; x_wconf 91' lang='lat' dir='ltr'><strong>sui,</strong></span> <span class='ocrx_word' id='word_1_219' title='bbox 1328 2256 1389 2299; x_wconf 90' lang='lat' dir='ltr'><strong>non</strong></span> <span class='ocrx_word' id='word_1_220' title='bbox 1414 2236 1469 2301; x_wconf 85' lang='lat' dir='ltr'><strong>irrl</strong></span> 
     </span>
     <span class='ocr_line' id='line_1_23' title="bbox 143 2322 1467 2429; baseline 0.006 -46"><span class='ocrx_word' id='word_1_221' title='bbox 143 2322 225 2402; x_wconf 89' lang='lat' dir='ltr'><strong>apud</strong></span> <span class='ocrx_word' id='word_1_222' title='bbox 261 2322 418 2404; x_wconf 90' lang='lat' dir='ltr'><strong>imperitos</strong></span> <span class='ocrx_word' id='word_1_223' title='bbox 457 2332 583 2395; x_wconf 88' lang='lat' dir='ltr'><strong>conatu,</strong></span> <span class='ocrx_word' id='word_1_224' title='bbox 629 2325 816 2403; x_wconf 84' lang='lat' dir='ltr'><strong>ingerentes,</strong></span> <span class='ocrx_word' id='word_1_225' title='bbox 863 2341 937 2403; x_wconf 89' lang='lat' dir='ltr'><strong>quos</strong></span> <span class='ocrx_word' id='word_1_226' title='bbox 974 2325 1131 2404; x_wconf 89' lang='lat' dir='ltr'><strong>peritiores</strong></span> <span class='ocrx_word' id='word_1_227' title='bbox 1163 2324 1212 2386; x_wconf 88' lang='lat' dir='ltr'><strong>vel</strong></span> <span class='ocrx_word' id='word_1_228' title='bbox 1235 2325 1373 2429; x_wconf 87' lang='lat' dir='ltr'><strong>ineptire</strong></span> <span class='ocrx_word' id='word_1_229' title='bbox 1402 2324 1467 2391; x_wconf 79' lang='lat' dir='ltr'><strong>val</strong></span> 
     </span>
     <span class='ocr_line' id='line_1_24' title="bbox 143 2411 1469 2525; baseline 0.005 -53"><span class='ocrx_word' id='word_1_230' title='bbox 143 2411 314 2493; x_wconf 90' lang='lat' dir='ltr'><strong>philosophi</strong></span> <span class='ocrx_word' id='word_1_231' title='bbox 338 2414 440 2477; x_wconf 88' lang='lat' dir='ltr'><strong>andire</strong></span> <span class='ocrx_word' id='word_1_232' title='bbox 463 2414 575 2489; x_wconf 86' lang='lat' dir='ltr'><strong>volunt,</strong></span> <span class='ocrx_word' id='word_1_233' title='bbox 599 2422 634 2475; x_wconf 92' lang='lat' dir='ltr'><strong>nt</strong></span> <span class='ocrx_word' id='word_1_234' title='bbox 657 2412 807 2475; x_wconf 85' lang='lat' dir='ltr'><strong>Patricius</strong></span> <span class='ocrx_word' id='word_1_235' title='bbox 829 2411 891 2489; x_wconf 90' lang='lat' dir='ltr'><strong>ille,</strong></span> <span class='ocrx_word' id='word_1_236' title='bbox 916 2430 982 2474; x_wconf 89' lang='lat' dir='ltr'><strong>cum</strong></span> <span class='ocrx_word' id='word_1_237' title='bbox 1005 2413 1122 2476; x_wconf 89' lang='lat' dir='ltr'><strong>ratione</strong></span> <span class='ocrx_word' id='word_1_238' title='bbox 1146 2413 1277 2477; x_wconf 87' lang='lat' dir='ltr'><strong>insanire</strong></span> <span class='ocrx_word' id='word_1_239' title='bbox 1296 2415 1368 2495; x_wconf 90' lang='lat' dir='ltr'><strong>jure</strong></span> <span class='ocrx_word' id='word_1_240' title='bbox 1391 2434 1469 2525; x_wconf 75' lang='lat' dir='ltr'><strong>mam</strong></span> 
     </span>
     <span class='ocr_line' id='line_1_25' title="bbox 143 2510 280 2563; baseline 0 -1"><span class='ocrx_word' id='word_1_241' title='bbox 143 2510 280 2563; x_wconf 89' lang='lat' dir='ltr'><strong>censent.</strong></span> 
     </span>
    </p>

    <p class='ocr_par' dir='ltr' id='par_1_4' title="bbox 140 2536 1469 3649">
     <span class='ocr_line' id='line_1_26' title="bbox 231 2536 1469 2669; baseline 0.002 -16"><span class='ocrx_word' id='word_1_242' title='bbox 231 2588 386 2654; x_wconf 86' lang='lat' dir='ltr'><strong>Successit</strong></span> <span class='ocrx_word' id='word_1_243' title='bbox 408 2590 487 2653; x_wconf 90' lang='lat' dir='ltr'><strong>enim</strong></span> <span class='ocrx_word' id='word_1_244' title='bbox 510 2589 691 2652; x_wconf 88' lang='lat' dir='ltr'><strong>astronomis</strong></span> <span class='ocrx_word' id='word_1_245' title='bbox 714 2597 748 2651; x_wconf 90' lang='lat' dir='ltr'><strong>ut</strong></span> <span class='ocrx_word' id='word_1_246' title='bbox 771 2588 991 2669; x_wconf 82' lang='lat' dir='ltr'><strong>intelligerent,</strong></span> <span class='ocrx_word' id='word_1_247' title='bbox 1022 2591 1096 2652; x_wconf 91' lang='lat' dir='ltr'><strong>duos</strong></span> <span class='ocrx_word' id='word_1_248' title='bbox 1126 2592 1266 2653; x_wconf 82' lang='lat' dir='ltr'><strong>conlundi</strong></span> <span class='ocrx_word' id='word_1_249' title='bbox 1291 2599 1394 2654; x_wconf 83' lang='lat' dir='ltr'><strong>motus</strong></span> <span class='ocrx_word' id='word_1_250' title='bbox 1420 2536 1469 2657; x_wconf 68' lang='lat' dir='ltr'><strong>sii¹</strong></span> 
     </span>
     <span class='ocr_line' id='line_1_27' title="bbox 140 2679 1469 2785; baseline 0.002 -44"><span class='ocrx_word' id='word_1_251' title='bbox 140 2679 254 2760; x_wconf 82' lang='lat' dir='ltr'><strong>plicas,</strong></span> <span class='ocrx_word' id='word_1_252' title='bbox 286 2682 412 2785; x_wconf 88' lang='lat' dir='ltr'><strong>primum</strong></span> <span class='ocrx_word' id='word_1_253' title='bbox 443 2689 476 2742; x_wconf 90' lang='lat' dir='ltr'><strong>et</strong></span> <span class='ocrx_word' id='word_1_254' title='bbox 506 2680 673 2751; x_wconf 88' lang='lat' dir='ltr'><strong>secundos,</strong></span> <span class='ocrx_word' id='word_1_255' title='bbox 706 2696 892 2740; x_wconf 87' lang='lat' dir='ltr'><strong>communem</strong></span> <span class='ocrx_word' id='word_1_256' title='bbox 915 2687 947 2739; x_wconf 95' lang='lat' dir='ltr'><strong>et</strong></span> <span class='ocrx_word' id='word_1_257' title='bbox 968 2681 1122 2759; x_wconf 88' lang='lat' dir='ltr'><strong>proprios,</strong></span> <span class='ocrx_word' id='word_1_258' title='bbox 1155 2699 1192 2742; x_wconf 83' lang='lat' dir='ltr'><strong>ex</strong></span> <span class='ocrx_word' id='word_1_259' title='bbox 1225 2701 1284 2761; x_wconf 91' lang='lat' dir='ltr'><strong>qua</strong></span> <span class='ocrx_word' id='word_1_260' title='bbox 1316 2681 1469 2744; x_wconf 78' lang='lat' dir='ltr'><strong>confusior</strong></span> 
     </span>
     <span class='ocr_line' id='line_1_28' title="bbox 141 2768 1469 2853; baseline 0.002 -23"><span class='ocrx_word' id='word_1_261' title='bbox 141 2771 313 2832; x_wconf 86' lang='lat' dir='ltr'><strong>necessario</strong></span> <span class='ocrx_word' id='word_1_262' title='bbox 344 2778 488 2851; x_wconf 88' lang='lat' dir='ltr'><strong>sequatur</strong></span> <span class='ocrx_word' id='word_1_263' title='bbox 510 2770 564 2831; x_wconf 92' lang='lat' dir='ltr'><strong>illa</strong></span> <span class='ocrx_word' id='word_1_264' title='bbox 595 2768 884 2847; x_wconf 87' lang='lat' dir='ltr'><strong>conglomeratorom</strong></span> <span class='ocrx_word' id='word_1_265' title='bbox 914 2776 1045 2830; x_wconf 89' lang='lat' dir='ltr'><strong>motuum</strong></span> <span class='ocrx_word' id='word_1_266' title='bbox 1078 2787 1213 2831; x_wconf 87' lang='lat' dir='ltr'><strong>connexa</strong></span> <span class='ocrx_word' id='word_1_267' title='bbox 1245 2770 1362 2833; x_wconf 88' lang='lat' dir='ltr'><strong>series:</strong></span> <span class='ocrx_word' id='word_1_268' title='bbox 1393 2771 1469 2853; x_wconf 59' lang='lat' dir='ltr'><strong>itaq</strong></span> 
     </span>
     <span class='ocr_line' id='line_1_29' title="bbox 143 2856 1469 2940; baseline 0.002 -21"><span class='ocrx_word' id='word_1_269' title='bbox 143 2867 285 2939; x_wconf 89' lang='lat' dir='ltr'><strong>separato</strong></span> <span class='ocrx_word' id='word_1_270' title='bbox 319 2857 466 2920; x_wconf 88' lang='lat' dir='ltr'><strong>communi</strong></span> <span class='ocrx_word' id='word_1_271' title='bbox 489 2858 541 2920; x_wconf 92' lang='lat' dir='ltr'><strong>illo</strong></span> <span class='ocrx_word' id='word_1_272' title='bbox 564 2865 596 2918; x_wconf 89' lang='lat' dir='ltr'><strong>et</strong></span> <span class='ocrx_word' id='word_1_273' title='bbox 620 2858 808 2919; x_wconf 85' lang='lat' dir='ltr'><strong>extrinsecus</strong></span> <span class='ocrx_word' id='word_1_274' title='bbox 841 2856 1013 2918; x_wconf 88' lang='lat' dir='ltr'><strong>advenienti</strong></span> <span class='ocrx_word' id='word_1_275' title='bbox 1045 2866 1133 2939; x_wconf 90' lang='lat' dir='ltr'><strong>rapto</strong></span> <span class='ocrx_word' id='word_1_276' title='bbox 1165 2859 1288 2932; x_wconf 89' lang='lat' dir='ltr'><strong>diumo,</strong></span> <span class='ocrx_word' id='word_1_277' title='bbox 1313 2860 1383 2939; x_wconf 84' lang='lat' dir='ltr'><strong>jam</strong></span> <span class='ocrx_word' id='word_1_278' title='bbox 1407 2876 1469 2940; x_wconf 80' lang='lat' dir='ltr'><strong>pan</strong></span> 
     </span>
     <span class='ocr_line' id='line_1_30' title="bbox 143 2945 1469 3022; baseline 0.002 -14"><span class='ocrx_word' id='word_1_279' title='bbox 143 2965 210 3009; x_wconf 91' lang='lat' dir='ltr'><strong>nou·</strong></span> <span class='ocrx_word' id='word_1_280' title='bbox 232 2949 309 3009; x_wconf 78' lang='lat' dir='ltr'><strong>fixas</strong></span> <span class='ocrx_word' id='word_1_281' title='bbox 338 2946 564 3020; x_wconf 81' lang='lat' dir='ltr'><strong>velocissimae,</strong></span> <span class='ocrx_word' id='word_1_282' title='bbox 589 2947 704 3007; x_wconf 93' lang='lat' dir='ltr'><strong>Lunam</strong></span> <span class='ocrx_word' id='word_1_283' title='bbox 729 2945 950 3022; x_wconf 86' lang='lat' dir='ltr'><strong>tardissimam,</strong></span> <span class='ocrx_word' id='word_1_284' title='bbox 969 2947 1036 3008; x_wconf 89' lang='lat' dir='ltr'><strong>·sed</strong></span> <span class='ocrx_word' id='word_1_285' title='bbox 1069 2949 1221 3009; x_wconf 88' lang='lat' dir='ltr'><strong>contraria</strong></span> <span class='ocrx_word' id='word_1_286' title='bbox 1249 2949 1386 3018; x_wconf 86' lang='lat' dir='ltr'><strong>ratione,</strong></span> <span class='ocrx_word' id='word_1_287' title='bbox 1422 2948 1469 3011; x_wconf 83' lang='grc' dir='ltr'>Ιιιι</span> 
     </span>
     <span class='ocr_line' id='line_1_31' title="bbox 144 3031 1469 3116; baseline 0.004 -20"><span class='ocrx_word' id='word_1_288' title='bbox 144 3037 279 3097; x_wconf 89' lang='lat' dir='ltr'><strong>velocem</strong></span> <span class='ocrx_word' id='word_1_289' title='bbox 304 3055 337 3097; x_wconf 88' lang='lat' dir='ltr'><strong>se</strong></span> <span class='ocrx_word' id='word_1_290' title='bbox 361 3035 428 3116; x_wconf 92' lang='lat' dir='ltr'><strong>ipsa</strong></span> <span class='ocrx_word' id='word_1_291' title='bbox 451 3044 484 3098; x_wconf 90' lang='lat' dir='ltr'><strong>et</strong></span> <span class='ocrx_word' id='word_1_292' title='bbox 505 3043 588 3097; x_wconf 90' lang='lat' dir='ltr'><strong>motu</strong></span> <span class='ocrx_word' id='word_1_293' title='bbox 615 3035 735 3115; x_wconf 88' lang='lat' dir='ltr'><strong>proprio</strong></span> <span class='ocrx_word' id='word_1_294' title='bbox 758 3031 829 3108; x_wconf 83' lang='lat' dir='ltr'><strong>FG,</strong></span> <span class='ocrx_word' id='word_1_295' title='bbox 860 3035 928 3096; x_wconf 90' lang='lat' dir='ltr'><strong>illas</strong></span> <span class='ocrx_word' id='word_1_296' title='bbox 957 3036 1045 3114; x_wconf 89' lang='lat' dir='ltr'><strong>plane</strong></span> <span class='ocrx_word' id='word_1_297' title='bbox 1073 3037 1121 3098; x_wconf 90' lang='lat' dir='ltr'><strong>vel</strong></span> <span class='ocrx_word' id='word_1_298' title='bbox 1150 3037 1343 3100; x_wconf 87' lang='lat' dir='ltr'><strong>tardissimas</strong></span> <span class='ocrx_word' id='word_1_299' title='bbox 1368 3037 1469 3101; x_wconf 83' lang='lat' dir='ltr'><strong>reliu</strong></span> 
     </span>
     <span class='ocr_line' id='line_1_32' title="bbox 145 3117 1463 3226; baseline 0.002 -40"><span class='ocrx_word' id='word_1_300' title='bbox 145 3132 243 3186; x_wconf 88' lang='lat' dir='ltr'><strong>motas</strong></span> <span class='ocrx_word' id='word_1_301' title='bbox 267 3143 354 3186; x_wconf 91' lang='lat' dir='ltr'><strong>esse:</strong></span> <span class='ocrx_word' id='word_1_302' title='bbox 380 3142 503 3204; x_wconf 88' lang='lat' dir='ltr'><strong>cumque</strong></span> <span class='ocrx_word' id='word_1_303' title='bbox 526 3125 651 3226; x_wconf 90' lang='lat' dir='ltr'><strong>planeta</strong></span> <span class='ocrx_word' id='word_1_304' title='bbox 674 3122 831 3203; x_wconf 90' lang='lat' dir='ltr'><strong>quispiam,</strong></span> <span class='ocrx_word' id='word_1_305' title='bbox 855 3131 889 3185; x_wconf 89' lang='lat' dir='ltr'><strong>ut</strong></span> <span class='ocrx_word' id='word_1_306' title='bbox 913 3117 943 3185; x_wconf 84' lang='lat' dir='ltr'>G</span> <span class='ocrx_word' id='word_1_307' title='bbox 966 3125 1067 3198; x_wconf 92' lang='lat' dir='ltr'><strong>Luna,</strong></span> <span class='ocrx_word' id='word_1_308' title='bbox 1091 3123 1205 3188; x_wconf 89' lang='lat' dir='ltr'><strong>aSole</strong></span> <span class='ocrx_word' id='word_1_309' title='bbox 1227 3125 1254 3187; x_wconf 87' lang='lat' dir='ltr'><strong>E</strong></span> <span class='ocrx_word' id='word_1_310' title='bbox 1276 3129 1326 3189; x_wconf 84' lang='lat' dir='ltr'><strong>rel</strong></span> <span class='ocrx_word' id='word_1_311' title='bbox 1351 3147 1371 3188; x_wconf 89' lang='lat' dir='ltr'><strong>a</strong></span> <span class='ocrx_word' id='word_1_312' title='bbox 1392 3126 1463 3188; x_wconf 83' lang='lat' dir='ltr'><strong>fixis</strong></span> 
     </span>
     <span class='ocr_line' id='line_1_33' title="bbox 144 3171 1469 3316; baseline 0.003 -42"><span class='ocrx_word' id='word_1_313' title='bbox 144 3221 193 3274; x_wconf 89' lang='lat' dir='ltr'><strong>est</strong></span> <span class='ocrx_word' id='word_1_314' title='bbox 215 3209 424 3287; x_wconf 72' lang='grc' dir='ltr'>ὑπολιιιιιικος,</span> <span class='ocrx_word' id='word_1_315' title='bbox 449 3213 563 3274; x_wconf 91' lang='lat' dir='ltr'><strong>eumin</strong></span> <span class='ocrx_word' id='word_1_316' title='bbox 587 3210 937 3316; x_wconf 81' lang='lat' dir='ltr'><strong>consequentia*)lerri</strong></span> <span class='ocrx_word' id='word_1_317' title='bbox 959 3231 1013 3292; x_wconf 90' lang='lat' dir='ltr'><strong>per</strong></span> <span class='ocrx_word' id='word_1_318' title='bbox 1035 3171 1091 3275; x_wconf 76' lang='lat' dir='ltr'><strong>F’G</strong></span> <span class='ocrx_word' id='word_1_319' title='bbox 1115 3215 1256 3289; x_wconf 88' lang='lat' dir='ltr'><strong>celerius,</strong></span> <span class='ocrx_word' id='word_1_320' title='bbox 1281 3232 1380 3296; x_wconf 88' lang='lat' dir='ltr'><strong>quam</strong></span> <span class='ocrx_word' id='word_1_321' title='bbox 1396 3215 1469 3278; x_wconf 79' lang='lat' dir='ltr'><strong>Sola</strong></span> 
     </span>
     <span class='ocr_line' id='line_1_34' title="bbox 145 3302 1469 3383; baseline 0.004 -21"><span class='ocrx_word' id='word_1_322' title='bbox 145 3321 200 3382; x_wconf 90' lang='lat' dir='ltr'><strong>per</strong></span> <span class='ocrx_word' id='word_1_323' title='bbox 219 3302 280 3364; x_wconf 84' lang='grc' dir='ltr'><strong>ΔΕ</strong></span> <span class='ocrx_word' id='word_1_324' title='bbox 303 3303 351 3365; x_wconf 85' lang='lat' dir='ltr'><strong>vel</strong></span> <span class='ocrx_word' id='word_1_325' title='bbox 380 3302 456 3363; x_wconf 79' lang='lat' dir='ltr'><strong>fixas</strong></span> <span class='ocrx_word' id='word_1_326' title='bbox 487 3322 541 3383; x_wconf 89' lang='lat' dir='ltr'><strong>per</strong></span> <span class='ocrx_word' id='word_1_327' title='bbox 563 3303 625 3377; x_wconf 87' lang='lat' dir='ltr'><strong>Hl;</strong></span> <span class='ocrx_word' id='word_1_328' title='bbox 659 3310 703 3361; x_wconf 93' lang='lat' dir='ltr'><strong>at</strong></span> <span class='ocrx_word' id='word_1_329' title='bbox 723 3302 750 3363; x_wconf 92' lang='lat' dir='ltr'><strong>si</strong></span> <span class='ocrx_word' id='word_1_330' title='bbox 773 3320 988 3382; x_wconf 72' lang='lat' dir='ltr'><strong>apoqpooparoa</strong></span> <span class='ocrx_word' id='word_1_331' title='bbox 1017 3311 1165 3383; x_wconf 88' lang='lat' dir='ltr'><strong>appareat</strong></span> <span class='ocrx_word' id='word_1_332' title='bbox 1194 3304 1273 3366; x_wconf 82' lang='lat' dir='ltr'><strong>iuter</strong></span> <span class='ocrx_word' id='word_1_333' title='bbox 1294 3306 1383 3376; x_wconf 86' lang='lat' dir='ltr'><strong>lixas,</strong></span> <span class='ocrx_word' id='word_1_334' title='bbox 1415 3313 1469 3368; x_wconf 71' lang='lat' dir='ltr'><strong>md</strong></span> 
     </span>
     <span class='ocr_line' id='line_1_35' title="bbox 147 3382 1469 3474; baseline 0.004 -22"><span class='ocrx_word' id='word_1_335' title='bbox 147 3392 324 3472; x_wconf 92' lang='lat' dir='ltr'><strong>retrogrado</strong></span> <span class='ocrx_word' id='word_1_336' title='bbox 348 3391 506 3453; x_wconf 89' lang='lat' dir='ltr'><strong>incedere.</strong></span> <span class='ocrx_word' id='word_1_337' title='bbox 530 3400 565 3453; x_wconf 91' lang='lat' dir='ltr'><strong>ut</strong></span> <span class='ocrx_word' id='word_1_338' title='bbox 587 3391 614 3452; x_wconf 92' lang='lat' dir='ltr'><strong>si</strong></span> <span class='ocrx_word' id='word_1_339' title='bbox 636 3389 691 3452; x_wconf 93' lang='lat' dir='ltr'><strong>Sol</strong></span> <span class='ocrx_word' id='word_1_340' title='bbox 714 3390 742 3452; x_wconf 82' lang='grc' dir='ltr'>Α</span> <span class='ocrx_word' id='word_1_341' title='bbox 766 3410 831 3453; x_wconf 91' lang='lat' dir='ltr'><strong>oum</strong></span> <span class='ocrx_word' id='word_1_342' title='bbox 859 3392 919 3453; x_wconf 78' lang='lat' dir='ltr'><strong>fixa</strong></span> <span class='ocrx_word' id='word_1_343' title='bbox 941 3391 970 3452; x_wconf 90' lang='lat' dir='ltr'>H</span> <span class='ocrx_word' id='word_1_344' title='bbox 995 3410 1031 3452; x_wconf 80' lang='lat' dir='ltr'><strong>ex</strong></span> <span class='ocrx_word' id='word_1_345' title='bbox 1054 3389 1161 3455; x_wconf 83' lang='lat' dir='ltr'><strong>iisdem</strong></span> <span class='ocrx_word' id='word_1_346' title='bbox 1195 3393 1291 3474; x_wconf 90' lang='lat' dir='ltr'><strong>pridie</strong></span> <span class='ocrx_word' id='word_1_347' title='bbox 1325 3382 1469 3471; x_wconf 77' lang='lat' dir='ltr'><strong>carceribi</strong></span> 
     </span>
     <span class='ocr_line' id='line_1_36' title="bbox 145 3476 1469 3566; baseline 0.002 -23"><span class='ocrx_word' id='word_1_348' title='bbox 145 3481 205 3543; x_wconf 84' lang='grc' dir='ltr'><strong>ΑΗ</strong></span> <span class='ocrx_word' id='word_1_349' title='bbox 230 3481 367 3556; x_wconf 88' lang='lat' dir='ltr'><strong>emissus,</strong></span> <span class='ocrx_word' id='word_1_350' title='bbox 391 3500 445 3561; x_wconf 89' lang='lat' dir='ltr'><strong>per</strong></span> <span class='ocrx_word' id='word_1_351' title='bbox 467 3479 579 3544; x_wconf 80' lang='lat' dir='ltr'><strong>Boou</strong></span> <span class='ocrx_word' id='word_1_352' title='bbox 601 3480 791 3561; x_wconf 88' lang='lat' dir='ltr'><strong>pervenisset</strong></span> <span class='ocrx_word' id='word_1_353' title='bbox 812 3499 905 3559; x_wconf 91' lang='lat' dir='ltr'><strong>usque</strong></span> <span class='ocrx_word' id='word_1_354' title='bbox 928 3480 1016 3553; x_wconf 92' lang='lat' dir='ltr'><strong>inP,</strong></span> <span class='ocrx_word' id='word_1_355' title='bbox 1040 3480 1100 3543; x_wconf 82' lang='lat' dir='ltr'><strong>fixa</strong></span> <span class='ocrx_word' id='word_1_356' title='bbox 1122 3501 1192 3544; x_wconf 89' lang='lat' dir='ltr'><strong>vero</strong></span> <span class='ocrx_word' id='word_1_357' title='bbox 1215 3501 1269 3563; x_wconf 88' lang='lat' dir='ltr'><strong>per</strong></span> <span class='ocrx_word' id='word_1_358' title='bbox 1291 3483 1379 3545; x_wconf 84' lang='lat' dir='ltr'><strong>HLK</strong></span> <span class='ocrx_word' id='word_1_359' title='bbox 1404 3476 1469 3566; x_wconf 60' lang='lat' dir='ltr'><strong>usp</strong></span> 
     </span>
     <span class='ocr_line' id='line_1_37' title="bbox 147 3568 1247 3649; baseline 0.002 -18"><span class='ocrx_word' id='word_1_360' title='bbox 147 3571 176 3632; x_wconf 90' lang='lat' dir='ltr'><strong>in</strong></span> <span class='ocrx_word' id='word_1_361' title='bbox 200 3570 225 3639; x_wconf 91' lang='lat'><strong>1,</strong></span> <span class='ocrx_word' id='word_1_362' title='bbox 251 3568 304 3633; x_wconf 89' lang='lat' dir='ltr'><strong>Sol</strong></span> <span class='ocrx_word' id='word_1_363' title='bbox 328 3570 414 3633; x_wconf 91' lang='lat' dir='ltr'><strong>unius</strong></span> <span class='ocrx_word' id='word_1_364' title='bbox 438 3570 497 3632; x_wconf 91' lang='lat' dir='ltr'><strong>diei</strong></span> <span class='ocrx_word' id='word_1_365' title='bbox 520 3569 620 3649; x_wconf 89' lang='lat' dir='ltr'><strong>spatio</strong></span> <span class='ocrx_word' id='word_1_366' title='bbox 642 3588 696 3649; x_wconf 85' lang='lat' dir='ltr'><strong>per</strong></span> <span class='ocrx_word' id='word_1_367' title='bbox 718 3568 989 3632; x_wconf 85' lang='lat' dir='ltr'><strong>intervallumAP</strong></span> <span class='ocrx_word' id='word_1_368' title='bbox 1011 3571 1247 3637; x_wconf 88' lang='lat' dir='ltr'><strong>retrocessisset.</strong></span> 
     </span>
    </p>

    <p class='ocr_par' dir='ltr' id='par_1_5' title="bbox 146 3658 1469 4185">
     <span class='ocr_line' id='line_1_38' title="bbox 236 3658 1469 3739; baseline 0.002 -19"><span class='ocrx_word' id='word_1_369' title='bbox 236 3659 366 3739; x_wconf 88' lang='lat' dir='ltr'><strong>Magnus</strong></span> <span class='ocrx_word' id='word_1_370' title='bbox 390 3658 491 3722; x_wconf 89' lang='lat' dir='ltr'><strong>hicio</strong></span> <span class='ocrx_word' id='word_1_371' title='bbox 516 3658 699 3720; x_wconf 87' lang='lat' dir='ltr'><strong>astronomia</strong></span> <span class='ocrx_word' id='word_1_372' title='bbox 729 3659 882 3737; x_wconf 83' lang='lat' dir='ltr'><strong>profectus</strong></span> <span class='ocrx_word' id='word_1_373' title='bbox 906 3658 963 3720; x_wconf 87' lang='lat' dir='ltr'><strong>fuit</strong></span> <span class='ocrx_word' id='word_1_374' title='bbox 986 3659 1024 3719; x_wconf 91' lang='lat' dir='ltr'><strong>ad</strong></span> <span class='ocrx_word' id='word_1_375' title='bbox 1053 3658 1224 3723; x_wconf 81' lang='lat' dir='ltr'><strong>discendam</strong></span> <span class='ocrx_word' id='word_1_376' title='bbox 1254 3668 1390 3722; x_wconf 87' lang='lat' dir='ltr'><strong>motuum</strong></span> <span class='ocrx_word' id='word_1_377' title='bbox 1422 3658 1469 3722; x_wconf 81' lang='lat' dir='ltr'><strong>sla</strong></span> 
     </span>
     <span class='ocr_line' id='line_1_39' title="bbox 147 3746 1469 3831; baseline 0.002 -22"><span class='ocrx_word' id='word_1_378' title='bbox 147 3747 325 3829; x_wconf 89' lang='lat' dir='ltr'><strong>plicitatem.</strong></span> <span class='ocrx_word' id='word_1_379' title='bbox 372 3750 431 3811; x_wconf 92' lang='lat' dir='ltr'><strong>Pro</strong></span> <span class='ocrx_word' id='word_1_380' title='bbox 454 3746 578 3810; x_wconf 85' lang='lat' dir='ltr'><strong>infinitis</strong></span> <span class='ocrx_word' id='word_1_381' title='bbox 602 3748 680 3809; x_wconf 92' lang='lat' dir='ltr'><strong>enim</strong></span> <span class='ocrx_word' id='word_1_382' title='bbox 704 3747 804 3828; x_wconf 81' lang='lat' dir='ltr'><strong>spirls,</strong></span> <span class='ocrx_word' id='word_1_383' title='bbox 827 3765 946 3826; x_wconf 88' lang='lat' dir='ltr'><strong>semper</strong></span> <span class='ocrx_word' id='word_1_384' title='bbox 969 3765 1048 3810; x_wconf 83' lang='lat' dir='ltr'><strong>nova</strong></span> <span class='ocrx_word' id='word_1_385' title='bbox 1070 3767 1109 3810; x_wconf 90' lang='lat' dir='ltr'><strong>ex</strong></span> <span class='ocrx_word' id='word_1_386' title='bbox 1130 3751 1187 3811; x_wconf 86' lang='lat' dir='ltr'><strong>tine</strong></span> <span class='ocrx_word' id='word_1_387' title='bbox 1209 3748 1319 3831; x_wconf 92' lang='lat' dir='ltr'><strong>prioris</strong></span> <span class='ocrx_word' id='word_1_388' title='bbox 1342 3747 1469 3825; x_wconf 60' lang='lat' dir='ltr'><strong>Ereti</strong></span> 
     </span>
     <span class='ocr_line' id='line_1_40' title="bbox 149 3834 1469 3919; baseline 0.002 -20"><span class='ocrx_word' id='word_1_389' title='bbox 149 3856 238 3912; x_wconf 85' lang='lat' dir='ltr'><strong>nexa,</strong></span> <span class='ocrx_word' id='word_1_390' title='bbox 262 3837 505 3919; x_wconf 88' lang='lat' dir='ltr'><strong>relinquebantur</strong></span> <span class='ocrx_word' id='word_1_391' title='bbox 528 3835 637 3916; x_wconf 86' lang='lat' dir='ltr'><strong>singuli</strong></span> <span class='ocrx_word' id='word_1_392' title='bbox 650 3855 727 3916; x_wconf 89' lang='lat' dir='ltr'><strong>pene</strong></span> <span class='ocrx_word' id='word_1_393' title='bbox 750 3835 852 3899; x_wconf 91' lang='lat' dir='ltr'><strong>circuli</strong></span> <span class='ocrx_word' id='word_1_394' title='bbox 866 3834 922 3898; x_wconf 87' lang='lat' dir='ltr'><strong>FG</strong></span> <span class='ocrx_word' id='word_1_395' title='bbox 938 3843 971 3897; x_wconf 90' lang='lat' dir='ltr'><strong>et</strong></span> <span class='ocrx_word' id='word_1_396' title='bbox 984 3837 1041 3899; x_wconf 82' lang='grc' dir='ltr'><strong>ΑΕ</strong></span> <span class='ocrx_word' id='word_1_397' title='bbox 1059 3847 1091 3900; x_wconf 90' lang='lat' dir='ltr'><strong>et</strong></span> <span class='ocrx_word' id='word_1_398' title='bbox 1105 3858 1181 3901; x_wconf 91' lang='lat' dir='ltr'><strong>onus</strong></span> <span class='ocrx_word' id='word_1_399' title='bbox 1204 3837 1368 3901; x_wconf 89' lang='lat' dir='ltr'><strong>communis</strong></span> <span class='ocrx_word' id='word_1_400' title='bbox 1387 3842 1469 3901; x_wconf 67' lang='lat' dir='ltr'><strong>motu</strong></span> 
     </span>
     <span class='ocr_line' id='line_1_41' title="bbox 147 3922 1469 4011; baseline 0 -23"><span class='ocrx_word' id='word_1_401' title='bbox 147 3946 203 3989; x_wconf 90' lang='lat' dir='ltr'><strong>seu</strong></span> <span class='ocrx_word' id='word_1_402' title='bbox 224 3926 354 3989; x_wconf 91' lang='lat' dir='ltr'><strong>omnium</strong></span> <span class='ocrx_word' id='word_1_403' title='bbox 377 3927 567 4008; x_wconf 89' lang='lat' dir='ltr'><strong>planetamm</strong></span> <span class='ocrx_word' id='word_1_404' title='bbox 595 3925 745 4006; x_wconf 87' lang='lat' dir='ltr'><strong>totiusque</strong></span> <span class='ocrx_word' id='word_1_405' title='bbox 773 3927 849 3987; x_wconf 90' lang='lat' dir='ltr'><strong>adeo</strong></span> <span class='ocrx_word' id='word_1_406' title='bbox 873 3924 975 3990; x_wconf 88' lang='lat' dir='ltr'><strong>mundi</strong></span> <span class='ocrx_word' id='word_1_407' title='bbox 998 3926 1028 3987; x_wconf 95' lang='lat' dir='ltr'><strong>in</strong></span> <span class='ocrx_word' id='word_1_408' title='bbox 1051 3927 1173 4008; x_wconf 81' lang='lat' dir='ltr'><strong>plagam</strong></span> <span class='ocrx_word' id='word_1_409' title='bbox 1205 3927 1337 3990; x_wconf 88' lang='lat' dir='ltr'><strong>motibus</strong></span> <span class='ocrx_word' id='word_1_410' title='bbox 1367 3922 1469 4011; x_wconf 81' lang='lat' dir='ltr'><strong>propd</strong></span> 
     </span>
     <span class='ocr_line' id='line_1_42' title="bbox 146 4014 1469 4097; baseline 0 -21"><span class='ocrx_word' id='word_1_411' title='bbox 146 4015 340 4092; x_wconf 87' lang='lat' dir='ltr'><strong>contrariam,</strong></span> <span class='ocrx_word' id='word_1_412' title='bbox 365 4035 421 4079; x_wconf 89' lang='lat' dir='ltr'><strong>seu</strong></span> <span class='ocrx_word' id='word_1_413' title='bbox 444 4015 605 4077; x_wconf 91' lang='lat' dir='ltr'><strong>secundum</strong></span> <span class='ocrx_word' id='word_1_414' title='bbox 619 4014 830 4078; x_wconf 86' lang='lat' dir='ltr'><strong>Aristarchum</strong></span> <span class='ocrx_word' id='word_1_415' title='bbox 853 4021 954 4076; x_wconf 86' lang='lat' dir='ltr'><strong>stante</strong></span> <span class='ocrx_word' id='word_1_416' title='bbox 976 4016 1096 4090; x_wconf 91' lang='lat' dir='ltr'><strong>mundo,</strong></span> <span class='ocrx_word' id='word_1_417' title='bbox 1119 4017 1202 4097; x_wconf 91' lang='lat' dir='ltr'><strong>globi</strong></span> <span class='ocrx_word' id='word_1_418' title='bbox 1225 4015 1354 4079; x_wconf 85' lang='lat' dir='ltr'><strong>Telluris</strong></span> <span class='ocrx_word' id='word_1_419' title='bbox 1364 4014 1397 4076; x_wconf 76' lang='grc' dir='ltr'>Τ</span> <span class='ocrx_word' id='word_1_420' title='bbox 1420 4014 1469 4087; x_wconf 72' lang='lat' dir='ltr'><strong>cla</strong></span> 
     </span>
     <span class='ocr_line' id='line_1_43' title="bbox 148 4103 1071 4185; baseline -0.001 -17"><span class='ocrx_word' id='word_1_421' title='bbox 148 4122 235 4168; x_wconf 83' lang='lat' dir='ltr'><strong>axem</strong></span> <span class='ocrx_word' id='word_1_422' title='bbox 258 4103 319 4176; x_wconf 75' lang='lat' dir='ltr'><strong>Qu</strong></span> <span class='ocrx_word' id='word_1_423' title='bbox 341 4106 370 4168; x_wconf 93' lang='lat' dir='ltr'><strong>in</strong></span> <span class='ocrx_word' id='word_1_424' title='bbox 393 4105 516 4185; x_wconf 91' lang='lat' dir='ltr'><strong>plagam</strong></span> <span class='ocrx_word' id='word_1_425' title='bbox 540 4103 665 4166; x_wconf 91' lang='lat' dir='ltr'><strong>eandem</strong></span> <span class='ocrx_word' id='word_1_426' title='bbox 690 4123 756 4166; x_wconf 90' lang='lat' dir='ltr'><strong>coru</strong></span> <span class='ocrx_word' id='word_1_427' title='bbox 779 4104 907 4185; x_wconf 89' lang='lat' dir='ltr'><strong>propriis</strong></span> <span class='ocrx_word' id='word_1_428' title='bbox 930 4105 1071 4168; x_wconf 87' lang='lat' dir='ltr'><strong>motibus.</strong></span> 
     </span>
    </p>

    <p class='ocr_par' dir='ltr' id='par_1_6' title="bbox 148 4192 1469 4543">
     <span class='ocr_line' id='line_1_44' title="bbox 237 4192 1469 4275; baseline 0.002 -19"><span class='ocrx_word' id='word_1_429' title='bbox 237 4192 386 4275; x_wconf 87' lang='lat' dir='ltr'><strong>Separato</strong></span> <span class='ocrx_word' id='word_1_430' title='bbox 413 4193 480 4273; x_wconf 89' lang='lat' dir='ltr'><strong>jam</strong></span> <span class='ocrx_word' id='word_1_431' title='bbox 506 4192 602 4273; x_wconf 92' lang='lat' dir='ltr'><strong>primo</strong></span> <span class='ocrx_word' id='word_1_432' title='bbox 633 4201 665 4255; x_wconf 85' lang='lat' dir='ltr'><strong>et</strong></span> <span class='ocrx_word' id='word_1_433' title='bbox 686 4194 791 4255; x_wconf 90' lang='lat' dir='ltr'><strong>diumo</strong></span> <span class='ocrx_word' id='word_1_434' title='bbox 814 4201 897 4255; x_wconf 91' lang='lat' dir='ltr'><strong>motn</strong></span> <span class='ocrx_word' id='word_1_435' title='bbox 921 4201 953 4255; x_wconf 86' lang='lat' dir='ltr'><strong>et</strong></span> <span class='ocrx_word' id='word_1_436' title='bbox 974 4194 1131 4274; x_wconf 89' lang='lat' dir='ltr'><strong>perpensis</strong></span> <span class='ocrx_word' id='word_1_437' title='bbox 1155 4201 1272 4256; x_wconf 90' lang='lat' dir='ltr'><strong>tantum</strong></span> <span class='ocrx_word' id='word_1_438' title='bbox 1295 4195 1333 4258; x_wconf 91' lang='lat' dir='ltr'><strong>iis</strong></span> <span class='ocrx_word' id='word_1_439' title='bbox 1355 4193 1469 4275; x_wconf 77' lang='lat' dir='ltr'><strong>modbr</strong></span> 
     </span>
     <span class='ocr_line' id='line_1_45' title="bbox 149 4280 1469 4363; baseline 0.003 -20"><span class='ocrx_word' id='word_1_440' title='bbox 149 4282 198 4362; x_wconf 91' lang='lat' dir='ltr'><strong>qui</strong></span> <span class='ocrx_word' id='word_1_441' title='bbox 231 4283 392 4346; x_wconf 90' lang='lat' dir='ltr'><strong>collatione</strong></span> <span class='ocrx_word' id='word_1_442' title='bbox 422 4284 536 4345; x_wconf 90' lang='lat' dir='ltr'><strong>diemm</strong></span> <span class='ocrx_word' id='word_1_443' title='bbox 568 4281 682 4362; x_wconf 90' lang='lat' dir='ltr'><strong>aliquot</strong></span> <span class='ocrx_word' id='word_1_444' title='bbox 714 4282 974 4363; x_wconf 89' lang='lat' dir='ltr'><strong>deprehenduntur</strong></span> <span class='ocrx_word' id='word_1_445' title='bbox 997 4293 1028 4345; x_wconf 91' lang='lat' dir='ltr'><strong>et</strong></span> <span class='ocrx_word' id='word_1_446' title='bbox 1056 4283 1181 4362; x_wconf 90' lang='lat' dir='ltr'><strong>singolis</strong></span> <span class='ocrx_word' id='word_1_447' title='bbox 1211 4285 1343 4363; x_wconf 89' lang='lat' dir='ltr'><strong>planetis</strong></span> <span class='ocrx_word' id='word_1_448' title='bbox 1372 4280 1469 4347; x_wconf 80' lang='lat' dir='ltr'><strong>seorsl</strong></span> 
     </span>
     <span class='ocr_line' id='line_1_46' title="bbox 148 4370 1469 4455; baseline 0.003 -23"><span class='ocrx_word' id='word_1_449' title='bbox 148 4371 264 4449; x_wconf 90' lang='lat' dir='ltr'><strong>insunt,</strong></span> <span class='ocrx_word' id='word_1_450' title='bbox 291 4374 356 4452; x_wconf 85' lang='lat' dir='ltr'><strong>jam</strong></span> <span class='ocrx_word' id='word_1_451' title='bbox 387 4373 415 4435; x_wconf 91' lang='lat' dir='ltr'><strong>iu</strong></span> <span class='ocrx_word' id='word_1_452' title='bbox 448 4372 495 4433; x_wconf 88' lang='lat' dir='ltr'><strong>his</strong></span> <span class='ocrx_word' id='word_1_453' title='bbox 527 4371 602 4451; x_wconf 91' lang='lat' dir='ltr'><strong>ipsis</strong></span> <span class='ocrx_word' id='word_1_454' title='bbox 634 4370 727 4433; x_wconf 89' lang='lat' dir='ltr'><strong>multo</strong></span> <span class='ocrx_word' id='word_1_455' title='bbox 755 4373 849 4452; x_wconf 86' lang='lat' dir='ltr'><strong>major</strong></span> <span class='ocrx_word' id='word_1_456' title='bbox 877 4372 1017 4452; x_wconf 90' lang='lat' dir='ltr'><strong>appamit</strong></span> <span class='ocrx_word' id='word_1_457' title='bbox 1040 4373 1175 4435; x_wconf 87' lang='lat' dir='ltr'><strong>confusio</strong></span> <span class='ocrx_word' id='word_1_458' title='bbox 1200 4393 1287 4453; x_wconf 91' lang='lat' dir='ltr'><strong>quam</strong></span> <span class='ocrx_word' id='word_1_459' title='bbox 1309 4375 1412 4455; x_wconf 90' lang='lat' dir='ltr'><strong>prins,</strong></span> <span class='ocrx_word' id='word_1_460' title='bbox 1436 4390 1469 4436; x_wconf 82' lang='lat' dir='ltr'><strong>ou</strong></span> 
     </span>
     <span class='ocr_line' id='line_1_47' title="bbox 150 4459 1469 4543; baseline 0.003 -22"><span class='ocrx_word' id='word_1_461' title='bbox 150 4459 247 4522; x_wconf 91' lang='lat' dir='ltr'><strong>adhuc</strong></span> <span class='ocrx_word' id='word_1_462' title='bbox 278 4471 377 4525; x_wconf 91' lang='lat' dir='ltr'><strong>motus</strong></span> <span class='ocrx_word' id='word_1_463' title='bbox 409 4461 529 4525; x_wconf 91' lang='lat' dir='ltr'><strong>diurnus</strong></span> <span class='ocrx_word' id='word_1_464' title='bbox 564 4468 597 4522; x_wconf 88' lang='lat' dir='ltr'><strong>et</strong></span> <span class='ocrx_word' id='word_1_465' title='bbox 619 4461 782 4523; x_wconf 89' lang='lat' dir='ltr'><strong>communis</strong></span> <span class='ocrx_word' id='word_1_466' title='bbox 805 4461 879 4543; x_wconf 87' lang='lat' dir='ltr'><strong>ipsis</strong></span> <span class='ocrx_word' id='word_1_467' title='bbox 903 4470 986 4523; x_wconf 89' lang='lat' dir='ltr'><strong>esset</strong></span> <span class='ocrx_word' id='word_1_468' title='bbox 1007 4461 1180 4543; x_wconf 88' lang='lat' dir='ltr'><strong>implicitus.</strong></span> <span class='ocrx_word' id='word_1_469' title='bbox 1228 4462 1295 4526; x_wconf 82' lang='lat' dir='ltr'><strong>Etsi</strong></span> <span class='ocrx_word' id='word_1_470' title='bbox 1320 4465 1402 4527; x_wconf 88' lang='lat' dir='ltr'><strong>euim</strong></span> <span class='ocrx_word' id='word_1_471' title='bbox 1425 4463 1469 4527; x_wconf 78' lang='lat' dir='ltr'><strong>har</strong></span> 
     </span>
    </p>
   </div>
   <div class='ocr_carea' id='block_1_3' title="bbox 151 4661 1469 4915">
    <p class='ocr_par' dir='ltr' id='par_1_7' title="bbox 151 4661 1469 4915">
     <span class='ocr_line' id='line_1_48' title="bbox 239 4661 1469 4741; baseline 0.005 -20"><span class='ocrx_word' id='word_1_472' title='bbox 239 4661 267 4739; x_wconf 71' lang='lat'><strong>⁸)</strong></span> <span class='ocrx_word' id='word_1_473' title='bbox 288 4667 320 4721; x_wconf 92' lang='lat' dir='ltr'><strong>ln</strong></span> <span class='ocrx_word' id='word_1_474' title='bbox 340 4667 537 4740; x_wconf 83' lang='lat' dir='ltr'><strong>consequentia</strong></span> <span class='ocrx_word' id='word_1_475' title='bbox 556 4674 601 4722; x_wconf 85' lang='lat' dir='ltr'><strong>est</strong></span> <span class='ocrx_word' id='word_1_476' title='bbox 621 4669 768 4722; x_wconf 87' lang='lat' dir='ltr'><strong>secundnm</strong></span> <span class='ocrx_word' id='word_1_477' title='bbox 794 4669 934 4741; x_wconf 83' lang='lat' dir='ltr'><strong>signorum</strong></span> <span class='ocrx_word' id='word_1_478' title='bbox 962 4669 1059 4725; x_wconf 88' lang='lat' dir='ltr'><strong>seriem</strong></span> <span class='ocrx_word' id='word_1_479' title='bbox 1087 4672 1124 4725; x_wconf 91' lang='lat' dir='ltr'><strong>ab</strong></span> <span class='ocrx_word' id='word_1_480' title='bbox 1144 4671 1241 4725; x_wconf 83' lang='lat' dir='ltr'><strong>Ariete</strong></span> <span class='ocrx_word' id='word_1_481' title='bbox 1261 4671 1289 4727; x_wconf 94' lang='lat' dir='ltr'><strong>in</strong></span> <span class='ocrx_word' id='word_1_482' title='bbox 1310 4672 1432 4727; x_wconf 81' lang='lat' dir='ltr'><strong>Taurum</strong></span> <span class='ocrx_word' id='word_1_483' title='bbox 1449 4666 1469 4739; x_wconf 64' lang='lat'>1</span> 
     </span>
     <span class='ocr_line' id='line_1_49' title="bbox 151 4747 1469 4824; baseline 0.006 -23"><span class='ocrx_word' id='word_1_484' title='bbox 151 4762 222 4818; x_wconf 85' lang='lat' dir='ltr'><strong>quae</strong></span> <span class='ocrx_word' id='word_1_485' title='bbox 253 4747 337 4802; x_wconf 83' lang='lat' dir='ltr'><strong>series</strong></span> <span class='ocrx_word' id='word_1_486' title='bbox 367 4750 456 4804; x_wconf 81' lang='lat' dir='ltr'><strong>tendit</strong></span> <span class='ocrx_word' id='word_1_487' title='bbox 476 4750 512 4804; x_wconf 90' lang='lat' dir='ltr'><strong>ab</strong></span> <span class='ocrx_word' id='word_1_488' title='bbox 533 4764 632 4803; x_wconf 84' lang='lat' dir='ltr'><strong>occasu</strong></span> <span class='ocrx_word' id='word_1_489' title='bbox 654 4765 706 4818; x_wconf 87' lang='lat' dir='ltr'><strong>per</strong></span> <span class='ocrx_word' id='word_1_490' title='bbox 734 4748 872 4809; x_wconf 83' lang='lat' dir='ltr'><strong>meridiem</strong></span> <span class='ocrx_word' id='word_1_491' title='bbox 892 4750 920 4804; x_wconf 94' lang='lat' dir='ltr'><strong>in</strong></span> <span class='ocrx_word' id='word_1_492' title='bbox 940 4751 1103 4805; x_wconf 86' lang='lat' dir='ltr'><strong>orientalem</strong></span> <span class='ocrx_word' id='word_1_493' title='bbox 1127 4753 1243 4824; x_wconf 87' lang='lat' dir='ltr'><strong>plagam</strong></span> <span class='ocrx_word' id='word_1_494' title='bbox 1263 4760 1293 4808; x_wconf 87' lang='lat' dir='ltr'><strong>at</strong></span> <span class='ocrx_word' id='word_1_495' title='bbox 1316 4753 1381 4807; x_wconf 87' lang='lat' dir='ltr'><strong>inde</strong></span> <span class='ocrx_word' id='word_1_496' title='bbox 1407 4766 1469 4824; x_wconf 70' lang='lat' dir='ltr'><strong>ram</strong></span> 
     </span>
     <span class='ocr_line' id='line_1_50' title="bbox 151 4827 1119 4915; baseline 0.005 -32"><span class='ocrx_word' id='word_1_497' title='bbox 151 4827 324 4884; x_wconf 83' lang='lat' dir='ltr'><strong>imnmcoeli</strong></span> <span class='ocrx_word' id='word_1_498' title='bbox 344 4846 450 4887; x_wconf 78' lang='lat' dir='ltr'><strong>nusum</strong></span> <span class='ocrx_word' id='word_1_499' title='bbox 471 4832 505 4886; x_wconf 85' lang='lat' dir='ltr'><strong>sd</strong></span> <span class='ocrx_word' id='word_1_500' title='bbox 525 4829 711 4886; x_wconf 84' lang='lat' dir='ltr'><strong>occidentem:</strong></span> <span class='ocrx_word' id='word_1_501' title='bbox 732 4832 769 4887; x_wconf 86' lang='lat' dir='ltr'><strong>ab</strong></span> <span class='ocrx_word' id='word_1_502' title='bbox 789 4831 812 4887; x_wconf 79' lang='lat' dir='ltr'><strong>F</strong></span> <span class='ocrx_word' id='word_1_503' title='bbox 832 4831 860 4888; x_wconf 85' lang='lat' dir='ltr'><strong>in</strong></span> <span class='ocrx_word' id='word_1_504' title='bbox 880 4831 914 4900; x_wconf 79' lang='lat' dir='ltr'><strong>G,</strong></span> <span class='ocrx_word' id='word_1_505' title='bbox 935 4832 972 4915; x_wconf 71' lang='lat' dir='ltr'><strong>ab</strong></span> <span class='ocrx_word' id='word_1_506' title='bbox 992 4835 1018 4886; x_wconf 85' lang='grc' dir='ltr'><strong>Δ</strong></span> <span class='ocrx_word' id='word_1_507' title='bbox 1038 4831 1119 4888; x_wconf 66' lang='lat' dir='ltr'><strong>uu„</strong></span> 
     </span>
    </p>
   </div>
   <div class='ocr_carea' id='block_1_4' title="bbox 0 0 1647 5550">
    <p class='ocr_par' dir='ltr' id='par_1_8' title="bbox 0 0 1647 5550">
     <span class='ocr_line' id='line_1_51' title="bbox 0 0 1647 5550; baseline 0 0"><span class='ocrx_word' id='word_1_508' title='bbox 0 0 1647 5550; x_wconf 95' lang='lat' dir='ltr'><strong> </strong></span> 
     </span>
    </p>
   </div>
  </div>
 </body>
</html>
