3278 5550
613 320 616 325 '
648 307 810 365 meuc.
1342 306 1406 381 tlt

79 492 214 547 ineuntur
232 490 269 546 ob
288 489 472 547 fondamento
499 489 674 546 scientiarum
701 505 835 545 concussa
854 496 930 545 motu
949 487 1082 553 Telluris,
1112 490 1257 563 detegm,
1286 491 1407 564 inquam,

79 573 178 627 fideliter
198 573 327 627 instituta
346 572 556 644 praecipuorum
576 571 711 642 capitum,
739 587 810 642 quae
831 571 939 647 adhoc
958 569 1101 641 negotium
1121 570 1239 638 iaciunt,
1260 579 1292 628 et
1311 573 1407 629 sistam

77 655 102 706 st
119 654 207 706 oculos
227 654 318 708 omnia
337 651 599 707 demonstrationum
627 650 776 722 principia,
807 649 905 722 quibus
935 649 1123 706 conclusiones
1152 667 1230 707 meae
1259 658 1407 725 untopere

75 733 126 803 pois
145 732 267 788 inimicae
287 733 450 789 innitantur.
1460 771 1467 780 ·

136 814 196 867 Hoc
215 813 287 868 enim
307 814 355 869 ubi
375 812 494 867 viderint
512 810 631 866 tdeliter
651 810 824 881 praestitum,
846 809 984 880 optionem
997 816 1099 882 postea
1115 810 1232 868 liberam
1252 813 1405 879 habebunt,

73 894 107 945 vel
124 894 283 964 perlegendi
304 901 335 949 et
354 892 522 965 percipiendi
542 891 790 946 demonstrationes
810 891 887 961 ipsas
908 890 1004 946 labore
1024 891 1156 955 maximo,
1186 893 1232 946 vel
1256 891 1322 948 mihi
1342 909 1407 964 pro·

73 973 174 1027 leuiore
194 974 391 1029 mathematico
411 989 497 1044 super
516 972 643 1026 adhibita
662 971 771 1025 sincera
790 979 821 1025 et
840 971 1011 1042 geometrica
1029 971 1159 1026 methodo
1179 973 1322 1028 credendi:
1352 972 1407 1045 ipsi

72 1071 130 1115 vero,
152 1056 222 1124 qnod
245 1070 356 1110 summ
376 1054 432 1109 erit
451 1052 580 1123 partiam,
611 1053 646 1106 ad
667 1051 737 1105 haec
757 1051 796 1105 sio
816 1052 852 1105 ob
873 1052 966 1105 oculos
987 1052 1126 1106 collocata
1145 1052 1407 1108 demonstrationum

71 1133 189 1203 principia
203 1135 338 1200 conrersi,
359 1135 410 1189 illa
423 1133 576 1198 excutient,
597 1131 675 1195 certi,
697 1131 749 1185 nisi
764 1132 797 1185 iis
811 1131 915 1186 eversis
929 1149 983 1185 non
996 1131 1130 1186 ruituram
1147 1132 1407 1191 demonstrationem

71 1214 334 1283 apameae-tam:
357 1217 431 1271 ldem
452 1213 551 1268 daciam
572 1213 749 1275 etiamtunc,
770 1211 819 1265 ubi
838 1228 914 1265 more
934 1212 1111 1284 physicorum
1124 1213 1286 1268 necessariis
1306 1212 1406 1269 admu-

69 1310 134 1347 mero
155 1295 328 1363 probabilia,
359 1312 451 1367 enque
475 1293 509 1347 iia
530 1294 569 1348 sic
589 1292 683 1347 mixtis
704 1291 875 1362 probabilem
896 1299 1064 1346 exstruxero
1085 1293 1295 1349 conclusionem.
1335 1293 1406 1349 liam

68 1374 189 1443 quiahoc
209 1375 238 1429 in
259 1392 344 1447 opere
363 1375 509 1447 physicam
529 1374 676 1429 coelestem
698 1371 883 1427 astronomiae
904 1371 1061 1442 permiscui,
1092 1390 1171 1428 nemo
1199 1372 1293 1429 mirari
1312 1372 1405 1439 debet,

11 1444 16 1513 i
66 1453 227 1521 unimores
248 1456 333 1511 etiam
353 1455 502 1510 nonnullas
523 1453 657 1509 adhiberi.
699 1454 778 1507 llaec
798 1452 869 1506 enirn
889 1452 1036 1524 physicae,
1058 1453 1129 1508 haec
1148 1453 1312 1519 medicinae,
1333 1454 1405 1509 haec

11 1536 13 1559 ²
64 1535 165 1588 onninm
188 1535 366 1591 scientiarum
386 1542 489 1591 natura
508 1541 561 1600 est,
583 1550 654 1605 qnae
675 1540 787 1603 praeter
808 1533 948 1588 oculorum
969 1533 1135 1588 certissimas
1149 1533 1330 1589 indicationes
1344 1532 1405 1589 alia

63 1613 133 1668 ra'am
153 1616 290 1671 adhibent
310 1617 463 1673 axiomata

126 1694 172 1748 Sic
193 1696 283 1769 igitur
301 1697 410 1753 habeat
428 1697 529 1759 lector,
550 1695 619 1749 duas
639 1711 701 1749 esse
722 1699 939 1749 astronomorum
959 1701 1065 1750 sectas:
1096 1695 1214 1749 alteram
1244 1694 1404 1766 coryphaeo

59 1773 254 1831 Ptolemaeo
274 1784 305 1831 et
324 1776 522 1848 utplurimum
542 1774 715 1846 allegatione
736 1781 860 1830 veterum
880 1773 1030 1846 insignems
1059 1774 1177 1830 alteram
1204 1774 1404 1830 reoentioribua

58 1855 191 1919 amum,
213 1856 283 1913 licet
302 1856 340 1911 sit
359 1857 564 1929 antiquissimae
586 1871 701 1928 quarum
715 1855 765 1909 illa
782 1854 934 1910 errantium
954 1855 1099 1911 stellarum
1113 1854 1241 1928 singulas
1254 1853 1406 1926 separatim

56 1940 152 1990 flectat
173 1952 333 2009 cauasque
353 1945 475 1995 motuum
495 1936 613 2009 singulis
634 1937 663 1991 in
683 1936 741 1990 suis
762 1935 883 2005 ipsarum
897 1935 1009 1989 orbibus
1027 1935 1162 2007 assignat,
1182 1936 1255 1990 haec
1273 1936 1406 2006 planetas

54 2015 118 2069 'ater
135 2033 169 2070 se
192 2024 346 2088 comparat,
368 2034 495 2091 quaeque
515 2018 544 2073 in
564 2034 660 2072 eorum
678 2016 798 2071 motibus
812 2016 1056 2085 deprehendantur
1068 2015 1229 2081 communia,
1251 2033 1289 2070 ex
1308 2017 1406 2070 eadem

55 2097 182 2153 maai
203 2113 294 2153 causa
312 2098 430 2155 deducit
464 2103 558 2169 Atque
571 2098 642 2152 haec
655 2104 734 2151 secta
747 2113 854 2151 rursum
869 2095 1058 2150 subdividitur.
1092 2096 1211 2151 Causam
1231 2095 1312 2160 enim,
1333 2111 1408 2167 quae

52 2175 174 2245 planetas
196 2178 286 2232 edicit
304 2178 392 2233 rideri
411 2178 591 2235 stationarios
611 2178 858 2249 retrogradosqne,
888 2176 1099 2248 Copernicus
1127 2193 1188 2231 cum
1214 2175 1406 2247 antiquissimo
1527 2188 1532 2199 ·

54 2255 267 2313 Aristarcho
287 2259 449 2315 “mmihit
469 2258 647 2314 translationi
667 2256 786 2312 Telluris
807 2255 935 2311 domicilii
955 2256 1056 2320 nostri,
1087 2256 1185 2327 quibus
1205 2262 1236 2311 et
1255 2273 1320 2328 epo
1340 2256 1406 2311 aab·

56 2336 150 2392 aaiba:
174 2338 297 2409 'l'ycho
317 2357 383 2395 rsro
403 2341 562 2396 Braheus
583 2353 694 2394 causam
715 2336 792 2392 illam
812 2336 973 2391 transcribit
993 2336 1067 2402 Soli,
1096 2337 1126 2391 in
1145 2336 1224 2408 cnjus
1244 2335 1346 2391 ricinia
1365 2335 1408 2391 ait

58 2432 188 2473 mos
208 2435 274 2473 esse
295 2436 345 2474 ceu
364 2422 436 2476 nodo
451 2422 569 2493 quodam
583 2414 651 2487 (non
665 2434 733 2472 sane
747 2434 889 2489 corporeo,
905 2418 953 2472 sed
967 2416 1153 2488 quantitative
1167 2411 1274 2486 tamen)
1288 2416 1408 2473 omniura

63 2496 164 2569 '‘qae
190 2499 371 2569 planetarum
392 2500 559 2556 eccentrioos
580 2499 714 2562 circulos;
735 2505 820 2569 atque
840 2498 913 2551 hunc
932 2496 1020 2552 veluti
1040 2499 1139 2552 nodum
1158 2514 1216 2552 una
1235 2514 1295 2552 oum
1315 2494 1408 2554 Solari

68 2591 164 2646 m
182 2580 264 2634 circa
283 2580 395 2637 Terram
415 2580 581 2636 immobilem
601 2580 749 2636 circumire.

135 2667 227 2724 Tabas
251 2669 328 2724 hisce
347 2670 521 2741 opinionibus
542 2671 576 2724 do
597 2670 696 2723 mundo
717 2666 835 2738 singulis
865 2667 972 2738 quidem
1001 2666 1157 2720 adhaerent
1185 2665 1244 2721 alia
1272 2665 1407 2721 nonnulla

71 2744 213 2819 inhia,
237 2750 337 2820 quibos
358 2759 388 2806 et
407 2751 475 2822 ipsis
488 2751 542 2805 hae
556 2756 652 2804 sectae
671 2749 893 2819 distinguuntur:
914 2749 962 2802 sed
984 2746 1036 2801 illa
1049 2746 1211 2819 singulatim
1224 2745 1408 2817 particularia
1480 2738 1488 2748 ’

68 2826 183 2884 halim
200 2829 314 2885 ratione
335 2831 374 2885 sic
395 2830 534 2887 emendari
554 2838 585 2885 et
604 2830 705 2884 mutari
725 2834 850 2899 possunt,
875 2835 907 2882 ut
926 2829 1005 2899 ipsae
1026 2834 1084 2882 tres
1105 2827 1242 2898 capitales
1263 2826 1407 2898 opiniones

66 2902 152 2979 (μᾶ
172 2910 372 2966 astronomiam
392 2929 442 2967 sen
463 2911 599 2966 coelestes
620 2903 817 2980 apparentiae)
837 2908 866 2967 in
887 2910 988 2963 elleetn
1007 2909 1042 2963 ad
1060 2924 1182 2981 augurem
1201 2906 1410 2980 aequipolleant
1475 2920 1485 2933 ·

64 2996 86 3042 st
100 2990 183 3060 paria
200 2990 318 3046 laniant

126 3071 222 3125 lenm
238 3070 302 3140 jaas
321 3070 478 3127 institutum
498 3071 526 3126 in
547 3072 600 3124 hoc
621 3085 705 3139 opere
726 3067 897 3138 potissimum
918 3068 1026 3140 quidem
1047 3074 1099 3133 est,
1121 3067 1412 3135 astronomicam-doo-

63 3148 151 3205 tiaua
172 3145 341 3221 (praecipue
361 3153 394 3206 de
408 3152 533 3207 Martis
554 3145 644 3219 motu)
659 3150 687 3203 in
702 3149 825 3202 omnihus
840 3148 929 3203 tribus
944 3149 1037 3203 formis
1051 3150 1213 3212 emendares
1233 3148 1274 3203 aio
1292 3148 1411 3220 qnidam,

64 3237 89 3284 st
102 3247 176 3302 qaae
195 3247 236 3286 ex
257 3232 362 3288 tabulis
383 3240 581 3303 computamus,
603 3246 639 3285 ea
659 3228 825 3284 coelestibus
847 3229 1020 3298 appetentiis
1040 3231 1236 3299 respondeant,
1258 3230 1329 3300 qaod
1344 3228 1411 3283 hac·

64 3314 133 3365 lsaaa
151 3328 209 3365 non
230 3311 302 3366 satia
323 3313 479 3367 certatori
499 3312 599 3383 potnit.
634 3310 743 3379 Quippe
758 3310 844 3364 stella
862 3309 985 3364 Martis
1006 3325 1077 3364 anno
1092 3308 1196 3383 Christi
1213 3309 1298 3364 16⁰8.
1317 3325 1411 3364 mama

63 3392 180 3464 Argum
201 3391 291 3462 paolo
310 3391 398 3448 minus
420 3386 454 3448 4⁰
479 3399 594 3462 superat
614 3391 691 3444 illum
712 3391 810 3453 locum,
832 3407 912 3460 quem
932 3389 1025 3460 prodit
1044 3390 1167 3444 calculus
1181 3389 1410 3446 Prutcnicna.

62 3467 343 3527 enarrassem
356 3477 487 3544 Augusto
506 3480 539 3527 et
550 3470 707 3541 Septembri
728 3477 794 3524 sunt
814 3471 918 3542 gradus
938 3470 1025 3540 paulo
1044 3469 1133 3525 minus
1148 3469 1166 3524 5
1181 3469 1209 3523 in
1229 3469 1283 3523 hoc
1302 3484 1410 3525 errore:

63 3550 98 3619 fl*
111 3551 174 3622 jam
192 3551 224 3606 in
244 3568 316 3607 novo
335 3568 396 3608 meo
417 3554 526 3608 calculo
546 3552 658 3623 penitus
678 3557 724 3604 est
742 3550 880 3606 sublatus.
992 3578 996 3585 ·
1349 3572 1354 3581 ·

128 3641 245 3696 Interim
264 3656 332 3696 roro
351 3624 414 3697 dum
435 3642 488 3696 hoc
507 3648 620 3713 praesto
642 3648 673 3695 et
693 3639 811 3694 feliciter
832 3656 980 3711 assequor,
1008 3655 1125 3692 excurro
1151 3638 1236 3692 etiam
1265 3636 1294 3690 in
1323 3644 1410 3692 meta·

63 3718 431 3790 physicam-Aristotelis,
452 3738 503 3777 seu
517 3721 609 3792 potios
623 3719 807 3792 physicam
828 3721 1020 3774 coelestem
1035 3725 1064 3772 et
1078 3734 1177 3773 causas
1191 3723 1312 3772 motuum
1326 3724 1409 3773 natu·

9 3802 17 3859 l
64 3800 124 3855 ntes
137 3801 262 3873 inquiro:
278 3818 316 3857 ex
330 3818 387 3875 qna
399 3801 618 3857 consideratione
632 3802 743 3855 tandem
758 3818 811 3854 non
826 3802 944 3855 obscura
957 3805 1108 3853 nascuntur
1120 3804 1295 3872 argumenta,
1311 3797 1409 3868 quibua

9 3868 14 3885 ¹
62 3880 112 3934 tola
129 3881 278 3952 Coparnici
297 3884 332 3937 de
352 3884 452 3938 mando
474 3882 566 3954 opinio
587 3877 729 3952 (pauculis
749 3876 879 3950 mutatis)
899 3897 974 3945 rera,
996 3879 1121 3949 reliquae
1141 3881 1213 3933 duae
1232 3877 1324 3932 falsae
1344 3893 1409 3933 oon·

9 3972 13 4009 ι
63 3960 197 4017 ramam
217 3959 266 4018 aa
1390 3994 1393 4002 -

129 4041 232 4097 Omnia
249 4058 317 4097 vero
338 4043 462 4098 omnihus
483 4043 526 4098 ita
545 4057 680 4106 munera,
701 4039 826 4111 implexa
846 4047 875 4095 et
888 4039 1028 4111 permixta
1041 4046 1114 4103 sunt,
1136 4044 1168 4092 nt
1182 4036 1299 4093 tentatis
1312 4036 1407 4092 maltis

63 4118 102 4175 ris
121 4122 225 4192 partiar
245 4138 266 4177 a
285 4123 425 4178 veteribus
446 4124 536 4187 tritis,
563 4121 665 4194 partim
686 4122 721 4175 ad
742 4138 836 4176 eornm
856 4121 1036 4177 imitationem
1057 4126 1087 4179 et
1106 4119 1265 4189 exemplum
1285 4117 1407 4184 structis,

62 4201 150 4268 qaum
170 4204 208 4257 ad
228 4204 405 4258 mandatam
418 4204 516 4261 ealerffi
532 4201 708 4258 astronomici
721 4201 856 4256 rationem
869 4201 1049 4271 pervenirem,
1071 4199 1150 4253 nulla
1163 4198 1221 4252 alia
1235 4197 1407 4263 successerit,

63 4295 132 4348 quam
153 4299 225 4353 qnae
245 4283 391 4354 ipsissimis
411 4285 502 4339 causis
523 4290 644 4338 motuum
665 4281 796 4353 physicis,
818 4297 886 4352 quas
907 4282 959 4334 hoc
980 4297 1063 4351 opere
1085 4278 1205 4341 stabilio,
1227 4277 1338 4333 insistit

128 4372 181 4424 Ad
200 4371 375 4445 physicas
394 4388 461 4428 vero
482 4388 581 4428 causas
600 4368 722 4425 motunin
742 4371 917 4442 indagandas
930 4371 1034 4441 primus
1049 4370 1153 4441 grados
1167 4368 1228 4432 luit,
1249 4373 1283 4421 ut
1296 4367 1407 4422 demon·

9 4444 19 4521 ξ
61 4454 178 4516 samu,
199 4468 361 4531 concursum
381 4453 459 4517 illum
480 4452 697 4508 eccentricorum
718 4430 776 4505 nori
802 4450 857 4504 alio
884 4450 946 4505 loco
976 4445 1077 4523 (prope
1099 4444 1205 4518 Solem)
1235 4448 1406 4518 contingere,

9 4556 14 4619 ‚⁸
62 4544 134 4598 qen
154 4530 184 4586 in
202 4531 341 4602 ipsissimo
362 4541 458 4591 centro
478 4533 600 4605 eorporis
614 4531 729 4598 Solaria,
751 4537 849 4585 contra
870 4546 952 4602 quam
966 4530 1179 4600 copernicns
1200 4534 1231 4584 et
1250 4528 1405 4583 Brahens

9 4664 18 4831 i?
62 4611 449 4827 :lxma-correctio
469 4694 493 4749 si
507 4692 684 4784 inPtolem
690 4689 976 4825 ⁸¹⁰.⁸¹¹¹19Pi¹.¹i⁰¹¹⁰¹¹¹
982 4689 1193 4825 οὶδιιιοιὶιιοῗωιξ
1211 4686 1325 4823 {pdbetbit
1337 4687 1404 4741 Pto·

8 4834 17 5069 Ι
63 4846 129 4918 m,
148 4779 804 4928 affiittffibtifflttbl
815 4781 1403 4912 latitantium

1135 4940 1190 4996 to·
