3278 5550
142 293 186 361 58
437 270 441 279 Ι
560 293 665 346 Literna
684 290 785 359 Kupleri
803 294 953 361 aliorumque
971 299 1073 345 mutuae

32 500 38 517 =
142 473 221 555 quod
243 473 275 534 in
300 472 451 539 anomalia
474 472 604 534 eccentri
628 471 712 534 ΒΒΕ
743 472 845 534 debuit
867 473 922 534 DB
946 491 1013 533 esse
1040 468 1182 546 100000,
1207 472 1233 534 si
1256 473 1410 554 periectas
1434 471 1498 535 cir·

118 604 120 612 ·
144 564 230 625 culus
255 562 372 638 fuisset,
392 562 458 641 jam
480 560 539 622 DA
563 568 612 622 est
638 559 775 625 100000.
813 558 919 623 'Datur
943 562 1032 641 igitur
1055 561 1124 634 DA,
1148 561 1205 623 AB
1229 569 1259 623 et
1278 561 1376 636 DBA,
1401 579 1499 643 qnae-¹

146 651 223 714 ritnr
245 670 316 731 pars
340 650 527 731 aequationis
548 651 649 730 optica
662 650 759 722 BDA,
784 659 815 711 et
831 651 874 712 sic
893 651 1019 712 habetur
1042 651 1192 712 anomalia
1214 658 1382 731 coaequata
1396 650 1498 724 Dan,

144 742 328 820 respondens
352 739 519 802 anomaliae
542 739 672 800 eccentri
698 736 757 815 90,
783 759 826 800 se.
850 739 949 801 DBE:
983 747 1082 801 restat
1109 740 1285 819 inquirenda
1308 738 1394 801 Dos:
1418 750 1498 801 ano:

142 831 234 892 maiia
257 829 377 902 media.
426 827 501 891 (lum
533 837 634 892 antem
664 829 814 889 anomalia
845 829 950 891 media.
975 830 1118 891 metiatur
1149 837 1268 913 tempus
1297 848 1348 890 seu
1383 847 1497 902 moras,

144 939 219 999 quae
242 921 366 998 planeta
388 919 416 978 in
440 937 512 979 arcn
536 917 666 979 eccentri
689 916 745 977 DE
769 916 906 992 coniicit,
938 926 969 979 et
993 918 1055 979 sint
1076 934 1177 979 morae
1201 926 1236 979 nt
1258 918 1442 993 distantiae,
1468 918 1497 979 in

142 1009 232 1089 plano
254 1027 326 1070 vero
341 1006 428 1069 ΒΑΕ
446 1006 540 1068 insint
560 1026 663 1068 omnes
678 1007 842 1067 distantiae
867 1007 961 1086 (quod
975 1007 1168 1086 peculiaritas
1190 1007 1221 1069 in
1239 1008 1314 1068 meis
1330 1005 1497 1069 Commen-

141 1097 228 1158 tariis
252 1097 499 1169 demonstratur),
523 1095 699 1175 inquirenda
714 1103 762 1156 est
777 1097 871 1174 igitur
889 1096 1032 1175 planities
1047 1095 1143 1159 ΒΑΕ.
1181 1095 1229 1156 Ea
1245 1096 1336 1158 facile
1355 1096 1496 1157 habetur.

143 1186 247 1248 Posito
271 1186 359 1261 enim,
384 1179 583 1247 eccentricnm
604 1203 672 1245 esse
685 1185 852 1263 perfeetum
875 1185 1026 1257 circulum,
1051 1179 1140 1245 datur
1157 1192 1258 1247 sector
1272 1185 1375 1259 DBE3
1398 1193 1498 1245 restat

142 1275 285 1355 planities
308 1275 395 1336 DAB
419 1273 562 1353 trianguli
588 1273 764 1353 aequaturii.
809 1274 907 1336 Datur
931 1292 1001 1336 vero
1025 1274 1089 1352 ejus
1113 1272 1196 1346 basis
1219 1274 1277 1335 ΒΑ
1300 1284 1332 1335 et
1354 1273 1495 1345 altitudo,

142 1384 247 1445 nempe
271 1364 354 1425 sinna
377 1363 479 1442 anguli
502 1363 595 1436 ΒΒΕ,
618 1381 684 1423 curn
708 1382 779 1441 ergo
809 1364 970 1443 aequealta
997 1364 1060 1423 sint
1082 1370 1116 1423 ut
1143 1363 1239 1423 bases·
1257 1371 1289 1424 et
1312 1363 1497 1444 aequebaeia

141 1463 175 1516 ut
195 1452 384 1526 altitudines,
409 1451 529 1513 dabitur
550 1451 704 1531 proportio
724 1452 929 1532 cujuscunque
941 1452 1024 1531 plani
1043 1452 1129 1512 DAB
1149 1452 1188 1512 ad
1205 1452 1327 1531 planum
1351 1456 1494 1526 erectum,

142 1542 227 1622 cnjus
251 1542 378 1619 angulus
397 1540 488 1615 ‚DBA
510 1550 610 1602 rectus
633 1548 691 1601 est.
728 1538 841 1610 Quare
870 1543 962 1603 semel
991 1541 1112 1620 cognito
1136 1540 1238 1602 valore
1266 1541 1350 1621 plani
1374 1541 1496 1603 maximi

142 1630 238 1701 DEA,
263 1630 329 1704 (ubi
353 1630 396 1695 sie
430 1630 513 1691 dico:
548 1631 669 1709 planum
701 1630 803 1692 circuli
827 1650 865 1690 ex
888 1631 1024 1692 Adriano
1053 1629 1190 1691 Romano
1219 1629 1267 1691 vel
1300 1629 1361 1691 alio
1398 1630 1496 1710 aliquo

142 1721 226 1782 valet
250 1715 333 1783 360⁰
355 1719 385 1780 in
418 1720 513 1797 prima
536 1727 568 1779 et
595 1719 727 1780 secunda
757 1721 912 1795 resoluta:
948 1719 1018 1800 qnid
1048 1719 1131 1779 valet
1159 1718 1281 1798 planum
1313 1718 1495 1799 triangulii)

142 1817 362 1891 cognoscentur
385 1815 417 1869 et
440 1808 532 1888 plana
553 1809 682 1888 reliqua,
705 1826 790 1887 quae
815 1810 977 1871 ostendunt
1005 1809 1132 1871 alteram
1156 1816 1273 1887 partem
1307 1807 1495 1889 aequationis
1536 1815 1537 1824 ’

143 1898 308 1980 physicam,
333 1905 366 1959 ut
389 1897 432 1959 sie
456 1905 523 1958 tota
544 1890 686 1977 planities
701 1896 787 1960 ΒΑΕ
811 1898 875 1958 sive
900 1897 1050 1959 anomalia
1073 1896 1172 1958 media
1195 1905 1248 1959 ant
1268 1897 1334 1976 ejns
1357 1914 1496 1965 mensura

142 1985 426 2051 PtolemaicaDCE
449 1986 577 2066 angulus
601 1986 759 2047 habeatur.
797 1988 864 2049 Duo
879 1988 926 2048 hic
945 1985 1082 2066 objicias,
1102 1986 1208 2067 primo,
1229 1987 1328 2066 posito
1353 1980 1497 2066 circulum

143 2095 212 2138 esse
235 2075 417 2156 perfectum,
447 2076 571 2155 planum
606 2075 708 2136 circuli
740 2078 970 2148 nonmetietnr
992 2075 1041 2135 vel
1064 2076 1298 2154 comprehendet
1329 2075 1495 2137 distantias

142 2184 180 2226 ex
203 2167 242 2239 Α,
267 2165 346 2246 qnod
368 2166 562 2226 verumesse
587 2164 759 2224 demonstro
786 2165 996 2243 peculiariter..
1035 2164 1152 2225 Deinde
1175 2163 1311 2243 ponitur,
1346 2166 1427 2244 quod
1449 2171 1497 2226 eet

144 2255 263 2330 falsum,
288 2253 406 2315 scilieet
420 2252 553 2314 'orbitam
568 2272 635 2314 esse
656 2253 805 2328 circulum,
830 2272 906 2334 quae
930 2252 1088 2336 verissime
1103 2262 1152 2314 est
1165 2253 1271 2316 uvalis.
1303 2253 1505 2334 Respondeo,

142 2343 248 2406 harum
271 2342 473 2423 objectionum
498 2338 595 2404 altera
619 2343 746 2403 alteram
768 2344 897 2420 perimit.
934 2345 1015 2427 Nam
1037 2341 1132 2420 primo
1156 2344 1194 2404 ob
1213 2342 1270 2415 hoc
1294 2343 1403 2422 ipsum,
1427 2342 1498 2424 qnia

143 2433 240 2494 uvalis
274 2441 322 2494 est
351 2430 451 2494 orbita
482 2431 568 2511 hujus
602 2431 719 2512 quidem
751 2432 883 2507 formae,
915 2428 1080 2495 distantiae
1112 2432 1177 2512 ejus
1195 2431 1246 2493 'ab
1268 2432 1298 2493 Α
1323 2432 1352 2493 in
1376 2434 1497 2512 planum

143 2523 287 2584 redactae
310 2529 429 2582 tantum
461 2520 607 2594 efficiunt,
642 2527 785 2600 qnantum
805 2523 910 2584 lineae
940 2522 1068 2583 totidem
1091 2540 1129 2581 ex
1153 2528 1255 2583 centro
1279 2521 1497 2603 inperfectam

144 2611 417 2687 circumferentiam
455 2609 588 2689 ejectae,
632 2610 709 2689 qnod
746 2628 862 2673 rursum
903 2609 1095 2692 peculiariter
1136 2612 1319 2684 demonstro.
1380 2610 1496 2671 Deinde

143 2701 327 2775 demonstro,
351 2699 475 2779 perinde
500 2719 567 2760 esse
591 2697 655 2760 sive
680 2699 745 2779 quis
769 2704 886 2764 evalem
910 2708 993 2766 secet
1017 2700 1080 2760 sive
1101 2699 1252 2774 circulum,
1278 2717 1397 2780 semper
1420 2698 1496 2761 enirn

144 2790 271 2855 ean‘dern
294 2807 362 2851 esee
392 2789 471 2850 inter
499 2797 605 2872 partes
636 2791 878 2867 proportionem,
911 2789 1069 2851 dnmmodo
1101 2790 1196 2864 ovali,
1229 2809 1306 2871 qnae
1330 2783 1495 2851 minorent

145 2879 266 2951 circulo,
293 2896 399 2939 nornen
425 2877 528 2937 demus
552 2877 678 2956 aequale
702 2876 821 2953 circulo,
847 2899 888 2941 se.
914 2875 1005 2942 360⁰.
1109 2922 1111 2927 -
1193 2888 1197 2897 '
1489 2898 1492 2907 ·

150 2980 152 2985 '
231 2966 359 3046 Saepius
378 2967 445 3045 jam
460 2985 515 3026 usn
532 2966 623 3037 venit,
648 2973 680 3025 nt
694 2966 910 3046 triumpharem
924 2975 997 3032 ante
1017 2965 1183 3041 victoriam,
1204 2967 1282 3046 qnod
1303 2963 1500 3046 deprehendi,¹

143 3055 193 3119 nbi
217 3055 255 3125 ad
278 3056 381 3134 plnres
414 3053 640 3116 observationes
664 3054 743 3117 veni.
790 3057 877 3118 Nunc
900 3064 1003 3118 tamen
1026 3054 1053 3116 si
1077 3074 1152 3135 quae
1186 3055 1387 3130 tentaverim,
1421 3068 1499 3137 quae

144 3144 341 3217 excesserint,
367 3162 441 3223 qnae
466 3143 641 3217 defecerint,
667 3146 814 3223 quomodo
838 3145 913 3207 haec
936 3144 1102 3206 novissima
1130 3145 1209 3207 ratio
1234 3145 1263 3206 in
1287 3136 1499 3207 mediocritate

145 3234 265 3297 illorum
288 3240 434 3304 versetur,
457 3233 628 3312 perpendo,
653 3250 741 3312 spero
761 3235 887 3315 deniqne
911 3234 1094 3296 debellatum
1117 3253 1195 3297 esse.
1233 3235 1302 3297 Non
1326 3241 1374 3295 est
1398 3227 1499 3294 autern

145 3322 399 3403 praetereundum
423 3329 455 3382 et
477 3322 553 3382 boc:
579 3322 697 3401 qnando
721 3333 842 3386 ventum
867 3325 924 3387 erit
946 3323 985 3384 ad
1008 3324 1205 3403 triangulum,
1229 3343 1267 3385 ex
1290 3341 1347 3404 qno
1370 3318 1500 3385 habetur

144 3410 312 3493 parallaxie
336 3411 416 3473 orbis
440 3411 539 3484 annui,
564 3411 615 3472 nbi
640 3408 721 3489 Q&
742 3414 823 3475 linea
841 3414 905 3476 veri
927 3421 1026 3474 motus
1049 3410 1130 3475 Sulis
1154 3421 1187 3474 et
1208 3412 1353 3474 distantia
1374 3411 1456 3474 Solis
1480 3430 1499 3471 a

227 3573 232 3584 ,
384 3500 488 3572 Terra,
503 3497 543 3576 Q
556 3507 582 3570 d
597 3500 678 3563 linea
693 3503 756 3564 veri
769 3511 869 3565 motus
883 3501 992 3565 Martis
1008 3501 1037 3562 in
1052 3502 1220 3564 eccentrico
1234 3522 1287 3563 een
1302 3499 1499 3580 longitudinis

205 3572 259 3637 Frg.
279 3569 320 3621 ¹³·
385 3598 579 3669 coaequatae,
606 3599 638 3651 et
661 3589 700 3667 Q
723 3599 748 3660 ό
772 3592 918 3654 distantia
942 3591 1051 3652 Martis
1076 3610 1095 3651 a
1118 3589 1200 3667 Sole,
1224 3598 1295 3652 tunc
1323 3589 1500 3670 peccabitur

92 3691 103 3703 ⁸
384 3698 443 3739 uno
467 3687 499 3739 et
521 3678 617 3741 altero
641 3682 753 3742 minuto
776 3682 806 3743 in
829 3681 1035 3761 parallanibus
1061 3679 1141 3742 orbis
1165 3681 1214 3742 vel
1233 3680 1342 3760 angulo
1362 3681 1427 3755 ὀᾶ
1446 3675 1498 3756 Θ,

315 3740 352 3786 ”F
385 3776 546 3847 propterea
569 3769 647 3849 quod
670 3768 791 3851 planum
808 3773 832 3846 ὃ
850 3778 876 3841 d
893 3768 932 3846 Q
958 3769 1118 3833 inclinatur
1141 3769 1314 3849 adplenum
1338 3764 1500 3850 eclipticas

386 3861 410 3931 ὃ
427 3855 453 3916 Ε
470 3854 530 3932 Q:
555 3866 733 3938 quaerentes
756 3859 848 3938 igitur
872 3861 969 3921 locum
986 3865 1012 3927 ο·
1035 3858 1207 3938 eclipticum
1220 3867 1255 3919 nt
1266 3859 1303 3932 ¹in
1327 3857 1498 3937 ephemeri·

368 3944 491 4019 dibus,
525 3946 667 4008 debemus
698 3967 753 4027 pro
778 3946 862 4024 Qd
887 3949 930 4010 nti
954 3947 1034 4009 linea
1059 3945 1098 4024 Q
1115 3947 1161 4023 Ε,
1194 3966 1270 4028 quac
1300 3946 1419 4009 brevior
1448 3951 1501 4008 eet

384 4052 474 4113 quarn
493 4032 533 4111 Q
550 4041 587 4104 d,
611 4055 680 4097 nam
697 4037 764 4107 &E
780 4035 825 4114 Q
846 4047 958 4106 rectus,
984 4033 1062 4112 Qd
1086 4056 1205 4112 secans,
1228 4036 1280 4099 ubi
1300 4033 1339 4112 Q
1350 4035 1498 4098 Etotus.

384 4121 532 4185 Sciendns
562 4123 653 4204 igitur
685 4127 813 4205 angulus
842 4124 969 4203 EQ&
1002 4125 1205 4188 inclinationis
1234 4126 1293 4187 loci
1323 4123 1498 4187 eccentrici.

384 4213 598 4274 Demonstravi
622 4222 737 4285 antem,
771 4216 912 4294 angulum
934 4215 1090 4295 planorum
1122 4215 1324 4277 inclinationis
1347 4214 1509 4276 maximae·

384 4321 452 4387 esse
484 4301 709 4376 invariabilem,
742 4305 861 4366 circiter
896 4299 1026 4369 1⁰⁴50t
1072 4306 1157 4366 Haec
1188 4304 1280 4384 igitur
1313 4305 1349 4366 de
1382 4305 1497 4364 Marte.

386 4389 498 4470 Capita
522 4400 607 4454 erunt
631 4392 669 4453 ad
692 4388 735 4456 00
758 4394 807 4455 vel
831 4390 883 4456 70.
931 4392 1053 4473 Scripta
1084 4401 1155 4454 sunt
1178 4394 1243 4474 jam
1265 4390 1319 4455 52.
1365 4392 1499 4474 Reliqua

385 4480 459 4542 nihil
482 4488 534 4542 aut
556 4501 660 4562 parum
683 4481 921 4562 habitura-sunt
942 4483 1195 4564 computationis,
1211 4483 1273 4544 sed
1296 4481 1500 4566 explicatione

385 4577 417 4631 et
447 4569 751 4633 demonstrationibus
784 4571 974 4651 geometricis
1005 4579 1157 4635 constant.
1212 4571 1308 4652 Spero
1338 4571 1500 4634 universos

146 4655 279 4745 reliquos
303 4659 443 4739 planetas
466 4678 524 4721 non
552 4669 670 4723 tanturn
698 4661 894 4742 requisituros
919 4662 1042 4724 laboris.
1088 4662 1161 4723 Ideo
1186 4658 1336 4723 Clavem
1363 4661 1499 4721 Astro-

145 4748 292 4809 nomiae
323 4748 460 4830 appello,
493 4748 530 4810 ob
553 4749 727 4830 inquisitum
758 4750 861 4812 orbem
893 4770 1024 4813 annuum
1047 4759 1080 4813 et
1106 4750 1240 4813 rationes
1272 4749 1497 4830 aequationum.

145 4832 181 4899 si
204 4836 331 4901 haberes
354 4839 449 4901 otium
472 4845 504 4899 et
526 4838 739 4916 delectareris,
766 4859 876 4920 posses
899 4858 947 4901 me
971 4841 1079 4922 juvare
1101 4840 1249 4907 coniectis
1270 4839 1329 4901 hae
1351 4838 1498 4905 methodo

308 4372 332 4423 Θ
