3278 5550
533 321 594 375 Pars
615 323 708 374 Prima.
746 322 827 390 Caput
845 324 891 376 VI.
1324 322 1387 393 195

119 516 141 561 ο
162 500 207 575 λς
228 504 266 565 nt
284 500 471 583 respondeat
493 502 568 563 haec
591 502 768 585 hypothesis
792 502 927 565 omnibns
952 502 1027 565 locis
1052 503 1222 565 observatis
1237 505 1292 616 sub
1310 504 1387 566 arti-

119 576 345 671 »oppositionis
366 588 510 671 planetae
534 611 599 654 curn
623 592 721 655 medio
745 593 811 654 loco
835 592 926 654 Solis.

119 674 208 763 Quid
228 678 323 761 igitur
346 688 409 754 est,
431 680 640 761 Keplere‚
679 682 757 765 quod
780 682 829 743 hio
853 681 1038 743 desideres
1029 703 1060 743 m
1084 680 1273 762 Oopernico?
1297 681 1386 743 Anne

119 766 296 919 yfflttmbus
319 788 373 830 seu
394 778 634 833 astronomorum
657 768 872 873 experimentis
901 790 995 849 negas
1026 771 1104 832 hanc
1127 768 1306 853 hypothesin
1331 790 1386 851 per

153 852 362 962 respondere?
407 858 442 921 Id
466 857 617 938 quidem
601 878 666 941 Jarn
690 879 749 922 non
772 859 882 938 agitur.
923 860 1028 938 Neque
1053 879 1118 939 ego,
1143 880 1210 922 cum
1233 859 1312 920 hunc
1334 860 1385 921 la-

119 947 344 1033 gepnspioarer,
368 948 406 1009 ab
420 947 723 1011 observationibus
715 969 745 1010 ιιι
769 949 920 1010 diversam
944 949 1127 1011 sententiam
1151 969 1217 1010 surn
1227 948 1385 1010 adductus

119 1022 248 1205 ἵζω
270 1034 350 1117 quod
371 1034 558 1099 desideravi.
588 1038 794 1103 Oorrtinaetur
811 1040 854 1116 eo
875 1045 910 1100 at
928 1045 1008 1101 secet
1031 1039 1237 1102 eccentricam
1258 1038 1337 1117 iay,
1354 1035 1386 1111 ξ;

185 1132 371 1206 geometer
385 1129 728 1211 pernotumcccentrici,
753 1127 836 1209 quod
850 1128 932 1200 sita,
957 1135 1217 1208 connectaturque
1232 1132 1344 1201 carno,
1360 1129 1386 1187 t.

234 1236 278 1297 χι
298 1214 446 1278 metiatur
467 1215 619 1297 camelam
641 1220 710 1298 χλτ,
735 1215 873 1299 crepidae
893 1236 965 1279 uero
987 1222 1051 1297 χὸτ
1077 1218 1181 1302 major
1202 1215 1244 1278 eit
1271 1213 1387 1297 carmelo

119 1232 288 1411 mittete
302 1308 374 1379 dri,
397 1310 427 1367 et
440 1306 482 1367 eit
498 1308 516 1365 d
531 1313 687 1387 punctam
703 1305 906 1388 aequalitatis
920 1308 1154 1387 temporariae,·
1178 1325 1250 1386 cryo
1265 1312 1389 1387 tempus

119 1396 193 1541 fa
215 1394 414 1475 iraeneum
445 1401 491 1455 eet
519 1397 623 1480 rnay'as
653 1401 839 1479 respectat
841 1396 924 1457 otius
952 1395 1080 1474 periodi
1109 1394 1258 1476 temporie
1281 1388 1389 1474 perd

163 1478 285 1563 ipsud,
314 1502 412 1564 qaam
441 1503 536 1546 arcas
563 1504 605 1565 χτ
631 1492 774 1588 respectu
812 1484 1084 1567 circumferentiae
1119 1485 1233 1546 totius:
1272 1483 1388 1545 tardae

161 1568 285 1651 planeta
304 1590 375 1634 cere
398 1568 510 1677 (non
490 1590 564 1657 pam
580 1593 644 1652 per
664 1572 751 1637 viee
769 1568 992 1676 phantasiam)
1012 1593 1074 1655 per
1096 1593 1208 1635 arcum
1225 1592 1314 1652 τχ,
1297 1571 1387 1633 aclea

132 1667 160 1748 sy
174 1693 176 1707 .
189 1688 229 1712 -
256 1680 348 1734 areu,
377 1662 441 1725 ct
426 1684 464 1723 en
485 1686 502 1742 χ
525 1654 744 1736 tardissimus,
776 1663 811 1723 in
825 1660 851 1765 ‘i
872 1659 1094 1725 velocissimae.
1142 1661 1253 1766 Neque
1280 1669 1386 1723 tuanen

135 1741 143 1774 ’·
169 1775 172 1795 ι
338 1752 457 1813 recedit
484 1768 505 1811 a
527 1772 544 1811 κ
567 1749 658 1824 Sole,
690 1771 788 1830 neque
818 1750 852 1811 in
874 1748 892 1823 ξ
914 1752 1084 1831 proeimas
1108 1751 1194 1832 fit'
1180 1752 1292 1832 epeia.
1338 1750 1384 1811 nt

128 1859 183 1915 „ip
205 1834 398 1901 racimibm'
382 1858 507 1921 ipsaque
531 1839 606 1899 adeo
630 1840 832 1921 hypotheseos
860 1839 955 1917 hujus,
982 1859 1070 1919 quam
1094 1839 1176 1901 eirca
1199 1841 1218 1915 β
1241 1845 1383 1918 punctum

160 1924 638 1991 ”ἱοεῑί1ἱοιιῑίοιιθοοιιεθιιιειιιειιιιι
662 1929 799 2002 eflicitur,
822 1928 901 1989 hanc
920 1930 1031 1991 realem
1055 1928 1292 1990 retardationem
1316 1927 1386 2007 pla-

156 2010 230 2074 or'ni
251 2034 285 2077 ex
307 2016 445 2079 discessu
468 2038 487 2078 a
506 2036 630 2096 corpore
645 2015 736 2091 Solis,
762 2016 1013 2078 accelerationem
1038 2037 1075 2078 ex
1098 2016 1386 2096 appropinquatione

159 2099 217 2170 lem
239 2103 331 2184 ipsum
364 2107 392 2167 in
417 2129 434 2168 κ
456 2106 557 2169 situm.
605 2106 779 2171 Contrane
809 2105 993 2185 cogitatione
1024 2106 1142 2186 quidem
1175 2105 1387 2185 comprehendi

174 2245 177 2250 Α
205 2190 288 2255 inesse
320 2194 380 2257 vim
404 2196 432 2257 in
462 2192 574 2276 p'nncto
597 2197 617 2273 β
640 2196 736 2274 (qnod
767 2206 851 2256 caret
881 2199 1019 2274 corpore)
1052 2195 1170 2274 potius,
1205 2193 1388 2274 quamius

179 2278 320 2359 ¹proximo
345 2284 390 2356 (iu
415 2304 472 2364 quo
496 2283 567 2359 Sol,
601 2303 651 2346 cor
675 2283 801 2357 mundi),
826 2304 901 2363 quae
926 2285 972 2345 vis
999 2285 1153 2365 planetam
1183 2303 1236 2362 pro
1270 2283 1387 2343 ratione

176 2377 180 2452 j
232 2380 258 2433 et
276 2393 414 2435 recessus
438 2373 484 2435 sui
508 2375 594 2435 tarde
618 2374 668 2434 vel
687 2373 832 2434 velociter
855 2373 1047 2452 circumagat.
1087 2375 1134 2434 Ac
1155 2373 1211 2433 etsi
1236 2372 1301 2453 quis
1321 2372 1387 2451 jam

172 2491 180 2531 5.
212 2459 268 2521 edat
289 2463 511 2524 retardationes
535 2474 568 2525 et
591 2462 826 2527 accelerationes
854 2462 1020 2540 hujusmodi
1046 2482 1083 2522 ex
1107 2461 1210 2522 intimo
1235 2461 1385 2522 eccentri-

177 2551 326 2629 -onplexu
356 2550 484 2657 physice
515 2550 605 2626 oriri,
638 2559 756 2613 statuat
786 2551 878 2629 igitur
906 2552 961 2612 has
993 2552 1165 2612 affectiones
1197 2559 1296 2611 motus
1321 2570 1388 2610 esse

187 2645 227 2697 *r
244 2658 332 2719 penes
354 2640 439 2720 ipsas
470 2640 633 2703 facultates
662 2642 801 2701 matrices
827 2641 854 2700 in
878 2659 1001 2718 corpore
1033 2641 1174 2719 planetae
1208 2639 1386 2712 residentes,

184 2728 311 2793 taudem
340 2730 629 2793 verisimilitudinem
661 2730 869 2791 obtinebimus.
916 2730 997 2791 Nam
1028 2749 1102 2810 quae
1134 2748 1225 2789 causa
1249 2728 1305 2795 sit,
1337 2747 1389 2789 cur

177 2806 252 2878 'llas
280 2820 446 2921 praeterito
478 2829 590 2899 puncto
615 2843 630 2880 κ
655 2820 747 2901 (quod
778 2818 992 2897 geometricam
1020 2819 1113 2879 hahet
1146 2817 1325 2878 affinitatem
1350 2817 1389 2878 ad

177 2933 178 2947 ι
204 2920 309 2986 corpore
334 2908 412 2969 enim
435 2909 579 2970 vestitum
603 2919 732 2969 estnon
757 2908 883 2986 exiguae
907 2908 1136 2987 magnitudinis)
1122 2908 1192 2980 >ad
1208 2909 1228 2983 β
1246 2913 1388 2987 punctum

161 3002 273 3087 ¹gutq
276 3002 384 3058 uatuor
406 2998 592 3059 solummodo
617 2994 848 3059 semidiametris
873 2997 937 3068 (sel
961 2998 1121 3058 secundum
1145 3005 1294 3067 auctores,
1321 2995 1388 3056 dia-

134 3068 319 3187 'Jcorporis
344 3085 462 3149 Solaris
485 3087 556 3147 ab
549 3106 657 3165 ipso
639 3086 710 3146 Solo
735 3095 880 3146 remotum
905 3095 937 3147 et
960 3106 1083 3165 corpore
1112 3105 1223 3146 vacans
1248 3085 1388 3164 nullaque

119 3150 192 3229 ffll
216 3176 294 3237 unica
330 3174 546 3255 imaginatione
584 3174 763 3236 subnixum?
809 3176 896 3235 Adde
937 3177 1014 3255 qnod
1052 3173 1237 3254 Copernicus
1274 3173 1324 3235 lib.
1350 3174 1389 3234 V.

119 3251 224 3509 ΕΜ
215 3282 273 3343 ipse
303 3265 459 3344 agnoscit,
493 3264 633 3328 Solem
625 3285 654 3325 m
679 3290 694 3325 κ
726 3258 814 3344 plane
845 3265 933 3324 fixum
963 3284 1030 3325 esse
1059 3265 1185 3343 ideoque
1210 3263 1388 3324 eccentrici-

177 3354 209 3411 rt
224 3360 420 3426 constantem,
445 3373 510 3415 cum
534 3357 553 3432 β
576 3363 733 3434 punctum,
758 3354 836 3433 quod
859 3372 913 3432 pro
941 3368 1043 3414 centro
1068 3354 1160 3414 hahet
1183 3352 1263 3413 orhis
1289 3352 1388 3421 annui,

123 3510 129 3525 .
160 3456 210 3502 rom
238 3462 380 3505 successu
415 3445 548 3504 luxatum
579 3463 646 3503 esse
679 3442 837 3522 perhibeat
870 3444 969 3520 itaque
997 3445 1041 3520 βό
1072 3442 1238 3503 breviorem
1266 3442 1387 3502 factam.

119 3540 221 3607 specto
243 3535 263 3609 β
286 3542 339 3594 aut
362 3533 450 3592 hodie
483 3551 541 3592 non
577 3540 625 3593 est
657 3531 787 3609 amplius
811 3531 839 3591 in
864 3542 968 3592 centro
1002 3531 1121 3604 mundi,
1157 3540 1209 3591 aut
1237 3529 1307 3590 olim
1331 3549 1389 3591 uon

119 3616 175 3683 :th
216 3620 260 3682 At
282 3630 514 3682 consentaneum
539 3631 596 3695 est,
621 3622 669 3681 vel
698 3621 841 3698 originem
866 3629 964 3682 motus
988 3640 1025 3681 ex
1053 3627 1155 3681 centro
1188 3618 1288 3679 mundi
1321 3638 1389 3679 esse

124 3721 229 3773 nentes
252 3712 394 3771 motrices
414 3712 453 3771 ad
468 3719 603 3771 centrum
628 3709 727 3771 mnndi
752 3710 912 3788 respicere,
937 3730 994 3771 non
1021 3710 1110 3788 igitur·
1134 3710 1208 3785 adil
1231 3708 1285 3768 sed
1309 3708 1347 3767 ad
1363 3734 1388 3780 κ,

119 3797 327 3880 tcopernicus
351 3801 441 3860 fixum
464 3799 619 3879 perhibet;
644 3800 673 3859 id
698 3799 775 3876 quod
800 3808 902 3859 contro
926 3799 1027 3860 mundi
1051 3797 1205 3878 competit.
1252 3796 1308 3857 His
1332 3797 1389 3855 ad-

119 3908 150 3952 ns
170 3887 481 3951 verisimilitudinibus
505 3888 652 3963 conclusi,
687 3888 794 3949 lineam
820 3887 966 3966 apsidum,
995 3908 1071 3967 quae
1095 3907 1148 3966 pro
1172 3886 1389 3967 inaequalitate

119 4000 136 4041 a
156 3979 298 4059 planetae
323 3977 481 4039 efficienda
504 3987 673 4057 usurpatur,
699 3996 757 4037 non
782 3977 890 4038 dehere
914 3996 968 4056 per
989 3979 1008 4053 β
1032 3977 1086 4038 sed
1099 3996 1153 4057 per
1176 3975 1390 4056 ipsissimumu

119 4069 178 4131 tire.
227 4067 312 4128 Tunc
335 4075 437 4128 autem
461 4067 491 4128 id
515 4065 729 4139 obtinebimm,
753 4085 818 4125 cum
842 4067 909 4127 loca
936 4067 1077 4146 planetae
1102 4065 1156 4126 sub
1180 4063 1247 4126 fixis
1271 4084 1308 4125 ea
1331 4063 1388 4124 ad-

119 4178 190 4232 nue,
226 4176 303 4238 quae
338 4157 464 4235 planeta
495 4156 633 4237 possidet
655 4156 682 4216 in
707 4155 833 4215 articulo
865 4155 1063 4234 oppositionis
1091 4154 1137 4215 sui
1161 4162 1192 4214 ot
1215 4153 1390 4235 apparentis

119 4246 214 4311 Solis.
261 4246 304 4306 Et
327 4245 446 4324 quidem
470 4264 536 4306 cnm
559 4254 673 4324 puncta
696 4269 725 4315 s,
751 4246 770 4321 β
793 4264 859 4305 cum
881 4267 896 4322 y
918 4246 1012 4306 Terra
1034 4245 1064 4305 in
1089 4244 1193 4304 eadem
1218 4254 1288 4305 sunt
1310 4242 1391 4305 linea

119 4357 159 4419 3uo
182 4337 308 4416 planeta
331 4354 391 4396 una
415 4334 443 4394 in
469 4336 594 4395 eandem
628 4333 787 4407 coincidit,
811 4346 846 4395 ut
869 4334 896 4394 si
919 4335 960 4395 sit
983 4334 1012 4394 in
1036 4357 1070 4406 e,
1095 4332 1166 4393 tnnc
1196 4333 1300 4394 eodem
1322 4351 1389 4393 mo-

119 4446 138 4489 o
158 4426 287 4508 planeta
310 4431 342 4486 et
356 4424 452 4484 modio
473 4432 505 4483 et
520 4423 677 4504 apparenti
696 4421 777 4484 Solis
798 4422 864 4484 loco
887 4424 1045 4502 opponitur
1069 4431 1228 4501 manetque
1248 4421 1275 4483 ei
1295 4422 1389 4490 locus,

123 4534 180 4599 pet
204 4515 245 4593 βτ
268 4515 332 4576 sive
356 4532 410 4593 per
433 4537 472 4575 κτ
495 4512 573 4575 inter
591 4516 667 4574 fixas
692 4522 898 4573 excurrentem
922 4512 1104 4591 designetur,
1129 4530 1257 4590 veroque
1281 4518 1389 4572 exutus

119 4602 328 4685 nnequalitate
362 4603 511 4672 secunda,
543 4603 606 4664 sive
636 4603 674 4663 ah
707 4611 871 4681 apparente
903 4602 966 4662 sive
995 4624 1014 4662 a
1041 4599 1138 4661 medio
1171 4609 1253 4662 motu
1278 4600 1389 4661 Terrae

119 4703 177 4757 eat.
225 4694 271 4754 At
303 4712 369 4754 eum
393 4693 486 4753 Terra
509 4692 548 4752 ad
578 4692 624 4753 sui
654 4692 812 4752 eccentrici
846 4690 926 4753 latus
956 4711 1008 4752 seu
1039 4689 1241 4769 longitudines
1273 4689 1389 4751 medias

119 4782 330 4860 ,differentia
354 4781 431 4842 satis
454 4800 564 4862 magna
587 4780 759 4842 intenenit.
807 4781 900 4842 lverit
928 4781 1006 4842 enim
1029 4780 1124 4843 Terra
1147 4800 1166 4839 a
1188 4803 1203 4858 y
1224 4779 1255 4838 in
1277 4801 1296 4839 o
1320 4775 1390 4850 (Sol

119 4830 143 4937 le
166 4893 185 4935 e
208 4873 331 4952 regione
355 4893 374 4934 a
395 4870 539 4952 perigaeo
562 4880 595 4933 et
617 4868 832 4949 Capricorno
824 4891 853 4932 m
878 4870 1051 4967 Arietem)
1051 4874 1098 4935 nt
1109 4866 1282 4931 inveniatur
1309 4867 1390 4930 linea

1031 4932 1063 4969 ''
1117 4968 1177 5022 1³*
