3278 5550
680 294 818 349 Dalm
1078 230 1082 239 1
1255 332 1261 345 .
1361 293 1455 363 651.

111 489 139 533 ιι
158 471 226 551 jam
249 479 281 532 et
295 472 333 534 de
346 473 441 545 Luna,
467 474 546 554 quod
561 473 600 533 ad
615 472 767 535 minimum
785 473 882 535 tribus
896 473 1032 537 vehatur.
1057 471 1300 537 Consentaneum
1314 494 1375 559 una
1389 494 1426 537 ex

114 560 159 634 le,
185 561 315 623 secunda
330 579 367 623 er
382 560 485 636 Terra,
507 561 599 624 tertie
619 561 650 623 in
675 580 716 623 ιι.
754 562 815 625 Sed
833 569 943 636 ιιιιιι,
969 560 1039 641 quid
1054 561 1080 623 si
1094 562 1169 623 duae
1183 560 1214 622 in
1233 562 1426 625 rehaberet?

111 650 234 711 tTerra
250 648 317 730 ipsa
334 651 426 713 habet
447 670 536 713 unam
559 650 678 721 rotandi
702 644 778 726 sese,
802 651 929 712 alteram
954 648 1082 712 faciendi
1104 667 1210 731 gyrum
1233 653 1371 732 apogaei,
1396 653 1426 715 in

111 737 161 814 ius
185 739 459 821 compensationem
481 742 568 803 Luna
590 759 648 801 nou
671 744 778 814 rotat.)
824 740 970 801 Videmur
1000 738 1028 800 in
1059 739 1282 818 phaenomcnis·
1297 760 1425 802 consen-

111 845 169 888 sea
192 827 319 901 dicturi,
352 827 379 891 si
411 829 575 891 tribuamus
607 829 754 892 diametro
785 849 858 890 sane
880 835 916 889 ut
937 827 1083 889 hactenus
1107 828 1166 889 vim
1196 828 1360 908 majorem,
1394 840 1427 892 at

111 915 285 988 stantiae)
311 917 416 983 sSole
440 918 573 980 dicamus
596 917 639 979 ita
662 918 764 980 confici
788 916 962 998 aequalibus
985 916 1181 1005 temporibus,
1205 922 1238 979 ut
1261 918 1425 980 distantias

111 1024 149 1066 aa
163 1005 250 1067 Mars
266 1005 404 1089 conficit.¹
432 1007 516 1069 'lunc
539 1025 706 1069 sane.suas
722 1028 740 1068 a
755 1007 850 1069 Terra
869 1006 974 1071 eadem
993 1005 1040 1067 vis
1055 1006 1199 1069 conficiet.
1238 1007 1294 1069 His
1316 1007 1426 1087 positis

111 1112 132 1154 c
157 1093 311 1175 sequitur,
345 1094 382 1163 ab
407 1098 433 1167 ὁ)
459 1096 489 1158 in
513 1101 649 1173 octantes
672 1096 776 1176 augeri
799 1095 962 1157 distantias
985 1115 1003 1155 a
1026 1096 1136 1168 Terra,
1170 1095 1201 1157 in
1232 1096 1424 1176 quadraturis

111 1200 151 1242 ne
168 1182 347 1244 coincidere.
384 1184 462 1246 Nam
479 1183 538 1246 cito
552 1182 664 1246 transit
680 1185 707 1256 Ἰ)
725 1183 756 1247 in
772 1186 808 1258 0⁰,
832 1184 862 1245 vi
877 1188 1011 1245 extrema
1025 1182 1107 1245 Solis
1129 1192 1277 1263 promota.
1314 1184 1425 1247 Parum

111 1281 167 1333 tur
191 1270 229 1333 ad
252 1271 356 1337 Solem
377 1274 510 1348 accedit,
540 1279 642 1353 utpote
670 1273 700 1334 in
723 1292 817 1354 parvo
841 1279 983 1353 ternpore.
1032 1271 1147 1345 Quodsi
1170 1271 1295 1335 multum
1320 1274 1424 1351 distat,

111 1357 241 1441 rigitur
262 1369 408 1423 movetur.
455 1363 500 1424 At
521 1360 606 1424 initio
629 1362 760 1442 positum
788 1360 848 1426 cito
876 1360 1028 1423 transires
1062 1360 1185 1423 Falsum
1208 1360 1309 1443 igitur.
1355 1362 1425 1425 Nisi

111 1466 159 1512 ras
183 1448 243 1512 cito
267 1449 397 1512 transire
420 1450 537 1513 ratione
560 1449 670 1513 moduli
694 1470 732 1513 ex
756 1450 846 1525 Sole,
875 1450 960 1511 tarde
984 1449 1100 1511 ratione
1123 1449 1235 1512 moduli
1259 1469 1297 1513 ex
1320 1451 1422 1514 Terra.

161 1538 282 1625 Exorei
297 1537 389 1620 igitur
411 1559 470 1602 non
495 1560 513 1602 a
536 1560 636 1616 sensu,
660 1540 713 1603 sed
737 1541 775 1602 ab
799 1538 939 1620 analogia
961 1538 1072 1621 magis,
1098 1537 1242 1614 dicamus,
1266 1550 1331 1601 tres
1354 1540 1423 1603 illas

111 1632 201 1690 tutes
225 1627 346 1690 esse'in
369 1628 461 1705 Sole,
491 1629 602 1703 Terra,
633 1630 738 1699 Luna;
771 1628 801 1690 in
830 1629 897 1690 sola
919 1628 1005 1689 Luna
1037 1627 1243 1708 aequabilem,
1275 1628 1306 1690 in
1329 1629 1423 1692 Terra

111 1716 193 1779 tione
224 1738 323 1779 annua
345 1718 521 1780 variabilem
550 1719 581 1780 iu
609 1737 695 1793 sese,
725 1726 757 1780 et
784 1716 959 1779 variabilem
986 1723 1125 1798 respectu
1152 1717 1257 1779 Lunae
1288 1738 1306 1778 a
1329 1718 1423 1780 Terra

111 1806 268 1869 condentis
291 1814 323 1868 et
341 1806 569 1883 descendentis3
593 1805 624 1868 iu
644 1806 716 1870 Sole
732 1806 909 1868 variabilem
931 1805 1048 1868 ratione
1070 1824 1209 1868 accessus
1232 1812 1264 1867 et
1285 1824 1423 1883 recessus

111 1912 181 1956 mae
205 1902 237 1957 et
259 1895 289 1957 in
313 1913 448 1977 apogaeo
472 1905 504 1957 et
525 1896 554 1958 in
579 1896 649 1958 orbe
674 1897 756 1958 etin
779 1896 895 1958 ratione
920 1893 1068 1957 diametri.
1105 1893 1224 1957 Primae
1247 1895 1354 1958 modus
1377 1904 1425 1959 est

111 2002 163 2060 ns,
187 1985 336 2047 secundae
359 1983 391 2060 2,
415 1985 523 2051 tertiae
547 1982 568 2048 4
592 1986 641 2059 (ιι
661 1980 703 2049 29
727 1985 766 2046 ad
790 1981 901 2059 eosne
922 1980 943 2047 8
966 1984 1006 2045 ad
1032 1982 1096 2059 10).
1138 1984 1222 2047 Haec
1245 1984 1326 2047 enim
1346 2002 1421 2067 pos-

111 2081 145 2135 nt
169 2090 236 2135 esse
255 2072 451 2155 suspiciones.
488 2074 550 2139 Sed
573 2073 647 2136 nihil
668 2073 699 2136 in
722 2073 814 2135 tertia
836 2072 956 2135 videtur
978 2072 1161 2134 considerari
1184 2073 1292 2136 debere
1315 2074 1421 2137 modus

111 2159 185 2223 rtiue
209 2163 250 2235 (si
272 2162 380 2226 tertius
404 2163 493 2238 nihil,
525 2181 596 2242 ergo
619 2182 674 2249 nec
698 2161 829 2243 pumus,
862 2180 917 2223 nec
947 2161 1120 2236 secundus).
1166 2163 1243 2225 Nam
1267 2162 1419 2228 restitutio

111 2250 300 2331 aequalitatis
324 2259 372 2315 est
394 2252 485 2334 dupla
500 2253 539 2314 ad
555 2251 764 2315 distantiarum
777 2250 951 2313 circuitum:
977 2249 1084 2312 celeris
1100 2256 1149 2311 ιιι
1163 2250 1242 2312 enim
1255 2251 1343 2323 Luna
1356 2258 1419 2314 tam

128 2340 159 2416 ό
181 2359 270 2422 quam
293 2340 323 2402 in
349 2343 385 2413 0⁰.
431 2342 467 2403 Ιι
491 2341 619 2404 secundo
643 2359 714 2402 vero
738 2339 879 2402 celeritas
901 2339 955 2402 illa
977 2347 1050 2418 puto
1073 2359 1132 2401 non
1155 2347 1203 2401 ιιι
1225 2339 1418 2403 animadver-

111 2426 179 2499 silia.
225 2429 341 2503 (Quare
364 2448 460 2513 neque
483 2430 589 2492 tertiae
613 2430 725 2511 primus
736 2429 765 2503 l)
812 2428 1070 2493 Considerandum
1093 2436 1141 2490 est
1164 2446 1234 2511 ergo
1257 2429 1288 2491 in
1309 2428 1419 2492 tertiae

111 2516 163 2589 odo
186 2526 301 2599 quarto,
326 2538 401 2600 quae
424 2519 467 2581 sit
489 2519 553 2600 ejus
576 2518 705 2599 genuina
727 2537 828 2579 cansa.
875 2518 924 2580 An
949 2535 1018 2579 vere
1041 2517 1088 2578 vis
1111 2515 1139 2579 in
1163 2517 1309 2580 diametro
1332 2518 1418 2581 velo-

111 2606 164 2668 ιιι
207 2608 257 2670 An
281 2615 329 2668 est
356 2607 400 2669 ita
430 2609 677 2688 quadraturamm
710 2607 875 2669 retardatio
906 2606 996 2685 plane
1025 2626 1085 2669 ιιι
1114 2624 1152 2667 ex
1174 2604 1264 2683 Sole,
1298 2608 1351 2669 sed
1381 2624 1419 2668 ex

111 2694 190 2775 ajore
208 2695 354 2758 distantia
369 2718 388 2757 a
402 2697 519 2758 Terra?
555 2696 597 2758 Et
619 2696 781 2758 distantiae
800 2696 927 2757 variatio
951 2694 1061 2755 ibidem
1080 2693 1209 2757 aliunde.
1247 2697 1293 2758 Δι
1314 2703 1419 2757 contra
1463 2716 1470 2737 ¹

111 2800 162 2847 uua
184 2785 286 2865 potius
309 2785 431 2866 propius
455 2786 577 2855 Terram
600 2785 696 2860 venit,
721 2784 790 2866 quia
813 2784 924 2849 crescit
947 2783 1011 2863 ejus
1034 2783 1173 2846 latitudo.
1219 2783 1281 2847 Sed
1303 2784 1345 2847 ait
1367 2784 1420 2846 illa

111 2872 201 2935 triatio
225 2870 393 2937 latitudinis
417 2894 489 2936 saue
514 2873 631 2936 aliunde
655 2874 757 2948 (ιιιιι,
781 2875 860 2955 quod
877 2874 980 2935 eadem
995 2880 1043 2934 est
1059 2871 1211 2954 proportio
1232 2873 1325 2937 totius
1344 2872 1417 2934 lati-

111 2960 185 3025 dinis
208 2964 246 3023 ad
270 2963 348 3024 huuc
371 2982 536 3035 excessum,
560 2962 739 3044 quae-orbis
764 2963 876 3025 Terrae
899 2963 937 3025 ad
962 2961 1062 3024 orbem
1076 2963 1207 3038 Lunae).
1246 2962 1316 3024 Jam
1338 2962 1417 3035 vide,

111 3048 145 3111 dd
167 3058 310 3133 sequatur
333 3051 364 3113 in
389 3052 603 3133 longitudinem
627 3060 657 3113 et
681 3052 870 3132 apogaeum?
914 3050 998 3115 Idem
1020 3068 1141 3131 nempe,
1167 3051 1246 3132 quod
1265 3051 1330 3131 jam
1352 3050 1416 3132 pri-

111 3156 151 3215 uu,
175 3141 245 3202 dum
268 3139 453 3203 consideravi
476 3141 559 3202 sinus
583 3139 782 3220 elongationis
806 3140 996 3204 adiametro.
1032 3139 1111 3202 Nam
1134 3140 1161 3202 si
1183 3147 1251 3202 tota·
1271 3138 1418 3203 distantia

126 3226 206 3306 ιΘ
232 3231 381 3304 foenerat,
412 3229 513 3309 portio
543 3228 777 3291 eccentricitatis
807 3249 865 3291 nou
889 3222 949 3291 uisi
970 3229 1002 3292 iu
1023 3229 1214 3309 proportione
1238 3228 1417 3304 foenerabit,

111 3335 176 3379 uum
198 3336 313 3397 nempe.
359 3319 436 3380 Nam
460 3318 535 3381 illud
554 3318 619 3397 jam
642 3318 756 3400 pridem
779 3318 926 3390 sciebam,
950 3327 982 3380 et
1004 3318 1030 3379 si
1052 3320 1235 3400 perpendas,
1259 3328 1293 3381 ιι
1314 3318 1416 3401 Tycho
1478 3392 1481 3399 Ι

111 3406 159 3482 rit,
181 3407 285 3487 augeri
309 3407 562 3469 eccentricitatem
584 3408 615 3468 in
639 3407 839 3486 quadraturis,
864 3408 950 3489 quasi
974 3405 1093 3487 ellipsin
1115 3407 1222 3471 tendas
1238 3409 1305 3481 affl
1323 3409 1351 3471 iu
1371 3407 1414 3481 U.

129 3496 348 3576 apogaeitatem
370 3495 633 3575 proportionaliter
656 3515 777 3576 augeas.

157 3622 233 3677 Nota
252 3623 330 3676 haec.
372 3623 403 3676 ln
424 3621 598 3693 quadraturis
619 3621 768 3676 distantiae
789 3628 855 3676 sunt
874 3622 1134 3678 semidiametrorum
1155 3618 1206 3686 tt,
1229 3615 1279 3686 60,
1308 3639 1346 3678 ιι.
1372 3616 1413 3685 'iro

127 3702 231 3771 majori.
272 3701 301 3756 si
323 3696 360 3755 57
380 3702 412 3756 tit
435 3697 558 3765 100000,
582 3702 646 3781 quid
667 3699 706 3755 3?
729 3728 766 3739 -
787 3696 873 3756 526³.
911 3701 1058 3757 Subtendit
1079 3695 1112 3760 ³⁰
1134 3698 1168 3768 1‘,
1191 3702 1301 3772 duplum
1317 3695 1356 3756 Ι6ο
1377 3698 1414 3767 2‘,

111 3787 153 3835 uta
171 3798 226 3836 non
246 3789 290 3836 est
310 3780 440 3852 aequatio
460 3782 556 3835 Lunae
577 3781 795 3851 oppositionalie.
836 3780 891 3837 Sed
913 3782 1064 3837 insensibili
1082 3782 1216 3852 juvatur,
1246 3789 1278 3837 ut
1298 3786 1416 3853 prodeat

111 3861 198 3932 quatio
220 3861 437 3932 oppositionalis,
459 3868 492 3915 nt
511 3861 539 3915 si·-
556 3860 611 3916 sint
631 3861 781 3916 distantiae
802 3856 848 3925 55,
872 3857 918 3917 60.
958 3864 1004 3917 Ita
1024 3863 1047 3916 si
1067 3863 1124 3917 sint
1144 3858 1197 3927 53,
1220 3856 1275 3926 60,
1295 3862 1416 3932 prodibit

111 3948 160 3996 ttus
179 3942 303 3996 modulus
323 3941 495 4012 aequationis
516 3942 714 4012 quadrantalis.
742 3942 848 3996 Eadem
868 3940 1018 4012 igiturest
1039 3943 1173 3998 ιιιιιιιίι
1192 3943 1220 3997 in
1240 3943 1414 4014 quadraturis

111 4021 329 4086 ‚observatione
350 4029 380 4075 et
401 4014 427 4082 ὁ)
449 4039 486 4077 ex
506 4021 717 4076 ratiocinatione
738 4022 855 4093 physica
875 4021 1000 4091 simplici.
1042 4024 1100 4078 Nec
1120 4023 1148 4078 in
1167 4022 1300 4078 varianda
1320 4040 1414 4078 eccen-

111 4101 190 4157 tltate
211 4092 238 4163 )
260 4104 323 4173 plus
344 4102 456 4174 integra
475 4103 578 4157 Terrae
598 4102 732 4157 diametro
753 4119 822 4173 opus
842 4103 984 4167 habemur,
1005 4109 1038 4157 ιι
1056 4104 1175 4175 physica
1194 4102 1309 4174 simplici
1328 4104 1415 4159 ratio·

111 4183 208 4238 ustione
225 4190 369 4252 utramque
391 4182 563 4253 aequationis
584 4182 765 4253 quantitatem
786 4199 934 4237 servemur.

157 4272 189 4326 ln
208 4271 270 4324 aliia
291 4273 324 4325 de
344 4272 424 4326 Luna
443 4271 516 4326 t'uliir
537 4270 576 4325 sic
596 4271 691 4327 statui.
731 4272 804 4327 Vere
825 4273 956 4328 decedere
977 4271 1080 4343 aliquid
1098 4273 1195 4327 Lunae
1215 4272 1313 4337 motui,
1336 4289 1414 4328 acce·

111 4365 134 4403 ιι
153 4350 288 4421 tempori,
319 4356 386 4404 cum'
406 4369 422 4404 e
442 4351 575 4407 diametro
596 4352 668 4407 Solis
688 4352 831 4423 egreditur
858 4347 934 4419 (esto
961 4367 1064 4418 cauea,
1096 4354 1166 4423 quod
1192 4351 1366 4424 inaequalem
1386 4361 1415 4408 et

111 4447 253 4486 deverram
273 4431 371 4486 ceteris
392 4431 524 4485 sideribus
545 4432 619 4487 viam
638 4427 759 4500 currit)..
788 4431 830 4486 Ibi
851 4431 983 4503 sequitur,
1006 4434 1076 4503 quod
1096 4432 1260 4487 semilunule
1280 4435 1412 4489 eccentri·

111 4512 159 4569 stis
179 4510 217 4566 sit
236 4512 271 4564 ad
292 4518 418 4582 quartam
439 4511 532 4566 circuli
552 4512 647 4585 plani,
660 4517 691 4566 ut
711 4509 728 4568 5
748 4514 783 4566 ad
799 4507 845 4576 90,
866 4528 931 4583 pars
949 4506 1009 4573 'ta
1031 4511 1086 4567 Sed
1105 4513 1340 4583 praesupponitur
1359 4514 1413 4579 laic,

111 4593 248 4647 sdrmtem
276 4600 306 4644 et
335 4592 457 4646 lunulam
485 4592 730 4663 proportionaliter
758 4592 918 4647 increscere.
960 4591 1029 4646 Nam
1059 4592 1245 4647 concentricus
1275 4595 1413 4663 quadrans

111 4674 184 4727 beret
205 4667 244 4727 00
263 4672 401 4742 temporis.
433 4668 480 4726 ’Δι
500 4672 666 4727 eccentricus
686 4672 774 4727 babet
796 4667 887 4737 97¹1„
915 4673 949 4725 de
970 4688 1023 4742 quo
1044 4665 1095 4734 2¹l.
1119 4674 1235 4727 debetur
1254 4674 1411 4729 eccentrici·

111 4752 127 4810 i.
160 4753 297 4821 Repetam
317 4752 389 4806 lianc
406 4752 658 4807 considerationem.
691 4754 769 4818 Esto,
791 4757 824 4806 ut
842 4752 938 4816 virture,
961 4766 1032 4833 qnae
1053 4759 1097 4807 est
1116 4755 1152 4808 ab
1173 4754 1413 4823 approximatione

111 4831 194 4889 notri
215 4825 260 4898 Θ,
280 4832 392 4904 aequali
404 4832 580 4903 proportione
595 4840 747 4906 spargatur
766 4830 796 4887 in
815 4832 941 4889 lunulam
960 4839 991 4887 et
1009 4832 1039 4889 in
1050 4835 1239 4904 quadrantem.
1265 4834 1329 4889 Erit
1347 4850 1412 4890 rere
