3278 5550
429 321 461 375 da
479 320 668 375 &mmanuelis
686 323 718 376 da
735 331 804 375 motu
818 323 907 376 stallae
924 322 1022 376 unas.
1361 317 1402 388 51

46 499 129 563 inter
159 497 322 579 aequantia
354 507 495 580 punctum
519 507 551 563 et
578 507 712 564 centrum
745 500 827 563 orbis
857 504 964 576 annui,
996 502 1027 563 in
1060 501 1141 563 linea
1172 500 1244 564 alie.
1290 499 1407 563 Deinde

48 589 233 652 anomaliam
254 590 498 653 commutationis
522 589 615 653 efficit
637 609 696 652 non
719 590 848 654 circulus
871 592 952 653 circa
973 590 1143 672 putativum
1166 599 1301 653 centrum
1323 590 1405 653 orbis

54 678 173 758 magni,
204 679 259 741 sed
291 678 441 743 humilior.
487 680 567 742 Nam
599 679 630 743 id
661 688 795 742 centrum
827 680 986 760 aequantia
1016 680 1139 741 Terreni
1170 687 1314 759 punctum
1346 686 1404 754 est,

58 778 187 831 centrum
218 786 289 830 vero
314 766 379 830 Soli
406 768 610 850 propinquius.
657 769 761 831 Tertio
784 770 822 831 de
846 769 1004 831 libratione
1033 770 1188 848 planorum
1212 775 1244 830 et
1268 767 1406 831 variabili

58 855 248 920 inclinatione
281 859 414 937 comperi
435 858 509 921 nibil
533 877 613 920 esse.
659 858 709 920 lta
731 858 954 938 simplicissima
977 858 1011 920 lit
1034 857 1151 919 theoria
1173 856 1303 931 Martia,
1331 876 1406 919 con-

60 958 138 1010 stans
168 945 257 1008 unico
289 946 400 1011 circulo
430 948 460 1009 in
489 948 630 1029 periodos
662 947 809 1024 singulae.
855 947 986 1009 Theoria
1017 946 1099 1009 Solis
1129 947 1178 1008 vel
1205 946 1318 1009 Terrae
1348 945 1431 1026 ipsi,

61 1037 143 1118 plane
164 1034 201 1097 fir
221 1034 339 1111 similis,
364 1045 487 1100 constat
518 1037 598 1099 enim
623 1044 655 1098 et
677 1037 745 1119 ipsa
768 1044 943 1120 aequante„
972 1037 1008 1098 In
1031 1044 1157 1116 utroque
1186 1033 1404 1099 demonstratio

62 1136 88 1188 st
107 1143 293 1188 numerorum
315 1127 484 1189 nenessitas
506 1127 599 1205 cogit,
622 1135 656 1189 ut
680 1125 851 1189 dimidietur
881 1124 1091 1188 eccentricitas
1123 1122 1300 1203 composita,
1325 1123 1404 1206 qnod

9 1238 12 1245 ¹
62 1215 243 1278 Ptolemaeus
268 1214 350 1282 iecit,
375 1216 434 1278 etsi
457 1215 524 1297 qnia
547 1215 591 1278 ita
614 1217 768 1296 procedat,
794 1235 830 1277 ac
854 1217 882 1278 ai
903 1216 1021 1277 incerta
1044 1221 1128 1276 esset
1149 1211 1304 1293 proportio
1328 1231 1402 1292 par-

62 1304 144 1377 tinm;
166 1321 239 1366 nam
255 1303 359 1386 'lyobo
382 1304 413 1367 in
434 1305 534 1367 blsrte
558 1305 646 1386 longe
669 1302 762 1369 aliam
785 1305 972 1367 circellorom
994 1302 1219 1384 proportionem
1241 1308 1402 1365 statuerat

61 1395 133 1456 llaec
160 1401 267 1466 antem
296 1393 463 1457 dimidiatio
495 1394 725 1475 aequaticnibus
757 1392 839 1456 Solis
863 1415 882 1456 a
905 1393 1045 1476 Tycbone
1079 1391 1233 1472 usurpatis
1263 1390 1403 1471 nuspiam

9 1540 11 1561 ,
61 1483 129 1545 vltra
151 1482 240 1545 unius
264 1483 397 1563 scrupuli
419 1482 619 1547 ddierentiam
641 1484 741 1558 infert,
765 1483 795 1545 in
813 1482 1042 1565 aequationibns
1065 1500 1136 1542 vero
1160 1478 1298 1544 maximis
1320 1481 1403 1542 circa

9 1564 16 1661 ξ
60 1570 241 1653 ωᾳιιίιιοοῑίε
264 1571 354 1652 plane
378 1572 460 1635 nibil.
506 1574 556 1636 Ita
578 1581 682 1635 manet
704 1580 771 1635 tota
793 1572 947 1635 restitutio
964 1569 1047 1634 Solis
1064 1569 1246 1652 Tycbouioa,
1266 1576 1401 1632 tantom-

9 1664 15 1775 ἱ
58 1661 134 1725 nodo
164 1680 315 1724 uoeusns
337 1669 369 1724 et
392 1662 554 1725 descensos
578 1661 660 1725 Solis
693 1662 881 1736 minuuntur,
916 1668 948 1723 et
970 1680 1023 1740 per
1046 1678 1234 1741 consequens
1261 1657 1403 1721 diametri

9 1778 13 1829 ·,
58 1750 128 1813 Solis
161 1749 345 1831 apparentis
369 1758 401 1814 et
423 1751 544 1815 umbrae
577 1752 716 1815 diametri
748 1752 877 1813 variatio
899 1752 935 1813 fit
957 1750 1069 1823 minor,
1103 1747 1184 1828 qnod
1209 1748 1240 1810 in
1274 1747 1402 1828 eclipses

9 1866 20 1909 ς.
56 1839 209 1914 redundat,
234 1838 355 1919 exigno
380 1847 416 1903 ut
437 1848 520 1920 puto,
543 1841 592 1903 vel
610 1841 718 1905 damno
742 1841 790 1902 vel
809 1842 903 1903 lucro.
938 1839 998 1902 His
1020 1836 1220 1901 consideratis
1243 1836 1274 1899 iu
1288 1837 1403 1900 dnobus

56 1929 177 2008 planetis
204 1929 384 2008 supervenit
405 1929 573 2010 speculatio
596 1931 768 2010 invenitque
796 1934 919 1993 cansam
947 1926 1105 2010 aequantia
1129 1946 1197 1988 ease
1221 1945 1303 1988 mere
1324 1926 1405 2007 phy-

56 2019 146 2091 sicam,
169 2026 339 2100 patentem
361 2026 462 2081 tamen
486 2019 719 2083 dimensionibus
743 2018 944 2098 geometricis.
981 2017 1062 2080 Nam
1085 2023 1119 2078 ut
1142 2015 1288 2078 distantia
1311 2033 1407 2096 quse·

57 2109 117 2170 libet
138 2109 182 2170 ad
217 2106 335 2180 aliam,
366 2107 411 2169 ita
438 2126 524 2171 mora
553 2109 694 2189 planetae
718 2107 747 2169 in
765 2116 890 2189 puncto
923 2106 1002 2169 illins
1034 2104 1264 2171 distantiae'ad
1292 2121 1408 2167 morem

59 2199 146 2277 puncti
169 2197 309 2259 alterins
332 2196 506 2259 distantiae.
994 2222 998 2230 ¹
1210 2224 1215 2233 ·
1400 2202 1403 2207 '

128 2284 278 2366 Quoque
300 2285 333 2347 in
356 2284 470 2351 duobus
502 2284 633 2366 planetis
656 2303 705 2347 rea
729 2286 807 2348 ultro
832 2286 1032 2363 successerit,
1056 2284 1121 2348 sine
1145 2284 1209 2346 ulla
1236 2280 1338 2361 gratia
1360 2280 1429 2342 vel'

60 2385 180 2456 mpetu
216 2377 273 2448 (nt
300 2394 341 2436 ex
373 2375 437 2437 toro
467 2384 570 2455 petam
599 2374 741 2455 loquendi
772 2376 900 2448 formos)
933 2393 980 2441 ex,
1002 2373 1093 2435 meris
1131 2369 1406 2445 observationibus,

63 2465 253 2528 mdiantiboe
280 2464 605 2528 demonstrationibus:
625 2464 690 2542 jam
713 2483 766 2543 spe
790 2464 933 2526 devoravi
955 2464 1097 2543 planetas
1120 2469 1238 2526 ceteras
1261 2454 1409 2523 venturos

67 2554 229 2617 adendem
257 2553 363 2632 leges:
388 2553 486 2633 ipsum
509 2555 584 2615 adeo
608 2553 796 2615 Mercurium.
833 2553 913 2614 Nam
937 2552 1016 2632 qnod
1035 2551 1186 2613 Venerem
1210 2547 1331 2623 attinet'
1348 2546 1408 2611 -ille

71 2641 192 2717 oroth,
214 2662 283 2724 quo
296 2644 433 2705 centrum
455 2643 616 2706 eccentrici
630 2643 774 2719 variatur,
798 2641 1046 2705 manifestissime
1061 2639 1144 2702 cadit
1156 2657 1211 2720 per
1225 2635 1408 2718 positionem

73 2733 200 2812 sequart'a
223 2733 261 2794 in
282 2730 366 2794 Sole.
405 2731 485 2795 Nam
508 2741 540 2794 et
558 2731 704 2794 dimensio
728 2731 874 2817 congruit,
899 2730 969 2792 dum
988 2730 1181 2807 Ptolemaeus
1204 2727 1270 2808 ejus
1294 2722 1409 2789 circelli

69 2821 296 2884 remeumnon
322 2820 397 2882 lacit
419 2819 504 2908 2083
530 2828 563 2885 at
585 2819 667 2883 Solis
691 2820 948 2883 eccentrioitatem
971 2819 1051 2882 idem
1072 2817 1159 2901 ponit
1180 2811 1261 2890 416,
1286 2813 1410 2895 duplum

64 2909 131 2973 illisa
176 2908 332 2974 Mercurii
353 2928 425 2972 vero
448 2912 532 2991 leges
559 2911 640 2972 illius
673 2910 785 2974 circelli
814 2903 984 2972 contrariae
1015 2907 1213 2981 videbantur,
1244 2912 1408 2985 propterea

61 3001 113 3077 quia
134 2999 211 3081 ejna
229 3017 405 3080 apogaeum
427 2998 509 3063 Solis
531 2999 674 3080 perigeeo
692 2998 918 3081 ‘appropinquet
940 2998 1052 3079 magia,
1075 2996 1207 3060 Veneris
1235 3012 1307 3057 vero
1331 3010 1408 3075 spo-

60 3107 151 3166 gsenm
175 3087 268 3152 Solia
292 3104 440 3167 apogaeo.
649 3152 652 3157 ,
1107 3146 1111 3155 ,

120 3177 198 3242 'Sed
224 3177 319 3240 nt'bi
342 3177 509 3241 inferiores.
523 3178 563 3240 ad
585 3195 720 3240 normam
744 3175 930 3256 superiorum
954 3175 1112 3257 quadrent,
1135 3193 1210 3255 opus
1233 3179 1282 3236 est
1304 3176 1407 3237 muta-

59 3266 124 3331 tione
145 3267 414 3343 nomenclaturae,
438 3286 504 3330 cnm
528 3266 588 3345 ipsi
611 3266 726 3329 numeri
755 3274 787 3328 et
810 3266 907 3327 forma
937 3273 1070 3327 motuum
1100 3272 1242 3327 mutetur.
1286 3259 1410 3339 Eunim

56 3357 94 3435 qvi
112 3356 290 3420 dicebatur·
304 3357 385 3435 apud
407 3357 614 3420 Ptolemaeum
642 3356 880 3417 eccentricua
910 3354 1045 3427 illorum,
1069 3355 1095 3416 ia
1119 3363 1168 3417 est
1191 3360 1223 3415 et
1238 3357 1350 3426 ,manet
1371 3357 1407 3413 nt

57 3445 274 3527 ucopemiec
295 3445 402 3509 orbis
425 3465 568 3509 annuus
591 3444 756 3508 communis
779 3444 930 3507 omnibns:
960 3443 1010 3524 qui
1032 3463 1103 3506 vero
1126 3441 1303 3505 Ptolemaw
1326 3436 1405 3521 epi·
1428 3498 1434 3529 :

57 3535 200 3615 cyclus,
219 3533 289 3615 jam
313 3533 430 3599 dicetur
453 3534 697 3598 eccentricua.
735 3535 815 3597 Nam
838 3553 870 3596 re
893 3552 967 3595 vera
984 3533 1149 3607 illiorbes,
1174 3530 1224 3613 qni
1247 3530 1304 3592 bos
1325 3526 1405 3593 dnos
1430 3584 1434 3592 .

56 3623 122 3687 sica
143 3623 258 3688 Solem
279 3623 404 3699 vehunt,
428 3645 466 3687 ex
488 3622 561 3687 Sole
584 3623 745 3686 eccentrici
768 3631 841 3685 sunt
859 3630 895 3685 et
913 3642 1006 3686 causa
1029 3622 1135 3685 eadem
1157 3617 1283 3704 physice
1303 3616 1406 3697 parti·

57 3712 158 3793 ebant,
184 3720 221 3775 nt
234 3721 349 3792 quanto
373 3714 470 3795 magia
493 3720 564 3794 sunt
586 3712 757 3788 eccentrici,
781 3720 868 3775 tanto
889 3711 1185 3775 deuternomio
1203 3704 1324 3790 apbelio
1338 3723 1404 3771 sno.

58 3799 131 3871 Qec
155 3818 210 3865 res
234 3798 357 3874 cumin
379 3804 500 3868 Venere
524 3802 634 3881 exigua
654 3798 705 3879 sit,
730 3821 837 3882 parum
860 3803 926 3882 ejus
948 3801 1200 3869 commutationes
1221 3794 1347 3870 tamen
1376 3792 1409 3859 in

57 3890 200 3955 llemrio
224 3907 298 3961 vero
321 3888 397 3955 baec
421 3892 546 3975 epinycli
567 3911 621 3956 sau
644 3891 705 3971 jam
729 3890 888 3953 eccentrici
910 3889 1058 3953 velocitas
1079 3898 1112 3952 et
1135 3887 1265 3952 tarditas
1288 3888 1408 3953 tantm

57 3989 160 4057 potest,
187 3987 225 4042 ut
249 3978 321 4049 &vn
341 3981 479 4063 aequalis
503 3982 533 4059 in
557 4001 593 4043 ec
615 3989 716 4044 motus
738 3980 879 4061 ponitur,
908 3980 1058 4071 triangulo
1091 3998 1164 4042 snas
1193 3974 1318 4059 apsidas
1341 3972 1409 4037 dis·

58 4086 158 4147 ponere
194 4072 331 4151 potus.
374 4070 460 4135 Haec
488 4071 630 4133 nondum·
648 4070 748 4135 omnia
780 4068 1042 4132 observationibus
1073 4068 1204 4148 probata
1232 4071 1320 4139 anot,
1354 4061 1409 4126 sed

57 4158 198 4241 mmptia
228 4162 462 4242 conu3‘.quae
488 4160 554 4240 jam
585 4167 656 4222 eunt
688 4158 872 4234 constituta,
904 4178 975 4239 spes
1004 4158 1136 4237 optimae
1171 4153 1408 4238 quaerendorum

58 4254 264 4328 aggeruntur.
309 4244 381 4313 Iam
403 4247 484 4312 enim
505 4248 562 4312 boc
585 4248 615 4311 in
638 4255 763 4329 nboqne
789 4249 891 4328 patuit
914 4267 952 4310 ex
975 4245 1249 4321 observationibus,
1277 4242 1408 4306 inclina-
1487 4254 1492 4265 ’

59 4335 149 4400 dones
184 4337 316 4401 retinere
349 4339 471 4403 easdem
502 4338 610 4401 iisdem
647 4337 807 4401 eccentrici
842 4337 984 4420 (epinycli
1017 4337 1148 4417 antiqui)
1171 4334 1227 4397 ‚sui
1257 4332 1406 4414 partibus,

58 4422 221 4506 ubicunqne
253 4425 349 4490 Terra
379 4428 431 4490 sit.
483 4427 629 4509 Adeoque
659 4427 722 4507 jam
755 4429 792 4489 de
823 4428 926 4491 fraeno
959 4434 992 4488 et
1011 4425 1160 4506 'ephippio
1191 4423 1308 4506 cogito,
1340 4440 1408 4484 cum

58 4515 184 4579 modom
205 4515 246 4578 de
270 4517 427 4595 eqq'o-sim
449 4524 561 4579 conus.
606 4519 746 4579 Formam
769 4517 890 4597 inquam
921 4516 1029 4579 calculi
1058 4515 1196 4581 meditor·
1243 4510 1408 4576 Aoomalis
1459 4547 1464 4560 ·

58 4602 182 4686 simplici
205 4622 268 4668 uon
291 4624 375 4687 egeo,
407 4626 474 4669 cum
497 4605 647 4669 illa-nibil
670 4606 712 4669 sit
734 4605 792 4668 nisi
807 4614 952 4687 tempus:
984 4605 1112 4685 primum
1135 4622 1212 4685 ergo
1236 4621 1303 4667 cum
1325 4608 1405 4664 um-

58 4710 120 4771 pore
143 4693 285 4776 proxime
307 4697 415 4760 minori
438 4710 537 4776 qnam
551 4703 599 4758 est
619 4696 809 4776 propositum
831 4715 869 4757 ex
892 4694 1109 4758 senis-tabulis
1137 4714 1212 4759 sene
1238 4694 1307 4755 loca
1328 4706 1406 4770 apo-

59 4799 196 4859 gsectnm
220 4801 275 4845 sen
300 4785 486 4866 apheliornm
509 4793 716 4865 excerpentur.
762 4780 891 4849 lodoin
916 4783 984 4851 aliis
1008 4780 1093 4847 aenis
1111 4783 1224 4847 tabulis
1247 4782 1301 4855 (de
1319 4779 1409 4843 Luna

61 4871 129 4935 seim
151 4871 218 4935 slis
241 4891 293 4938 rsa
312 4877 379 4950 est)
401 4872 469 4947 euni
495 4881 638 4956 tempore·
652 4866 787 4954 prorime
815 4874 922 4967 minori
945 4881 1107 4955 qusmest
1128 4889 1238 4935 meum·
1256 4866 1418 4934 residuum

1151 4975 1194 5029 μ
