3278 5550
149 278 192 349 78
426 356 430 363 ,
570 278 671 331 Literae
688 279 789 345 Koplsri
808 279 957 347 aliorumque
973 284 1076 335 utute

149 461 263 543 quales,
288 466 320 522 et
338 458 435 521 lineae
449 455 520 531 HG,
537 456 588 517 TF
602 457 655 518 &c
681 459 832 538 aequales,
857 456 1021 538 ubicunque
1037 452 1092 519 Sol
1107 456 1170 520 sive
1187 455 1281 519 Terra
1296 455 1327 518 in
1351 474 1408 519 suo
1431 455 1501 522 orbe

150 551 282 614 consitat
306 551 393 627 longe
417 548 464 609 vel
489 565 595 626 prope.
639 545 718 608 Sunt
742 557 843 609 autem
867 547 933 621 HL,
953 547 1005 608 TL
1025 547 1079 608 luc.
1104 565 1207 609 omnes
1230 544 1408 627 parallelae,
1433 546 1500 626 quie

147 658 314 721 apogaeum
338 635 620 698 insensibiliter‘t
574 657 603 697 m
607 643 692 697 terea
713 636 859 719 procedit.
905 635 1010 738 Neque
1034 631 1151 698 tantmu
1168 634 1238 709 GH,
1258 635 1377 697 TTdrc.
1402 633 1494 700 lineae

147 730 272 810 aquales
296 735 397 808 erunt,¹
429 725 482 787 sed
512 724 600 786 etiam
626 726 651 786 si
675 743 712 785 ex
736 725 845 787 Martis
869 724 975 786 locis
967 745 996 786 ιιι
1022 718 1150 791 medium
1174 720 1256 787 Solis
1279 725 1379 787 locum
1404 723 1490 788 lineae

148 820 342 889 ducerentur;
365 815 443 896 quod
467 814 561 887 addo,
594 833 632 875 ne
657 813 711 874 tibi
735 814 935 895 suspicionem
959 823 1098 888 moveat,
1128 813 1264 897 quamvis
1287 813 1364 875 haec
1387 814 1488 877 mentio

138 926 213 969 -meo
238 905 378 973 instituto
402 922 460 965 nou
485 903 526 964 sit
549 903 732 965 necessaria.
780 903 883 966 Tertio
908 923 950 964 ex
976 904 1091 966 calculo
1115 900 1265 985 Tychonis
1295 902 1405 965 dautur
1428 922 1487 966 vers

131 981 215 1060 'loca
237 996 382 1057 linearum
403 993 474 1067 AlI,
498 991 555 1053 AT
578 993 632 1053 &c
657 993 713 1053 sub
736 993 811 1068 fixis,
838 1012 929 1074 quare
954 1000 985 1053 et
1005 993 1110 1074 anguli
1133 992 1234 1068 HAT,
1263 992 1347 1053 TAE
1371 992 1426 1055 &c
1448 994 1487 1056 al

147 1086 177 1148 in
210 1082 375 1164 Copernico
407 1086 503 1159 θαη,
533 1103 599 1158 ηαι
630 1081 683 1143 doc.
714 1087 768 1156 (fig
782 1089 889 1155 adcrip
903 1088 1015 1151 xx1v..)
1070 1080 1186 1153 Quarto
1219 1100 1259 1142 ex
1287 1080 1486 1144 observatione

148 1176 257 1236 dantur
280 1172 450 1235 certissima
468 1172 540 1233 loca
563 1171 709 1232 linearum
728 1170 800 1253 AG,
820 1172 875 1233 AF
891 1172 945 1233 dac.
970 1172 1026 1233 sub
1049 1171 1116 1233 fixis
1139 1171 1177 1232 ad
1201 1169 1302 1233 omnia
1324 1171 1393 1232 loca
1407 1169 1485 1233 Solu

144 1262 317 1337 Quintod,
342 1284 368 1339 q,
393 1284 417 1335 ι,
441 1257 528 1333 ζνιΙ
550 1261 589 1335 H,
615 1261 651 1335 Τ,
674 1259 711 1335 Ε,
736 1261 759 1323 S
791 1260 1023 1364 praesupposita
1047 1268 1124 1327 sunt
1155 1279 1223 1322 esse
1256 1259 1470 1322 sensibiliter
1463 1280 1486 1323 ιι

146 1372 203 1416 uno
228 1351 349 1415 circulo.
387 1309 488 1421 Quare
508 1348 555 1410 his
569 1350 657 1429 plane
678 1350 833 1423 assumtis,
858 1369 916 1411 non
932 1349 1065 1429 pluribus
1089 1369 1147 1412 nou
1161 1343 1364 1430 paucioribus,
1388 1368 1485 1412 neuer-
1506 1353 1511 1357 '

146 1442 237 1504 sitate
263 1438 441 1519 triangulari
465 1439 554 1500 datur
575 1438 729 1519 proportio
753 1439 884 1523 omnium
902 1439 971 1513 AH,
991 1439 1047 1502 AT
1062 1440 1114 1501 &a
1139 1439 1177 1503 ad
1200 1436 1270 1514 HG,
1295 1437 1348 1500 TF
1371 1439 1425 1503 tre.
1460 1438 1488 1503 Id

147 1528 378 1594 etiamteutavi
403 1526 500 1590 ductis
524 1529 615 1594 rectis
640 1547 676 1588 ex
700 1536 725 1599 (l
749 1527 779 1589 in
803 1528 899 1590 locum
923 1526 1005 1590 Solis
1029 1527 1174 1602 medinm,
1200 1527 1366 1589 secundum
1389 1546 1487 1591 eccen-

148 1619 314 1682 tricitatem
338 1612 435 1680 3600.
481 1616 562 1678 Nam
586 1618 725 1679 inventus
757 1627 807 1678 est
829 1619 879 1682 ille
904 1617 1018 1679 medius
1042 1616 1096 1679 Sol
1121 1615 1318 1699 inaequaliter
1342 1616 1490 1681 distaret

149 1709 244 1771 Terra
266 1706 391 1787 ideoque
415 1724 472 1768 nou
497 1724 567 1767 vere
592 1725 659 1768 esse
683 1708 798 1769 medius
822 1705 885 1769 Sol.

231 1796 325 1858 Porro
350 1815 387 1859 ex
411 1793 490 1856 datis
514 1796 748 1874 longitudinibus
763 1796 831 1871 AH,
848 1797 904 1858 AT
919 1797 972 1858 duc.
993 1794 1036 1858 sic
1052 1794 1257 1857 ordinatarum
1273 1794 1364 1875 plane
1387 1814 1490 1858 necee-

145 1885 225 1949 sario
250 1885 383 1965 sequitur
407 1893 491 1946 certa
513 1884 614 1964 aliqua
637 1885 848 1948 eccentricitas
881 1905 975 1967 eaque
1003 1882 1087 1948 1800
1119 1883 1263 1963 proxime.
1288 1883 1377 1963 plane
1402 1891 1438 1945 nt
1467 1891 1494 1947 et

147 1976 224 2038 ratio
247 1972 396 2055 naturalis
419 1973 536 2035 suadet.
583 1975 641 2035 Hic
664 1985 705 2049 te,
729 1975 865 2049 Fabrici,
897 1975 990 2037 virum
1013 1983 1139 2054 praesta
1161 1980 1193 2034 et
1216 1991 1273 2033 non
1298 1972 1351 2035 illa
1375 1969 1493 2036 Christ·

139 2064 304 2127 manniana
320 2062 548 2142 argumentandi
568 2063 664 2124 forma
678 2084 724 2126 me
742 2083 895 2146 oppugnes
910 2069 1001 2137 (comp.
1019 2071 1076 2121 vot.
1090 2071 1124 2128 11,
1143 2080 1201 2137 pag.
1221 2067 1296 2137 431),
1321 2081 1390 2124 cum
1413 2062 1494 2144 pria.

144 2154 225 2235 cipia
247 2152 352 2213 videas
375 2152 413 2213 ob
437 2153 551 2227 oculos,
575 2152 681 2234 quibus
706 2153 861 2215 dissolutis
884 2161 951 2216 ruet
970 2154 1048 2233 quod
1063 2150 1320 2232 superaedificavi,
1346 2151 1495 2216 stantibus

143 2241 240 2305 stabit
271 2249 377 2303 contra
409 2259 510 2302 omnes
535 2242 665 2304 Martiae
698 2244 901 2325 hypotheseos
935 2243 1059 2303 sorores.
1107 2242 1185 2303 Nam
1208 2249 1242 2301 ut
1267 2240 1332 2320 jam
1361 2260 1496 2322 pergam,

145 2331 300 2394 stantibus
324 2329 371 2391 his
395 2329 550 2392 stabilitur
574 2352 633 2393 nna
655 2331 739 2395 locus
772 2332 869 2394 lineae
892 2329 953 2393 HG
982 2331 1037 2393 sub
1065 2332 1132 2393 fixis
1157 2330 1308 2410 (quamvis
1332 2330 1381 2392 hic
1407 2330 1498 2395 etiam

144 2441 183 2483 ex
205 2418 416 2483 observatione
440 2419 544 2481 haberi
567 2420 679 2500 possit,
709 2421 734 2482 si
758 2423 855 2484 altera
879 2439 916 2481 ex
939 2420 985 2481 his
1008 2417 1029 2485 4
1053 2418 1315 2483 observationibus
1338 2420 1380 2481 sit
1404 2418 1498 2501 dspo-

141 2532 249 2593 ινχιος,
274 2507 323 2571 nbi
345 2509 430 2570 Mars
454 2509 572 2572 exuitur
594 2510 743 2590 parallaxi
768 2522 800 2573 et
822 2517 988 2591 spectatur·
1002 2510 1031 2571 in
1056 2529 1109 2571 sno
1134 2528 1204 2571 vero
1228 2509 1293 2571 loco
1317 2509 1496 2584 eccentrieo,

141 2600 172 2663 in
196 2609 253 2679 qno
278 2598 369 2661 etiam
392 2606 441 2660 est
463 2607 535 2679 post
556 2601 692 2678 integras
712 2602 924 2674 revolutiones,
949 2598 1115 2680 ubicunque
1140 2608 1203 2661 tum
1227 2596 1280 2660 Sol
1304 2597 1373 2672 sit),
1399 2598 1497 2662 stabi·

92 2738 94 2742 .
142 2689 213 2751 litur
233 2680 329 2750 etiam
352 2690 506 2769 proportio
531 2688 591 2750 GH
615 2691 653 2750 ad
678 2706 880 2771 quamcunque
905 2707 943 2749 ex
965 2690 1048 2762 A(a)
1080 2689 1119 2750 ad
1142 2687 1258 2750 radium
1291 2687 1356 2766 ejus
1385 2686 1495 2764 circufi,

141 2779 171 2840 iu
196 2796 253 2857 quo
277 2785 347 2839 sunt
371 2778 527 2852 omuesH,
543 2777 578 2852 T,
593 2777 630 2849 Ε,
646 2777 669 2840 S
694 2782 741 2840 vel
765 2782 920 2851 omnesd,
935 2800 961 2855 q,
976 2801 999 2848 e,
1016 2773 1040 2850 ζ.
1079 2775 1338 2856 Consimiliplaue
1354 2774 1494 2841 methodo

144 2866 295 2929 invenitur
318 2865 423 2926 eadem
448 2865 703 2944 distantiadffl,
728 2869 852 2938 si0¹sit
870 2886 950 2928 circa
965 2885 1141 2946 apogaeum
1166 2875 1196 2927 et
1211 2885 1237 2926 ιι
1252 2866 1293 2926 ιιι
1309 2865 1393 2928 circa
1418 2860 1492 2949 pcn'-

145 2973 253 3036 gaeum
277 2961 309 3016 et
331 2954 358 3013 si
380 2953 461 3015 circa
484 2955 687 3034 longitudines
711 2956 836 3018 medias.
872 2954 1103 3036 Comparatioue
1127 2956 1219 3036 igitur
1243 2944 1330 3016 lacta
1348 2954 1497 3032 invenitur

141 3040 212 3120 ΕΘ
238 3040 447 3105 eccentricitas
471 3052 503 3103 et
525 3041 586 3104 HG
610 3044 746 3123 longior,
772 3065 860 3126 quam
884 3052 917 3104 ut
941 3044 1024 3105 vel
1017 3065 1045 3105 m
1069 3046 1123 3105 hoc
1148 3043 1227 3105 vel
1219 3064 1251 3111 ιιι
1273 3044 1370 3106 ιιιιιο
1403 3044 1498 3109 semi-

142 3132 253 3195 circulo
277 3138 359 3192 stare
383 3131 490 3211 possit.
539 3132 624 3195 Unde
649 3133 791 3208 discitur,
816 3133 925 3196 Martis
957 3142 1069 3195 motum
1107 3154 1174 3196 esse
1207 3135 1332 3219 liguram
1367 3136 1497 3211 ovalem,

142 3220 220 3302 quod
244 3238 360 3282 rursum
382 3220 515 3303 physicis
539 3221 705 3284 rationibus
729 3224 862 3305 apprime
878 3232 1121 3301 *pousentaoeum
1141 3231 1197 3285 est.
1236 3220 1338 3294 Quare
1353 3222 1379 3286 si
1397 3232 1499 3287 motus

141 3307 308 3372 intenditur
324 3328 389 3377 cum
404 3310 691 3391 appropinquatione
707 3322 732 3384 d
747 3325 778 3375 et
794 3311 846 3390 Θ,
870 3315 973 3376 statim
991 3313 1134 3394 sequitur,
1160 3324 1193 3375 ut
1211 3314 1358 3375 hactenus
1378 3314 1499 3393 quidem

141 3398 308 3479 geometria
331 3397 388 3460 luit
410 3401 544 3474 exculta,
571 3408 596 3470 d
621 3402 718 3465 locum
742 3403 940 3465 eccentricum
965 3402 1133 3482 computari
1156 3421 1214 3463 non
1237 3421 1328 3480 posse
1353 3421 1499 3483 compen·

142 3487 236 3550 diose.
284 3484 445 3558 Quaeritur
469 3508 539 3569 ergo
563 3502 703 3570 punctum
728 3493 808 3554 circa
830 3492 866 3567 B,
900 3493 980 3555 circa
1010 3491 1089 3573 quod
1113 3492 1255 3570 quamvis
1288 3491 1499 3570 imaginarium

143 3578 277 3640 calculus
301 3577 510 3657 compendiose
534 3580 687 3658 procedat.
735 3584 769 3644 ld
794 3591 896 3643 autem
920 3601 1063 3663 quaerere
1087 3600 1211 3642 necesse
1236 3600 1294 3642 non
1321 3590 1379 3643 est.
1428 3581 1500 3645 Jam

141 3666 219 3729 enim
243 3668 395 3729 inventum
420 3676 477 3735 est,
501 3687 568 3729 cum
592 3671 837 3753 acronychiarum
857 3672 1101 3734 observationum
1115 3669 1248 3733 calculus
1262 3688 1316 3748 per
1331 3679 1497 3753 quaternas

55 3772 58 3787 ¹
142 3756 369 3821 observationes
392 3756 608 3821 institueretur.

230 3844 310 3917 Quid
334 3845 391 3920 hic,
415 3866 537 3926 quaeso,
563 3848 672 3928 duplex
696 3848 776 3911 Solis
808 3849 1040 3911 eccentricitas?
1081 3848 1149 3927 Age
1181 3848 1335 3928 paciscere
1369 3866 1499 3923 mecum,

142 3941 226 3997 utere
249 3932 423 4017 Tychonica
456 3937 594 4016 antiqua¹
612 3938 771 4019 hypothesi
796 3939 1057 4020 acronychiarum‚
1091 3944 1178 4017 quae'
1199 3938 1335 3999 omnibus
1358 3937 1436 4015 locis
1459 3938 1500 4001 ad

141 4021 172 4084 7⁴
205 4024 324 4085 circiter
355 4024 508 4086 satisfacit
541 4026 730 4089 dissimulato
762 4028 818 4089 hoc
851 4027 1009 4090 err'orculo.
1058 4029 1171 4089 Postea
1202 4036 1285 4089 utere
1316 4026 1499 4091 hactorma

141 4112 420 4187 demonstrationis,
453 4123 484 4175 et
515 4115 556 4176 sit
588 4114 643 4176 tibi
666 4117 695 4176 H
719 4116 803 4178 locus
827 4115 911 4196 Solis
931 4116 1045 4178 medius
1070 4125 1102 4178 et
1124 4114 1211 4181 HA'T
1233 4117 1281 4178 vel
1304 4120 1369 4191 aaa
1394 4114 1500 4197 auguli

141 4219 180 4261 ex
208 4203 316 4264 mediis
350 4203 481 4265 motibus
512 4202 593 4266 Solis
625 4206 789 4285 prodeant,
824 4206 957 4267 invenies
982 4204 1170 4268 nihilominus
1193 4205 1263 4278 ΑΗ,
1287 4204 1344 4267 AT
1368 4205 1424 4266 duc.
1449 4206 1499 4268 in-

141 4292 284 4370 aequales
314 4300 345 4352 et
375 4294 631 4356 eccentricitatem
668 4291 761 4371 1800,
796 4315 862 4356 cum
886 4294 955 4356 illas
979 4296 1147 4374 aequales,
1171 4295 1249 4356 hanc
1282 4295 1394 4356 nullam
1429 4314 1500 4360 esse

142 4379 285 4440 docuerit.
334 4381 472 4443 invenies
494 4380 564 4460 ΕΘ
590 4382 848 4446 eccentricitatem
872 4383 1029 4446 eccentrici
1060 4385 1148 4463 longe
1178 4375 1269 4446 aliam
1299 4383 1437 4464 (saepius
1467 4394 1502 4447 et

140 4467 171 4529 iu
194 4467 278 4530 vario
303 4477 328 4538 d
352 4470 422 4542 situ,
446 4471 475 4531 in
499 4491 644 4553 apogaeo,
669 4473 820 4553 perigaeo,
844 4472 1079 4553 longitudinibus
1101 4473 1208 4536 mediis
1232 4474 1313 4541 exB
1336 4471 1499 4577 oppositis,

89 4622 94 4632 ,
140 4557 254 4619 iterata
267 4565 334 4620 tota
347 4577 472 4639 pragma
474 4560 532 4634 ιιι)
549 4581 637 4664 quam
651 4561 807 4624 habiturus
826 4583 858 4624 es
873 4563 901 4623 in
917 4562 1076 4644 hypothesi
1090 4563 1370 4645 acronychiarum‚
1362 4562 1501 4625 invenies

141 4648 217 4710 duas
250 4655 276 4716 ό
309 4668 328 4707 ι
349 4648 376 4709 Β
401 4649 577 4711 distantias
589 4651 618 4711 in
642 4650 748 4713 mediis
771 4651 1006 4735 longitudinibus
1031 4651 1195 4732 oppositis,
1229 4652 1382 4714 breviores
1406 4671 1500 4734 quam

142 4734 323 4811 estHG(?).
361 4736 406 4798 At
429 4737 499 4817 quia
517 4740 618 4802 omnia
642 4740 680 4801 ad
704 4741 832 4802 medium
855 4748 968 4803 motum
981 4738 1063 4803 Solis
1087 4740 1242 4817 reduxisti,
1267 4741 1402 4804 invenies
1427 4742 1500 4805 lon-

141 4825 242 4923 giores
265 4826 295 4889 ιιι
318 4824 415 4888 altero
438 4827 637 4925 semicirculo,
662 4830 799 4910 quamvis
822 4830 989 4911 aequaliter
1007 4830 1045 4891 ab
1064 4848 1199 4911 apogaeo
1217 4831 1341 4895 distent.
1378 4829 1423 4892 Et
1437 4828 1502 4896 atis
