3278 5550
605 306 646 360 ιι.
666 306 779 361 caesar
800 302 876 360 reos.
1350 290 1415 378 73³7

150 486 200 550 Ex
222 486 279 551 hoc
308 486 401 568 igitur
428 488 566 568 exemplo
595 488 708 551 cernite
739 487 866 569 primum
889 486 1055 568 Hipparchi
1085 487 1281 564 industriam,
1313 489 1415 572 quiin

59 577 170 640 mediis
184 576 447 641 Macedonicomm
466 583 597 639 motuum
617 578 794 640 tumultibus
809 597 863 660 per
882 577 983 638 decies
1007 584 1134 638 centena
1156 598 1299 658 passuum
1320 580 1417 644 millia

59 667 193 748 vestigia
215 667 337 728 umbrae
360 666 488 729 Lunaris
511 666 683 747 indagavit,
712 687 777 729 cum
805 674 888 729 esset
910 667 1122 728 astronomiam
1146 687 1236 747 super
1258 670 1314 731 hoc
1337 668 1416 731 deli-

61 756 131 838 quio
155 762 371 818 exstructurus.
1010 778 1012 783 ’

152 842 351 908 Considerate
375 843 518 925 amplius,
542 863 729 925 nequaquam
752 846 813 908 ista
836 844 936 925 perfici
958 845 1048 906 aliter
1069 844 1222 925 potuisse,
1246 847 1304 909 nisi
1328 865 1415 929 reges

60 934 167 1009 Asiae,
193 933 402 1008 Macedoniae,
424 933 570 1015 Aegypti,
594 934 729 1015 quamvis
748 942 820 997 tunc
839 936 876 996 de
895 953 995 997 rerum
1014 953 1128 995 summa
1151 935 1229 997 iuter
1250 955 1317 998 sese
1341 956 1414 999 con-

61 1031 216 1087 certantes
249 1024 393 1086 acerrime
426 1031 564 1104 terraque
598 1031 629 1084 et
659 1024 736 1085 mari
769 1031 964 1104 grassantes,
999 1024 1027 1084 in
1059 1024 1145 1084 unius
1174 1033 1276 1086 tamen
1305 1025 1415 1106 privati

60 1113 189 1175 hominis
207 1121 281 1174 vota
300 1113 456 1175 unanimes
476 1111 702 1175 consensissent
724 1113 840 1194 iterque
866 1120 961 1174 tutum
985 1111 1029 1173 illi
1054 1113 1128 1174 artis
1153 1115 1413 1194 praeclarissimae

61 1202 162 1265 studio
184 1202 425 1284 praestitissent,
450 1202 553 1264 forsan
577 1209 610 1264 et
632 1203 781 1265 sumtibus
799 1203 960 1283 juvissent.

150 1291 221 1354 Jam
243 1310 315 1353 vero
335 1291 467 1353 adhaec
486 1298 592 1367 nostra
611 1310 719 1353 revoco
739 1300 884 1372 tempora,
908 1292 1013 1373 quibus
1032 1298 1102 1371 post
1121 1290 1208 1370 jacta
1225 1310 1279 1371 per
1293 1292 1413 1374 Tycha-

59 1399 130 1443 uem
152 1373 251 1443 Brahe
276 1380 459 1443 solidissima
482 1379 677 1443 fundamenta
703 1381 734 1442 id
762 1381 848 1443 unice
876 1381 994 1460 agitur,
1026 1387 1060 1440 nt
1087 1382 1302 1444 astronomiam
1325 1401 1414 1462 qnam

59 1469 313 1552 perfectissimam
337 1470 521 1545 habeamus;
553 1477 584 1531 et
607 1470 686 1551 quod
707 1489 805 1533 meam
827 1478 944 1551 partem
968 1469 1092 1543 attinet,
1115 1479 1233 1552 tempus
1256 1470 1360 1531 forsan
1383 1477 1415 1533 et

59 1567 188 1622 externa
212 1558 393 1622 adminicula
414 1559 488 1620 mihi
512 1558 678 1634 defuerint,
706 1561 823 1622 animus
847 1567 929 1622 certe
952 1577 1101 1641 nunquam
1125 1560 1225 1633 deest,
1255 1577 1413 1622 successus

59 1665 145 1729 spem
168 1649 322 1729 praebuit,
346 1647 709 1711 observationes-adsunt
732 1649 760 1710 in
785 1649 887 1729 copia,
917 1649 1022 1729 quales
1045 1648 1168 1730 quaevis
1191 1656 1357 1729 tcmpomm
1381 1657 1414 1711 et

58 1746 193 1801 motuum
224 1738 356 1800 conditio
387 1737 529 1799 exhibet:
563 1738 630 1799 sola
659 1738 736 1800 haec
758 1739 933 1819 Hipparcho
956 1744 1102 1817 usurpata
1125 1739 1244 1799 occasio
1268 1739 1413 1800 hacteuus

57 1826 165 1902 defuit,
189 1835 223 1889 ut
245 1845 300 1906 per
322 1826 472 1888 defectum
496 1825 578 1890 Solis
602 1827 728 1889 diversis
756 1829 832 1891 locis
856 1835 996 1891 accurate
1021 1826 1212 1888 observatum
1236 1827 1341 1888 eadem
1363 1827 1412 1888 in·

59 1916 285 1995 vestigareutur
307 1915 492 1995 expeditius,
523 1935 600 1996 quae
629 1917 749 2005 aliunde
777 1936 892 1997 quoque
916 1918 1070 1978 innotuere
1094 1936 1148 1997 per
1171 1916 1321 1995 longiores
1345 1934 1413 1976 am-

58 2008 174 2085 bages,
205 2006 306 2086 iteque
337 2023 501 2067 consensus
534 2005 655 2067 veritati
684 2007 846 2086 praeberet
874 2005 1085 2068 testimouium.
1134 2005 1250 2076 Quodsi
1280 2005 1414 2067 seculum

60 2102 202 2157 exactum
226 2094 476 2175 contemplemur,
501 2094 672 2156 rarissimas
696 2095 862 2156 videbimus
886 2093 1054 2174 hujusmodi
1078 2095 1261 2156 occasiones.

150 2184 239 2246 Anno
266 2178 352 2246 1544
375 2201 484 2261 magna
507 2183 565 2247 fuit
587 2184 708 2265 eclipsis
731 2191 763 2245 et
785 2184 895 2246 alicubi
918 2182 1022 2245 totalis
1043 2190 1074 2244 et
1093 2183 1284 2245 mediocriter
1308 2182 1413 2244 adulto

60 2272 131 2349 die;
164 2290 306 2353 cumque,
338 2277 372 2333 ut
396 2269 525 2333 Gemma
551 2271 666 2335 Frisios
694 2273 871 2348 adnotavit,
903 2272 1026 2335 inferior
1054 2272 1135 2335 Solis
1165 2291 1237 2352 pars
1267 2271 1414 2334 defecerit

58 2361 207 2435 Lovanii‚
239 2360 484 2423 meridionalibus
516 2361 610 2440 igitur
641 2362 715 2424 locis
743 2363 852 2425 alicubi
882 2370 964 2425 totus
988 2360 1043 2422 Sol
1072 2371 1143 2442 post
1165 2362 1282 2423 Lunam
1310 2360 1410 2425 latuit.

59 2452 176 2532 Magoa
199 2449 423 2531 opportunitas,
449 2451 502 2510 sed
525 2450 679 2530 neglecta,
704 2453 782 2513 forte
806 2452 884 2533 quod
909 2460 979 2513 tuuc
1003 2450 1205 2513 astronomiae
1228 2446 1411 2512 restauratio

58 2559 119 2603 nou
142 2540 186 2601 ita
209 2541 341 2613 ferebat,
366 2539 624 2602 observationibus
647 2541 880 2603 accuratioribus
904 2541 1033 2602 nondum
1058 2539 1252 2620 consignatis.

147 2629 238 2691 Auno
265 2624 351 2693 1560
373 2628 496 2709 eclipsis
519 2629 601 2692 Solis
625 2637 657 2691 et
679 2630 784 2692 totalis
808 2638 839 2692 et
863 2631 893 2692 iu
915 2629 1038 2691 meridie
1062 2629 1120 2690 fuit
1142 2629 1172 2690 in
1189 2627 1358 2702 Lusitania,
1382 2632 1414 2691 et

59 2718 222 2782 observata
245 2726 294 2782 est
314 2717 430 2799 passim
449 2736 504 2797 per
525 2715 730 2795 Germaniam,
755 2719 917 2799 digitorum
939 2726 1040 2780 tamen
1063 2738 1203 2781 unmems
1227 2717 1294 2780 sola
1317 2715 1414 2794 aesti-

58 2807 191 2872 matione
214 2807 297 2870 nullo
326 2806 451 2869 artifieio
480 2806 637 2887 proditus;
671 2808 773 2889 itaque
802 2828 860 2871 uon
890 2809 1034 2888 majorem
1063 2809 1101 2868 ad
1125 2807 1335 2869 certitudinem
1358 2825 1413 2868 uos

57 2898 221 2978 perducere
250 2903 323 2978 apta
352 2905 417 2970 est,
448 2915 535 2976 quam
558 2895 764 2977 Hipparchum
791 2917 848 2959 sua
873 2897 1041 2979 perduxit
1068 2888 1163 2959 Addc'
1182 2896 1261 2978 quod
1284 2903 1315 2957 et
1337 2895 1413 2958 haec

59 2993 190 3068 atquae
213 3005 292 3049 anuo
319 2980 402 3048 1567
426 2992 554 3066 sequuta
576 2993 634 3060 est,
657 2987 773 3050 Romae
798 2986 828 3048 in
851 2987 973 3048 meridie
993 2986 1145 3061 centralis,
1170 2994 1358 3047 astronomos
1382 2983 1414 3046 in

58 3076 197 3137 diversas
220 3081 379 3136 traxerunt
402 3074 569 3138 sententias
593 3095 682 3157 super
696 3076 865 3156 quantitate
880 3076 1018 3138 diametri
1033 3075 1154 3151 Lunae3
1179 3094 1267 3155 quam
1288 3080 1411 3135 coutro-

57 3164 190 3227 versiam
211 3164 241 3226 in
257 3162 377 3243 Opticis
394 3163 469 3226 meis
485 3164 635 3244 explicavi
651 3184 715 3246 cap.
736 3164 821 3228 VIII.
855 3165 906 3227 Ita
928 3165 1002 3226 fides
1026 3164 1144 3226 illarum
1168 3162 1412 3225 observationum

57 3273 151 3335 penes
175 3261 315 3315 auctores
339 3261 395 3316 est.
443 3251 576 3333 Sperant
602 3261 704 3316 autem
731 3273 847 3317 mecum
877 3254 963 3317 multi
996 3254 1079 3329 fore,
1098 3254 1145 3315 'ut
1175 3253 1224 3335 qui
1254 3260 1411 3332 utramque

58 3344 208 3406 dictarum
231 3342 387 3423 eclipsium
409 3341 571 3407 memoriae
594 3344 791 3423 consignavit,
818 3341 1053 3424 christophorus
1075 3342 1210 3416 Clasius,
1234 3341 1281 3402 vir
1304 3341 1341 3403 de
1363 3341 1411 3402 his

56 3433 175 3495 artibus
198 3431 309 3514 optime
332 3432 467 3508 meritus,
490 3432 644 3495 luculenta
667 3433 767 3514 aliqua
790 3433 961 3495 narratione
985 3452 1038 3493 seu
1061 3433 1181 3512 publica
1204 3450 1257 3492 seu
1279 3430 1410 3510 privata,

55 3521 231 3605 priusquam
250 3539 287 3582 ex
310 3521 367 3583 hac
386 3521 466 3595 vita,
488 3521 550 3603 jam
573 3541 667 3584 senex
689 3523 858 3596 admodum,
884 3516 1031 3594 discedat,
1055 3541 1111 3583 nos
1135 3541 1172 3582 ex
1195 3521 1233 3582 iis
1258 3516 1410 3599 ambigui·

55 3610 172 3674 tatibus
202 3610 328 3691 eripiat,
362 3610 393 3673 in
426 3609 532 3690 quibus
554 3629 609 3673 nos
633 3629 671 3673 ex
693 3610 823 3674 lectione
846 3610 973 3692 allegati
997 3610 1054 3673 loci
1077 3628 1209 3673 meorum
1233 3608 1410 3691 Opticorum

55 3719 222 3782 suspensos
246 3700 342 3762 teneri
364 3699 459 3762 videt.

145 3787 208 3868 Sed
230 3789 271 3851 ad
294 3807 391 3852 meum
414 3788 584 3851 institutum
607 3789 698 3849 redeo
722 3797 754 3850 et
775 3807 868 3869 pergo
893 3789 932 3849 ad
954 3794 1115 3869 sequentes
1139 3787 1278 3869 eclipses.
1324 3783 1411 3856 Quas

52 3878 136 3943 enim
158 3878 304 3940 hactenus
328 3878 566 3945 commemoravi,
590 3895 688 3939 meum
712 3885 809 3939 ortum
831 3896 934 3939 omues
951 3885 1190 3959 praevertemnt.
1224 3875 1306 3938 Anni
1324 3871 1409 3941 1579

53 3967 180 4049 eclipsis
202 3985 313 4047 magna
337 3968 474 4049 quidem,
507 3960 561 4028 sbd
584 3964 657 4029 Sole
687 3967 810 4028 nimium
838 3966 981 4028 inclinato
1013 3966 1051 4027 ad
1080 3984 1238 4039 occasum,
1270 3965 1409 4028 instituto

53 4065 299 4121 astronomorum
322 4076 380 4119 nou
404 4057 461 4119 fuit
482 4055 599 4118 idonea.
633 4056 722 4118 Auno
751 4052 835 4119 1590
858 4055 954 4118 minor
977 4055 1035 4117 fuit
1058 4056 1239 4128 obscuratio,
1265 4073 1353 4134 quam
1376 4061 1410 4116 ut

52 4147 163 4211 umbra
184 4147 288 4208 Lunae
311 4165 365 4226 per
387 4145 548 4226 Europam,
574 4164 632 4226 qna
651 4144 842 4209 Christianus
865 4145 1030 4224 porrigitur
1052 4145 1143 4219 orbis,
1167 4144 1270 4226 quaeri
1292 4150 1408 4224 posset

52 4237 147 4302 Anno
165 4231 252 4299 1598
272 4235 376 4297 umbra
391 4235 494 4297 Lunae
513 4234 566 4295 vix
588 4241 754 4297 extremum
778 4242 809 4295 et
831 4234 1014 4314 inhospitum
1038 4234 1143 4314 attigit
1162 4233 1406 4315 septentrionem,

53 4345 93 4389 ac
115 4324 219 4387 nescio
243 4345 281 4386 au
304 4324 393 4406 plane
416 4331 539 4405 propter
562 4325 687 4389 Terram
710 4324 855 4385 intactam
878 4324 1042 4386 transierit.

146 4415 234 4476 Anno
270 4409 356 4477 1600
393 4413 498 4474 umbra
529 4414 633 4475 Lunae
670 4413 698 4474 iu
738 4413 939 4474 remotissimo
972 4411 1095 4474 meridie
1132 4411 1304 4491 quaerenda
1340 4409 1407 4473 fuit.

53 4506 146 4570 Auno
165 4499 245 4566 1601
267 4503 371 4566 umbra
387 4504 490 4565 Lunae
514 4502 631 4582 longius
656 4502 748 4565 etiam
764 4521 853 4583 quam
875 4520 953 4563 anno
980 4497 1064 4565 1598
1086 4521 1105 4562 a
1128 4499 1294 4563 meditullio
1318 4499 1407 4563 faciei

53 4591 224 4658 Terrestris
247 4610 352 4655 versus
375 4591 595 4673 septentriones
619 4591 780 4654 aberravit.

145 4683 215 4747 Jam
230 4701 318 4764 porro
333 4682 416 4745 nulla
431 4681 518 4743 uobis
537 4681 743 4761 exspectanda
757 4679 878 4761 eclipsis
894 4698 1004 4759 magua
1014 4696 1111 4759 usque
1127 4678 1167 4740 ad
1181 4698 1292 4751 aunum
1310 4671 1404 4753 1621,

55 4772 144 4854 cujus
167 4778 198 4833 st
214 4771 402 4852 sequentium
417 4789 562 4833 annorum
578 4769 709 4850 deliquia
727 4790 839 4851 magna
861 4768 898 4831 iis
922 4769 1105 4843 commendo,
1131 4768 1180 4849 qui
1203 4775 1275 4830 tunc
1298 4764 1406 4829 victuri

54 4869 138 4928 snut.
183 4859 258 4924 Sola
279 4860 370 4942 hujus
390 4859 461 4925 anui
486 4856 569 4925 1605
593 4859 732 4942 eclipsis,
762 4860 841 4943 quod
863 4857 1036 4921 observatio
1057 4876 1126 4920 mea
1147 4856 1266 4933 docuit,
1288 4855 1335 4919 sio
1356 4858 1409 4919 est'

110 4965 199 5018 sonan
212 4966 289 5017 onan.
309 4966 346 5008 nu
1161 4959 1195 5012 47
