3278 5550
675 308 716 367 De
733 308 814 367 Luna
1357 296 1421 380 945

167 488 250 572 Ergo
272 510 326 573 per
349 499 535 553 se=eentrom
551 491 710 553 eceentrioi
727 491 878 553 describat
900 493 1025 571 liguram
1048 491 1164 553 ovslem
1188 491 1268 553 circa
1290 499 1424 554 centrum

105 600 191 643 errae
215 588 297 643 motu
321 581 457 661 apogaei,
483 581 527 642 ita
549 591 583 643 ut
606 581 753 643 diameter
775 582 910 642 virtuosa
933 599 990 642 non
1014 579 1068 654 sit,
1094 581 1148 642 sed
1171 582 1268 643 solum
1292 589 1425 643 centrum

105 689 201 732 errae.
250 670 364 734 Contra
387 669 475 744 lacit,
506 671 584 750 quod
607 669 682 732 haec
704 668 907 751 inaequalitas
930 689 949 730 a
972 688 1043 730 vero
1067 668 1133 730 loeo
1157 669 1238 733 Solis
1261 671 1373 751 pendet
1395 677 1428 731 et

105 760 159 820 rod
183 778 262 820 nova
284 778 337 839 pro
361 759 531 822 octantibus
556 767 639 821 esset
661 759 858 838 contingenda
881 758 967 820 ratio.
1012 758 1095 838 Ergo
1119 758 1156 820 de
1179 759 1327 840 prioribus
1351 778 1425 822 eou-

104 847 219 910 rlantur
243 848 452 924 dimensiones,
476 869 514 910 an
538 848 629 909 etiam
652 854 789 910 octantes
813 847 1057 927 complectantur.

167 957 290 1009 Ponatur
321 963 444 1012 eentrum
475 957 502 1011 in
536 957 668 1011 diametro
692 952 746 1025 (G)
776 949 816 1023 ὃ)
845 957 932 1010 altum
958 953 1043 1012 4936.
1092 957 1209 1012 Manent
1243 958 1351 1012 interea
1387 956 1427 1012 ibi

105 1054 157 1091 ram
178 1037 227 1089 rix
251 1030 285 1090 13
306 1038 351 1090 rel
376 1031 410 1090 15
433 1037 619 1091 lunationibus
640 1037 780 1107 periodum
801 1035 946 1101 absoluit),
975 1038 1054 1092 Luna
1078 1055 1143 1092 vero
1165 1039 1201 1092 ab
1222 1053 1349 1109 apogaeo
1370 1038 1428 1091 rol·

105 1124 165 1172 atur
185 1117 213 1170 in
233 1117 308 1187 long.
329 1117 444 1171 medium
466 1125 495 1173 et
515 1119 707 1189 quadraturas.
737 1116 766 1172 Si
785 1117 872 1171 virtus
890 1125 1014 1171 maneret
1034 1119 1137 1182 eadem,
1160 1118 1290 1189 aequatio
1311 1119 1430 1172 seeunda

105 1204 158 1252 rset
180 1188 215 1250 2ο
234 1192 337 1259 29¹l.¹;
364 1197 422 1266 jam
451 1205 495 1251 est
522 1190 556 1251 4θ
577 1192 670 1263 58²t‘,
701 1215 769 1269 ergo
798 1192 837 1253 90
856 1196 924 1250 radii
954 1197 1088 1266 paulatim
1116 1214 1134 1252 a
1160 1198 1294 1252 diametro
1320 1193 1368 1266 (Θ
1389 1189 1430 1266 ὃ)

105 1276 209 1348 uagati
230 1283 259 1330 et
279 1276 414 1348 paulatim
434 1278 582 1350 lonm'ores,
604 1284 670 1332 sunt
682 1295 733 1349 per
748 1270 781 1331 2⁰
794 1270 879 1338 29¹t‘
900 1277 1043 1342 tardiores,
1066 1293 1147 1350 quam
1161 1279 1273 1334 totidem
1287 1286 1430 1332 manenter

105 1378 109 1412 ι
131 1358 266 1411 diametro
286 1364 316 1412 et
336 1351 489 1429 longiores',
516 1366 545 1413 et
564 1376 615 1430 per
636 1350 670 1412 4ο
690 1350 776 1419 58¹lr'
798 1350 945 1421 tardiores,
974 1374 1054 1429 quam
1076 1354 1114 1412 90
1135 1358 1228 1422 medii,
1255 1359 1430 1430 egredientes

105 1437 219 1493 aulatim
239 1454 258 1491 a
277 1437 410 1492 diametro
431 1439 458 1491 in
480 1442 673 1510 quadraturas.
712 1440 792 1505 (Nota
809 1445 911 1509 Kepleri
929 1445 955 1494 in
972 1447 1099 1511 margine:
1120 1445 1181 1505 ,boe
1200 1442 1340 1507 dobinm“.)
1378 1437 1431 1492 Sed

105 1516 225 1575 [lmedii
245 1517 421 1590 egredientes
445 1537 460 1572 e
485 1518 617 1574 diametro
644 1517 670 1571 in
698 1520 881 1591 quadraturas
908 1518 1021 1571 volvunt
1042 1511 1108 1582 90⁰,
1137 1535 1204 1590 ergo
1231 1514 1270 1572 90
1296 1517 1433 1589 paulatim

105 1598 225 1670 rngiores
246 1598 365 1651 suntad
387 1594 426 1653 00
447 1599 561 1664 medios,
590 1606 622 1653 ut
643 1593 689 1654 94.
711 1591 782 1659 58¹1,
806 1600 841 1652 ad
863 1594 909 1661 90,
936 1603 966 1652 et
987 1593 1025 1653 00
1045 1597 1120 1653 sinus
1141 1597 1377 1653 eooentrioitatum
1398 1599 1433 1652 ad

105 1674 125 1733 0
143 1676 235 1731 radios
258 1684 322 1732 sunt
340 1683 373 1731 ut
387 1677 413 1731 4.
430 1673 500 1740 58²t
518 1682 552 1733 ad
570 1675 616 1734 00.
645 1680 688 1734 lta
709 1673 748 1732 00
768 1677 842 1732 sinus
865 1674 903 1732 00
924 1677 1159 1734 eooentrieitatnm
1179 1684 1244 1733 sunt
1264 1680 1298 1733 ad
1319 1678 1432 1742 radium,

105 1752 340 1819 substet-1.
369 1757 421 1812 Sed
444 1754 482 1812 00
503 1760 595 1813 ordine
617 1759 692 1815 sinus
714 1764 778 1812 sunt
798 1762 833 1813 ad
847 1758 960 1821 radium,
982 1764 1014 1812 ut
1033 1765 1152 1831 tangens
1172 1758 1315 1813 semiradio
1336 1764 1433 1814 suetus

105 1839 120 1891 d
139 1838 247 1892 radium
271 1839 346 1902 iere,
375 1854 444 1909 ergo
469 1846 501 1893 ut
521 1833 609 1903 ort,
632 1841 666 1893 ad
689 1831 715 1893 l.
756 1840 832 1911 Ergo
854 1836 892 1893 90
913 1837 987 1892 sinus
1008 1838 1061 1892 toti
1082 1838 1294 1894 eodentrioitatis
1315 1839 1435 1892 suntad

105 1914 195 1973 [lsin.
218 1924 291 1972 totos
314 1917 463 1988 simplices,
491 1927 520 1972 et
545 1937 596 1990 per
621 1936 790 1989 consequens
813 1918 1003 1972 eooentrioitas
1026 1920 1059 1973 ad
1081 1920 1239 1991 radiumlut
1259 1917 1286 1974 4.
1308 1912 1377 1980 580.
1401 1919 1436 1977 ad

105 1992 182 2059 70...
224 1999 276 2052 Est
296 1997 390 2068 itaque
414 1992 517 2063 Ἄθω,
546 2000 654 2055 ratione
676 1999 792 2055 virtutis.
833 2000 909 2070 Ergo
931 1998 954 2052 si
975 2006 1103 2054 censetur
1125 1993 1227 2063 ¹l1=¹¹¹⁸,
1255 1998 1309 2053 erit
1329 1997 1436 2052 oenaita
1548 2054 1552 2061 ,

105 2094 134 2132 ro
157 2073 244 2139 0001,
265 2078 385 2149 qualium
406 2078 498 2133 radius
522 2073 653 2142 100000;
676 2081 723 2132 sed
744 2079 793 2144 ita,
814 2085 848 2133 ut
867 2095 959 2133 omnes
979 2078 1049 2132 radii
1071 2079 1306 2134 eooentriuitatum
1326 2079 1435 2133 ratione

105 2158 196 2213 irtutis
218 2158 274 2211 sint
286 2159 506 2228 proportionales
521 2159 577 2213 suis
592 2157 817 2231 longitudinibus,
840 2162 910 2229 quod
931 2165 1024 2212 tamen
1045 2177 1098 2214 non
1120 2167 1172 2215 est.
1203 2160 1274 2214 Nam
1294 2158 1435 2231 longiores

105 2238 149 2295 lus
171 2239 279 2293 babent
298 2237 425 2302 virtutis,
447 2256 505 2293 cum
527 2239 583 2293 sint
601 2239 744 2310 propiores
764 2238 905 2294 diametro.
1042 2305 1046 2314 Ι

174 2319 250 2391 Ergo
272 2318 362 2374 aliter.
404 2319 470 2374 Cum
491 2335 647 2391 apogaeum
668 2326 713 2374 est
739 2318 767 2373 in
795 2322 980 2391 quadratura,
1010 2317 1079 2374 nihil
1104 2319 1195 2375 differt
1218 2337 1299 2375 verus
1320 2320 1396 2375 loeus
1417 2336 1436 2374 a

105 2398 182 2453 tedio.
224 2399 289 2453 Inde
311 2396 350 2455 00
370 2398 463 2453 ordine
484 2399 553 2453 radii
574 2399 694 2472 apogaei
723 2400 748 2453 in
776 2398 951 2470 quadraturis
976 2405 1041 2453 suut
1061 2416 1144 2454 causa
1164 2400 1274 2455 virtutis
1295 2400 1434 2473 longiores

105 2476 126 2535 0
146 2478 241 2533 ordine
261 2477 344 2533 radiis
367 2479 500 2551 apogaeis
522 2479 550 2534 in
571 2480 703 2535 diametro
732 2474 808 2548 (narn
829 2480 874 2533 hic
895 2478 1066 2550 respicimus,
1094 2480 1142 2535 ubi
1168 2486 1291 2535 oentrum
1315 2479 1434 2545 habitet,

105 2576 147 2614 um
167 2559 255 2614 virtus
276 2577 313 2612 ex
334 2559 450 2614 oentrali
472 2560 547 2613 linea
567 2579 621 2614 non
641 2554 750 2629 veniat)
776 2577 826 2631 per
848 2554 875 2613 2.
899 2554 982 2621 29¹t.
1023 2559 1139 2615 Faciunt
1163 2576 1230 2631 ergo
1258 2560 1300 2615 illi
1326 2566 1434 2630 tempus

105 2640 133 2697 4.
156 2633 242 2703 ott„
274 2639 303 2692 hi
330 2639 435 2695 faciunt
463 2646 570 2711 tempus
598 2634 644 2695 02.
668 2635 753 2701 290..
793 2645 834 2693 Δι
863 2641 933 2710 quod
962 2639 1025 2693 illos
1054 2640 1230 2695 virtuosiores
1260 2640 1363 2704 efficit,
1392 2647 1436 2693 est

105 2718 223 2774 iatantia
244 2710 269 2780 J)
292 2735 311 2772 a
330 2720 417 2774 Terra
437 2718 465 2772 in
486 2720 661 2791 quadraturis
683 2715 765 2787 (Nota
782 2727 816 2777 K.
836 2728 862 2776 io
879 2729 1008 2793 margine:
1043 2728 1107 2787 ,Hie
1133 2741 1173 2777 ms
1195 2729 1275 2792 ipsum
1293 2726 1393 2778 eonludi
1410 2734 1437 2778 et

105 2807 196 2856 mmai
213 2806 405 2872 heterogeneam
422 2796 620 2870 hypothesim),
642 2817 729 2871 eaque
750 2800 884 2872 nonagies
905 2801 940 2854 ab
964 2816 1100 2874 apogseo.
1131 2803 1207 2872 Ergo
1228 2800 1252 2855 si
1273 2797 1312 2855 90
1331 2799 1456 2860 uiam.

104 2878 147 2934 iae
169 2880 205 2934 ab
226 2884 354 2950 apo'gaeo
375 2879 402 2932 in
423 2879 597 2950 quadraturis
619 2883 686 2935 dant
707 2875 734 2935 2.
758 2874 844 2944 29't,
867 2881 928 2953 quid
950 2897 1005 2936 una
1026 2882 1187 2937 mediocris?
1209 2877 1291 2949 (fauit
1315 2875 1374 2945 lu,
1397 2898 1434 2937 so.

105 2956 117 3013 ,⁴
132 2956 190 3014 40”
213 2967 245 3013 ut
265 2967 339 3014 ante.
368 2960 458 3014 Tanto
480 2960 583 3015 tardior
603 2968 679 3015 esset
701 2952 727 3023 b
749 2960 776 3014 in
792 2952 852 3029 U.)
884 2963 963 3016 Haeo
983 2961 1122 3016 subtiliter
1143 2966 1335 3032 computentur
1355 2961 1434 3016 alias.

105 3040 151 3095 'am
170 3040 193 3094 si
216 3035 255 3093 90
275 3042 341 3094 dant
362 3033 389 3093 2.
413 3032 499 3104 290»,
522 3040 585 3111 quid
609 3035 637 3105 l,
662 3059 699 3096 sc.
720 3040 886 3095 mediatore
908 3041 980 3096 inter
1000 3042 1176 3098 remotionem
1197 3040 1384 3113 longissimam
1405 3047 1435 3095 et

105 3125 267 3193 pegaeam?
289 3118 413 3191 sequitur
436 3113 465 3180 0.
490 3120 612 3191 serupuli
633 3121 703 3185 iere,
727 3121 784 3175 sire
807 3114 834 3174 1‘
855 3117 925 3177 lO“.

176 3201 274 3272 ltaque
289 3201 369 3254 Luna
390 3200 417 3254 in
437 3218 490 3254 uno
512 3203 741 3272 quadraturamm
756 3203 844 3273 gradu
860 3201 962 3256 tardior
983 3208 1026 3256 est
1045 3219 1096 3272 per
1112 3197 1213 3258 1‘so“
1233 3204 1266 3256 de
1282 3195 1354 3257 ³60⁰
1367 3207 1435 3255 tem·

105 3296 155 3335 rore
175 3276 354 3335 revolutionis
375 3297 455 3344 auae,
477 3298 559 3351 quam
581 3281 608 3336 in
629 3280 780 3346 diametris,
803 3298 887 3353 quare
908 3300 958 3354 per
979 3277 1037 3338 50⁰
1058 3281 1174 3348 tardior,
1198 3288 1228 3337 et
1247 3280 1436 3343 indiametris

105 3354 149 3417 50¹¹
169 3362 290 3415 velocior
306 3360 394 3430 justo,
435 3362 497 3415 Jam
519 3360 600 3415 facile
620 3361 773 3433 computari
801 3368 909 3432 potest,
938 3368 1069 3434 quantum
1096 3362 1125 3418 in
1145 3367 1271 3418 ostantes
1291 3363 1434 3418 redundet.

105 3440 179 3496 ramo
200 3441 366 3495 diminuatur
386 3437 557 3509 (securitatis
579 3436 678 3511 eausa)
699 3442 829 3513 temporis
854 3441 1032 3497 revolutionis
1051 3443 1148 3497 Lunae
1170 3448 1270 3498 octava
1295 3458 1360 3513 pars
1385 3458 1437 3513 per

105 3518 121 3575 ζ’
134 3518 193 3576 40”
208 3520 374 3592 quadragies
390 3520 540 3592 quinquies.
568 3521 674 3576 Deinde
691 3522 859 3593 colligantur
880 3522 954 3577 sinus
976 3539 1067 3576 omnes
1089 3524 1125 3576 ab
1145 3539 1199 3576 uno
1219 3523 1308 3594 gradu
1330 3523 1365 3576 ad
1386 3517 1435 3577 45.

105 3600 127 3656 lt
146 3601 206 3655 dio:
236 3602 260 3654 si
281 3606 355 3654 totus
376 3600 452 3654 valet
477 3596 562 3665 100⁰,
589 3600 652 3671 quid
673 3603 750 3655 valet
770 3619 875 3657 summa
896 3599 932 3658 45
954 3603 1060 3657 sinuum
1080 3603 1229 3665 minorum
1255 3602 1324 3673 quod
1344 3600 1437 3671 prodit

105 3698 198 3752 empus
218 3697 324 3736 rursum
345 3681 470 3736 addatur.
510 3680 592 3752 Ergo¹
609 3688 640 3735 ut
660 3677 697 3737 45
719 3680 835 3736 minores
857 3683 891 3736 ad
912 3677 949 3738 45
973 3690 1061 3747 totos,
1083 3682 1122 3736 sic
1142 3681 1262 3737 tardatio
1283 3684 1318 3737 ad
1339 3681 1435 3736 inuita·

105 3760 208 3827 ionem,
237 3769 269 3816 ut
288 3759 375 3831 igitur
395 3777 525 3816 excessua
548 3756 584 3827 45
607 3767 725 3816 totorum
746 3779 829 3832 super
850 3758 887 3818 45
910 3763 1042 3828 minores,
1069 3763 1108 3817 sio
1128 3761 1252 3818 inritatio
1273 3751 1300 3824 J)
1322 3777 1434 3817 manens

105 3843 124 3897 d
144 3841 331 3896 incitationem
355 3833 383 3894 1‘
404 3835 463 3897 40“
483 3840 650 3913 quadragies
671 3840 822 3914 quinquies.

177 3921 286 3993 Collige
307 3937 437 3976 summam
458 3921 574 3976 omnium
594 3920 701 3977 sinuum
719 3924 754 3976 ad
767 3923 872 3994 gradus
893 3922 1026 3994 integros,
1048 3923 1179 3995 iucipiens
1201 3939 1219 3977 a
1239 3915 1273 3979 0ο
1294 3939 1379 3995 usque
1400 3924 1435 3977 ad

108 3995 151 4059 5⁰.
173 4008 204 4056 et
223 3999 314 4071 abjioe
336 3997 374 4069 (si
394 3999 413 4054 7
434 4002 544 4073 syphris
565 3997 668 4070 utaris)
689 4002 793 4075 ligantes
816 3997 832 4055 5
855 4004 1030 4073 posteriores.
1065 4004 1200 4059 Reliotum
1221 4009 1285 4059 sunt
1305 4003 1436 4074 scrupula

105 4084 223 4146 munda,
252 4097 322 4153 quae
343 4083 424 4134 reduo
445 4083 479 4136 ad
501 4082 589 4152 prima
609 4089 639 4136 et
658 4085 778 4154 gradus,
807 4088 836 4136 et
863 4100 984 4139 asserva.
1026 4084 1131 4139 Deinde
1153 4082 1307 4154 multipliea
1329 4077 1356 4138 1‘
1377 4079 1435 4139 40”

105 4179 140 4218 er
159 4155 221 4219 ⁴50.
245 4160 365 4232 prodibit
388 4178 493 4216 summa
517 4161 622 4232 maium
653 4162 731 4217 aufer
756 4161 841 4235 igitur
866 4166 936 4234 quod
961 4163 1037 4234 prius
1062 4164 1179 4220 serrasti
1200 4164 1236 4219 ab
1257 4164 1310 4218 bae
1330 4178 1436 4218 summa

105 4241 197 4314 rajori,
219 4241 338 4306 atride,
361 4257 397 4296 an
417 4248 550 4296 maneant
570 4241 678 4297 circiter
697 4238 745 4299 45‘
766 4242 862 4312 prima

177 4320 316 4377 Dimensio
338 4321 421 4391 plane
442 4321 576 4377 convenit.
616 4322 686 4377 Nam
707 4324 777 4393 quod
798 4322 825 4375 in
847 4328 971 4377 oetantes
998 4325 1152 4380 redundant
1172 4317 1259 4389 lli'b,
1286 4327 1433 4397 perpende,

105 4404 161 4475 uod
183 4419 275 4458 omnes
296 4401 487 4473 elongationes
503 4401 608 4456 alinea
622 4403 731 4456 uirtutis
746 4402 919 4457 assumserim
932 4402 1017 4472 paulo
1031 4406 1179 4477 longiores,
1200 4422 1239 4461 so.
1255 4412 1313 4461 tam
1325 4406 1433 4478 longas,

105 4499 172 4539 nam
193 4484 279 4553 longa
299 4488 344 4535 est
364 4481 497 4535 distantia
516 4472 543 4542 J)
565 4473 589 4546 ὃ
612 4483 639 4536 in
661 4483 721 4536 loeo
741 4481 813 4537 inter
833 4498 991 4555 apogaeum
1007 4492 1036 4539 et
1050 4486 1125 4557 long.
1139 4485 1253 4540 mediam
1267 4485 1433 4542 intermedio.

105 4564 117 4619 i
134 4562 230 4634 justas
251 4578 417 4625 assumere,
440 4561 524 4632 paulo
545 4560 631 4616 minor
651 4564 760 4617 evadet.
794 4588 798 4593 ·

180 4642 339 4705 Dubitatur,
361 4640 385 4694 si
406 4642 481 4695 solue
501 4640 694 4697 distantiarum
715 4659 845 4698 exoessus
867 4658 885 4697 a
904 4642 1081 4700 mediocribus
1102 4645 1187 4700 effioit
1207 4636 1282 4709 2¹t⁰‚
1304 4644 1434 4716 quomodo

105 4728 218 4796 ntegrae
246 4721 395 4776 distantiae
424 4726 531 4775 tantum
560 4718 609 4776 db‘
630 4722 757 4777 iaciant?
798 4723 901 4793 Nempe
929 4721 977 4776 ille
1002 4741 1132 4780 exsensus
1153 4725 1340 4780 consideratur
1360 4733 1434 4780 touu

105 4823 116 4860 ι
137 4801 331 4876 quadraturis,
359 4800 507 4893 distantiaq
528 4818 593 4856 vero
614 4802 821 4859 considerantur
840 4819 894 4857 non
921 4808 1017 4869 totae,
1045 4806 1093 4860 sed
1112 4811 1245 4877 quantum
1265 4796 1292 4868 )
1314 4805 1397 4860 diam
1417 4819 1436 4858 a
