3278 5550
144 245 210 315 306
628 248 668 299 De
687 247 794 299 Motibus
814 247 907 300 Stellae
925 248 1013 299 Manu

139 426 324 502 humillime,
352 426 451 490 inesse
475 425 537 488 vim
558 428 745 490 materialem
770 448 836 491 sese
862 426 1032 509 explicandi
1056 425 1192 488 nonnihil
1217 444 1255 489 ex
1280 427 1352 490 orbe
1375 426 1478 491 virtutis

140 517 267 580 Solaris.
320 517 405 580 Unde
439 516 604 590 evincitur,
639 517 756 580 Solaris
791 518 927 599 corporis
957 517 1145 597 gyrationem
1178 515 1273 578 multo
1308 522 1478 580 antevertere

142 606 272 668 omnium
299 606 486 686 planetarum
520 605 672 685 periodica
701 615 851 688 tempora;
885 607 1011 687 ideoque
1042 606 1081 667 ad
1113 605 1268 669 minimum
1298 605 1498 687 citiusque

142 695 288 757 trimestri
312 694 410 775 spatio
434 695 536 758 Solem
562 695 656 757 semel
680 697 709 757 in
734 716 787 758 sno
812 696 912 776 spatio
936 695 1046 776 gyrari.

231 784 278 847 Ac
302 803 368 845 cum
392 784 421 845 iu
445 804 511 845 meo
530 784 715 866 Mysterio
741 785 1060 866 Cosmograplrico
1084 783 1259 857 monuerim,
1286 783 1411 846 eandem
1430 783 1478 847 lere

144 872 366 955 proportionem
383 893 450 935 esse
474 874 552 934 iuter
572 873 812 936 semidiurnetres
832 874 966 955 corporis
991 872 1074 936 Solis
1090 880 1121 932 et
1145 871 1226 933 orbis
1241 871 1397 945 Mercurii,
1419 893 1479 954 quae

75 1024 80 1036 ,
142 970 190 1024 est
213 960 290 1024 iuter
313 962 554 1024 semidiametros
578 965 711 1043 corporis
735 967 845 1026 Terrae
870 973 901 1025 et
924 962 1005 1025 orbis.
1029 963 1147 1023 Lunae:
1181 960 1252 1022 hinc
1280 979 1340 1022 non
1371 961 1481 1025 absurde

142 1051 341 1126 concluseris,
377 1051 420 1113 sic
445 1072 512 1113 esse
535 1053 691 1131 periodum
721 1054 801 1115 erbis
825 1053 967 1115 Mercurii
996 1052 1034 1113 ad
1062 1050 1219 1131 periodum
1246 1050 1383 1130 corperis
1405 1051 1482 1128 Solis,

144 1149 177 1203 ut
199 1148 248 1213 est
270 1141 410 1220 periodus
436 1141 516 1203 orbis
539 1143 643 1203 Lunae
668 1142 706 1203 ad
730 1144 884 1224 periodum
909 1142 1043 1221 corporis
1067 1141 1188 1201 Terrae.
1236 1143 1285 1200 Ac
1315 1158 1382 1200 cnm
1405 1141 1483 1203 seui·

141 1230 288 1291 diameter
303 1230 383 1291 orbis
398 1231 503 1292 Lunae
520 1230 559 1291 sit
577 1233 796 1312 sexagecnplus
820 1231 1036 1292 semidiametri
1060 1228 1194 1308 corporis
1212 1229 1335 1302 Terrae,
1360 1229 1483 1308 periodus

141 1338 212 1380 vero
228 1319 309 1381 orbis
322 1320 427 1381 Lunae
445 1322 513 1391 (seu
532 1320 660 1393 mensis)
676 1322 860 1401 trigecuplus
883 1320 1085 1401 paulominus
1101 1317 1217 1397 periodi
1232 1316 1372 1398 corperis
1387 1319 1483 1380 Terrae

144 1411 213 1481 (seu
245 1407 320 1480 diei)
353 1416 383 1468 et
407 1408 450 1469 sic
473 1409 626 1489 proportio
657 1410 884 1490 amplitudinem
909 1409 1000 1489 dupla
1024 1409 1061 1468 ad
1085 1407 1309 1486 proportionem
1333 1414 1490 1488 temporum

140 1497 375 1579 periodicerum:
403 1496 428 1557 si
451 1496 542 1576 igitur
557 1499 648 1559 etiam
673 1500 701 1560 in
717 1500 788 1562 Sele
804 1508 835 1562 ot
849 1499 998 1560 Mercurio
1016 1506 1121 1576 regnet
1143 1497 1299 1576 proportio
1314 1496 1417 1575 dupla,
1431 1512 1498 1561 eur

142 1586 225 1650 Solis
255 1586 390 1665 corporis
413 1586 559 1649 diameter
583 1588 624 1649 sit
647 1590 837 1669 sexagesima
860 1587 979 1650 circiter
1002 1585 1141 1647 diametri
1165 1584 1246 1646 orbis
1263 1585 1419 1660 Mercurii,
1440 1586 1486 1647 erit

143 1686 261 1755 tempus
285 1674 490 1738 conversionis
519 1676 602 1756 globi
625 1677 744 1740 Solaria
768 1677 926 1740 tricesima·
944 1678 981 1737 de
1005 1675 1110 1737 diebus
1134 1671 1192 1748 88,
1216 1683 1330 1755 quauta
1354 1684 1404 1736 est
1424 1690 1503 1787 con-p

143 1764 242 1826 versio
259 1765 340 1826 orbis
356 1764 513 1826 Mercurii:
539 1767 614 1827 adeo
629 1776 662 1827 ut
685 1767 848 1829 verisimile
874 1767 923 1841 sit,
947 1766 1052 1828 Solem
1074 1763 1174 1826 triduo
1195 1761 1316 1825 circiter
1330 1765 1439 1844 gyrari.
1468 1836 1471 1841 ¹

232 1853 288 1916 Sin
311 1861 412 1915 autem
435 1854 531 1916 maris
556 1843 692 1917 diirnum
709 1857 774 1919 Soli
798 1865 916 1937 tempus
939 1854 1155 1936 praescribere,
1180 1861 1213 1913 ut
1236 1851 1345 1913 diurna
1369 1853 1434 1914 Tell
1466 1852 1472 1867 “

143 1943 299 2004 conversio
324 1943 353 2003 vi
377 1942 506 2025 quodam
529 1946 700 2023 magnetica
723 1946 913 2026 dispensetur
943 1966 961 2005 a
991 1943 1098 2004 diurna
1120 1941 1200 2021 globi
1225 1941 1344 2003 Solaris
1373 1961 1446 2003 conr

144 2032 238 2105 siene,
263 2031 343 2093 haud
358 2031 495 2112 equidem
510 2034 747 2112 repugnaverim.
788 2036 868 2098 Sane
893 2034 999 2114 rapida
1023 2033 1084 2093 ista
1102 2029 1220 2111 gyratio
1245 2029 1283 2090 ab
1308 2049 1346 2092 eo
1363 2050 1452 2111 corpe

143 2123 174 2183 in
199 2142 256 2202 quo
279 2121 392 2201 primus
417 2130 502 2182 actus
527 2123 623 2184 omnis
646 2133 745 2185 motus
769 2125 858 2198 inest,
882 2144 940 2184 non
965 2123 1064 2183 aliena
1088 2140 1155 2181 esse
1179 2119 1307 2180 videtur.

233 2209 432 2274 Confirmatur
463 2220 563 2272 autern
592 2213 666 2274 haec
690 2213 789 2294 opinio
814 2213 865 2286 (de
889 2212 1083 2274 conversione
1108 2208 1243 2289 corporis
1267 2208 1399 2284 Solaris,
1423 2206 1503 2291 quud?

143 2301 198 2362 illa
222 2299 263 2360 sit
286 2319 378 2361 causa
406 2307 504 2361 motus
532 2301 664 2381 planetis
688 2303 811 2374 ceteris)
835 2303 892 2364 lroc
922 2302 988 2380 ipso
1017 2298 1154 2379 exemplo
1179 2297 1311 2360 Telluris
1345 2305 1378 2359 et
1398 2300 1503 2403 Lunsqp

143 2388 351 2470 pulcherrime.
399 2389 478 2451 Nam
511 2389 581 2469 quia
612 2393 716 2453 Lunae
749 2400 848 2453 motus
881 2389 1019 2471 capitalis
1044 2398 1075 2449 et
1105 2396 1286 2462 menstruus,
1320 2387 1352 2448 vi
1377 2380 1503 2483 deruenfi

144 2477 324 2540 strationum
347 2497 411 2558 cap.
446 2478 582 2541 XXXII.
621 2480 772 2543 XXXIII.
808 2488 1036 2560 usurpatorum,
1072 2476 1190 2538 omuino
1232 2495 1269 2536 ex
1293 2476 1419 2539 Tellure
1446 2486 1503 2573 eq*

144 2569 225 2630 fonte
250 2575 298 2628 est
321 2569 405 2641 (uam
428 2569 508 2649 quod
532 2576 579 2630 est
601 2569 650 2630 hie
675 2570 729 2632 Sol
753 2570 883 2650 planetis
907 2570 1031 2643 ceteris,
1063 2568 1120 2627 hoc
1153 2575 1200 2627 est
1222 2567 1318 2626 Terra
1343 2564 1503 2649 Lunaeitl

144 2658 197 2719 illa
216 2655 498 2730 demonstratione).
539 2658 706 2721 Considera
729 2659 830 2738 igitur,
855 2659 1001 2740 quomodo
1021 2656 1126 2719 Tellus
1144 2662 1249 2716 nostra
1263 2653 1371 2716 Luuae
1391 2652 1503 2743 rnotnq¹

145 2747 268 2808 inferat:
295 2747 365 2806 dnm
388 2765 494 2826 nempe
514 2748 618 2809 Tellus
642 2749 716 2808 baec
733 2758 838 2810 nostra
862 2758 893 2809 et
920 2766 986 2807 curn
1010 2768 1046 2808 ea
1070 2744 1188 2825 species
1204 2744 1269 2823 ejus
1298 2734 1503 2853 immuteris&

146 2835 238 2897 vicies
270 2836 375 2897 novies
409 2835 500 2897 semis
531 2837 719 2899 convolvitur
752 2838 833 2898 circa
868 2854 953 2898 suum
986 2856 1087 2911 axem,
1129 2833 1246 2913 species
1283 2833 1361 2895 haec
1391 2830 1503 2933 eniisq

145 2932 262 2985 tanturn
285 2930 388 3003 potest
412 2923 442 2983 in
460 2924 586 2998 Lunam,
615 2934 648 2986 ut
672 2926 754 2987 illam
778 2927 897 2988 iuterim
922 2925 1013 2987 semel
1039 2925 1067 2987 in
1093 2922 1194 2985 orbem
1218 2930 1300 3002 agat,
1325 2922 1357 2984 in
1380 2924 1503 3004 plagang

147 3013 267 3093 quidem
290 3011 426 3085 eandem,
450 3013 481 3074 iu
505 3033 593 3094 quarn
617 3015 721 3076 Tellus
745 3016 812 3095 ipsa
835 3016 940 3095 praeit.
1087 3079 1092 3091 ,
1498 3012 1503 3023 '

167 3156 171 3161 .
235 3100 296 3162 Sed
320 3100 377 3161 lroc
401 3099 520 3162 interim
543 3103 663 3178 mirum,
697 3113 830 3166 centrum
854 3105 957 3166 Lunae
981 3102 1071 3182 duple
1097 3100 1261 3178 longiorem
1286 3101 1400 3162 lineam
1423 3102 1494 3163 cirea

147 3196 282 3250 centrum
301 3190 412 3250 Terrae
438 3190 553 3252 emetiri
577 3193 710 3272 quolibet
732 3202 876 3275 ternpore,
901 3213 990 3274 qnam
1013 3192 1143 3272 aliquem
1166 3190 1263 3251 locum
1288 3190 1317 3250 iu
1343 3191 1503 3271 superficie:

147 3277 278 3340 Telluris
311 3277 464 3357 aequaturi
488 3280 599 3341 circulo
631 3281 760 3344 marimo
784 3285 997 3361 subjacentem.
1044 3281 1078 3343 Si
1110 3278 1188 3341 enim
1216 3278 1394 3361 aequalibus
1423 3291 1503 3347 tem«¹

145 3366 268 3448 poribus
293 3367 432 3446 aequalia
455 3370 554 3447 spatia
578 3372 779 3445 emetirentur,
804 3374 920 3434 Lunam
946 3370 1134 3450 sexagesimo
1150 3368 1198 3429 die
1223 3369 1342 3431 restitui
1359 3370 1503 3449 oportuit,

148 3476 213 3517 cnm
238 3455 403 3535 amplitudo
428 3457 492 3536 ejus
517 3458 598 3520 orbis
629 3461 670 3522 sit
700 3461 900 3541 sexageeupla
927 3461 965 3521 ad
989 3459 1120 3521 Telluris
1150 3457 1232 3536 globi
1261 3458 1497 3537 amplitudinem,

235 3542 384 3608 Nimirum
408 3551 494 3607 tanta
517 3547 563 3609 vis
583 3558 631 3609 est
655 3550 766 3629 speciei
787 3549 1006 3611 immateriatae
1023 3548 1163 3620 Telluris,
1187 3547 1317 3609 Lunaris
1343 3569 1415 3611 vere
1430 3567 1503 3615 cor·.

147 3635 232 3717 poris
255 3634 359 3713 procul
374 3633 463 3697 dubio
483 3655 592 3717 magna
615 3638 725 3700 raritas
741 3644 771 3702 et
795 3640 953 3701 imbecillis
969 3636 1177 3718 repugnantia.
1216 3638 1321 3717 Itaque
1347 3648 1381 3700 ut
1402 3634 1503 3709 adrui-1

146 3724 225 3786 ratio
249 3723 375 3785 tollatur
399 3726 558 3804 perpende,
582 3727 660 3808 quod
684 3728 732 3790 his
755 3729 864 3810 positis
887 3728 1042 3809 principiis
1063 3728 1181 3788 omniuo
1196 3744 1384 3807 consequens
1408 3733 1492 3809 esset,

147 3814 279 3887 Lunam,
314 3811 338 3873 si
362 3814 507 3874 materiae
536 3816 567 3876 vi
594 3818 683 3896 plane
712 3819 787 3881 nihil
819 3826 999 3898 repugnaret
1028 3815 1120 3877 motui
1144 3836 1162 3875 a
1186 3817 1281 3877 Terra
1310 3816 1494 3879 extrinsecas

147 3904 250 3976 illato,
284 3901 349 3983 rapi
373 3900 479 3964 eadem
508 3904 596 3983 plane
620 3905 776 3969 celeritate
805 3927 870 3970 cum
905 3912 970 3986 ipsa
999 3905 1097 3987 specie
1122 3904 1253 3966 Telluris
1286 3905 1490 3976 immateriale.

146 3993 203 4054 lroc
234 4000 283 4052 est
305 4010 372 4052 curn
399 3991 465 4071 ipsa
488 3994 608 4056 Tellure
642 4004 673 4056 et
704 3996 858 4059 circumire
892 3995 991 4076 spatie
1022 3991 1064 4057 24
1093 3994 1244 4066 horarum,
1270 4015 1327 4075 quo
1353 4004 1383 4056 et
1405 3998 1491 4057 Terra

148 4079 291 4143 circumit.
329 4080 409 4143 Nam
426 4080 484 4143 etsi
505 4102 616 4163 rnagua
630 4092 678 4145 est
700 4087 832 4148 tenuitas
856 4086 938 4147 illius
962 4084 1074 4164 speciei
1090 4081 1221 4144 Telluris
1245 4082 1275 4145 iu
1291 4083 1435 4147 distantia
1451 4077 1490 4145 6⁰

149 4170 451 4232 semidiametrorum:
477 4172 563 4233 unius
587 4180 688 4234 tamen
703 4175 742 4235 ad
764 4175 838 4238 nibil
862 4175 966 4235 eadem
981 4182 1029 4236 est
1051 4171 1216 4253 proportio,
1240 4192 1316 4253 quae
1341 4173 1489 4254 sexaginta

149 4259 188 4320 ad
211 4258 295 4321 nihil.
338 4260 443 4340 Itaque
464 4260 580 4342 species
596 4262 726 4325 Telluris
751 4265 951 4327 immateriata
969 4262 1104 4325 vinceret
1127 4270 1221 4324 totum
1241 4282 1353 4340 assem,
1377 4265 1403 4327 si
1424 4255 1487 4324 nihil

148 4349 307 4411 resisteret
329 4349 424 4411 Luna.

241 4435 358 4508 Quodsi
382 4438 447 4519 quis
471 4458 510 4501 ex
531 4457 577 4500 rne
602 4449 742 4521 quaerat,
775 4442 862 4523 quale
887 4441 977 4523 igitur
1001 4461 1110 4522 eorpus
1134 4459 1201 4501 esse
1225 4439 1309 4503 Solis
1333 4449 1443 4520 putem,
1469 4454 1485 4494 a

150 4547 207 4609 quo
231 4524 306 4587 haee
330 4527 446 4608 species
470 4528 581 4591 matrix
604 4528 779 4593 descendit?
803 4532 924 4593 eumin
947 4531 1025 4593 hunc
1040 4529 1159 4592 medum
1176 4548 1231 4608 ego
1251 4529 1344 4609 jubeo
1358 4520 1482 4610 progredi

150 4613 277 4678 ulterius
302 4616 443 4696 analogia
466 4617 550 4693 duce,
574 4626 605 4679 et
628 4619 750 4695 suadeo,
774 4628 807 4682 ut
829 4619 971 4701 inspiciat
994 4618 1163 4699 exemplum
1186 4618 1276 4698 paulo
1291 4626 1363 4681 aute
1386 4634 1482 4682 memo·

150 4707 210 4769 rati
234 4704 383 4784 magnetis
406 4707 584 4782 accuratius,
608 4707 692 4787 cujus
715 4709 811 4771 virtus
834 4709 949 4772 residet
976 4709 1006 4772 iu
1029 4709 1168 4771 universo
1192 4727 1316 4789 corpore
1337 4703 1484 4790 magnetis·

153 4816 219 4869 cum
243 4795 376 4881 ejusdem
398 4796 476 4872 mole
500 4795 618 4874 crescit,
642 4818 709 4863 eum
728 4798 957 4869 comminutione
986 4799 1068 4865 illins
1091 4797 1264 4867 diminuitur
1288 4797 1418 4887 etipsa
1448 4796 1488 4865 lta
