3278 5550
147 258 210 372 ibo
509 298 540 350 lu
559 297 742 350 commentans
760 292 791 349 de
808 295 914 347 muse·
934 294 1022 347 stellae
1040 290 1129 347 Mete

143 501 194 557 per
213 485 267 538 hoo
287 473 405 538 maxime
425 481 458 533 tlt
476 476 622 541 versimile.
645 476 710 548 quia
729 476 757 530 in
778 494 811 530 eo
831 477 892 532 sous
913 482 958 531 est
978 481 1068 530 motus
1088 475 1123 528 ad
1143 474 1281 530 minimum
1300 475 1424 548 quinque
1438 479 1495 547 pla·

144 571 280 620 netarum
320 561 384 618 Sive
411 559 483 614 enim
509 557 734 627 Cepernicum
764 557 889 629 sequaris
915 556 973 611 sire
997 555 1180 620 Braheum,
1210 556 1342 628 euinque
1371 556 1402 611 in
1421 558 1494 612 Sole

144 650 190 699 est
209 645 270 699 lons
291 649 381 697 motus
403 641 577 709 planetarum
598 637 724 708 quinque,
746 637 774 692 iu
796 637 1012 708 Copernico
1033 635 1117 690 etiam
1137 635 1222 701 sexti,
1244 637 1355 692 scilieet
1367 638 1491 695 Tellur'u.

144 727 260 781 Fontem
281 729 374 776 autem
394 718 479 774 omnis
501 725 591 772 motus
611 717 785 772 verisimilius
805 725 850 772 est
870 734 920 772 suo
940 718 1001 771 looo
1021 732 1132 770 manere
1153 733 1234 789 quam
1254 717 1371 773 mosem.

223 809 263 859 At
282 802 305 857 si
319 799 423 855 Brahei
443 799 599 870 opinionem
618 814 774 868 sequamur,
796 806 826 852 et
845 798 968 853 Solem
988 797 1107 851 dicamus
1128 798 1246 853 moveri:
1267 798 1386 868 primum
1407 807 1488 857 maret

146 886 200 940 hoc
219 886 451 944 demonstratum,
472 879 564 934 Solem
585 879 694 933 tardum
715 879 841 933 incedere
862 895 922 932 cum
943 895 961 932 a
981 878 1067 932 Terra
1086 878 1170 948 louge
1191 877 1264 942 abit,
1291 879 1418 934 velocem
1437 896 1484 935 αιι

144 963 364 1036 appropinquat,
386 960 467 1031 idque
488 977 543 1013 non
564 961 599 1013 ad
619 957 706 1012 visum
729 965 850 1023 tantum,
882 960 931 1012 sed
959 957 1044 1012 etiam
1073 957 1101 1010 iu
1129 973 1160 1012 re
1188 957 1264 1028 ipsa:
1293 959 1342 1013 hio
1361 960 1434 1015 enim
1452 969 1483 1016 est

143 1047 256 1100 effictus
286 1041 432 1112 aequantia
463 1039 577 1107 circuli,
606 1055 686 1109 quem
712 1056 762 1109 per
789 1038 1048 1099 demonstrationem
1077 1039 1262 1093 necessariam
1295 1038 1324 1093 iu
1360 1040 1483 1096 theorias

142 1125 214 1181 Solis
235 1124 406 1178 induxeram.

222 1205 313 1274 Super
332 1201 387 1256 hac
406 1199 494 1272 igitur
513 1198 667 1254 certissima
686 1199 859 1254 conclusione
879 1216 930 1269 per
950 1198 1136 1268 conjecturam
1149 1198 1293 1270 physicam
1312 1215 1400 1270 supra
1419 1217 1482 1255 usne

142 1291 238 1357 petam
258 1282 456 1337 exstruendum
484 1286 560 1333 esset
579 1281 631 1333 hoc
652 1279 796 1350 physicum
823 1279 1041 1350 philosophema,
1069 1278 1160 1333 Solem
1188 1296 1245 1334 una
1271 1297 1333 1335 cnm
1361 1287 1421 1335 toto
1445 1282 1482 1336 ills

143 1364 319 1434 maximoque
340 1361 459 1432 quinque
479 1360 692 1415 ecoentricorum
714 1377 796 1414 onere
817 1356 863 1428 (ιιι
883 1376 975 1414 erasse
995 1354 1109 1430 loquar)
1129 1376 1148 1415 a
1167 1360 1279 1415 Tellure
1299 1360 1417 1424 moveri,
1444 1378 1481 1416 ssu

144 1447 248 1500 iontem
268 1447 358 1497 motus
379 1440 451 1496 Solis
472 1447 502 1495 et
522 1441 667 1495 affixarum
688 1440 745 1494 soli
768 1441 885 1513 quinque
906 1440 1119 1495 ecceutricorum
1138 1439 1229 1494 inesse
1250 1440 1278 1494 in
1300 1441 1422 1497 Tellure.

164 1534 170 1547 ·
223 1522 310 1593 Atqui
330 1538 447 1592 corpora
466 1528 584 1591 utraque
605 1520 676 1575 Solis
697 1529 727 1575 et
747 1521 866 1575 Telluris
888 1520 1068 1591 inspiciantur
1087 1521 1190 1590 datque
1207 1520 1341 1589 judicium
1366 1523 1400 1575 de
1420 1528 1481 1576 utro

145 1622 208 1676 qne,
230 1603 284 1658 utri
303 1602 392 1673 magis
413 1600 635 1671 compotatione
655 1607 745 1655 motus
767 1602 887 1671 corporis
908 1601 1023 1671 reliqui:
1053 1602 1136 1657 Soloe
1157 1602 1269 1656 Terram
1293 1609 1422 1666 moveat,
1446 1602 1483 1673 qui

144 1691 252 1740 ceteros
266 1690 358 1737 movet
370 1683 510 1752 planetas,
530 1698 564 1736 an
586 1682 671 1748 Terra
680 1681 779 1745 Solem.
804 1688 935 1736 motorem
949 1688 1109 1744 ceteromm,
1125 1687 1168 1735 tot
1180 1679 1285 1736 vicibus
1299 1699 1331 1736 se
1344 1681 1483 1752 majorani

144 1766 187 1820 hle
207 1762 295 1835 igitur
315 1778 448 1833 cogamur
468 1763 625 1824 concedere,
647 1761 739 1816 Solem
760 1778 778 1815 a
798 1764 885 1816 Terra
906 1762 1019 1827 moveri,
1042 1765 1112 1834 quod
1134 1763 1296 1817 absurdum:
1325 1762 1383 1816 Soli
1405 1762 1483 1818 imus·

144 1842 248 1908 bilitas,
268 1842 373 1898 Telluri
392 1848 482 1897 motus
503 1850 548 1896 est
567 1844 763 1897 concedendas.

225 1923 296 1987 Quid
316 1923 405 1977 dicam
425 1924 459 1977 de
481 1929 604 1992 tempore
625 1922 763 1992 periodica
783 1928 873 1977 motus
894 1922 996 1977 dierum
1018 1920 1084 1985 365,
1108 1923 1179 1995 quod
1199 1939 1260 1976 oum
1280 1922 1318 1977 sit
1338 1923 1487 1994 questas·

146 2002 335 2060 intermedium
364 2002 437 2057 iuter
465 2003 631 2072 periodicnm
661 2009 768 2073 tempus
789 2004 888 2058 Martis
912 2003 1092 2060 dictumest
1115 2011 1145 2057 et
1165 2001 1279 2057 Veneris
1300 2002 1406 2058 dierum
1427 1997 1489 2059 ²2⁵:

145 2101 184 2140 an
203 2101 259 2138 nou
279 2083 341 2139 alta
360 2100 428 2136 voce
449 2084 592 2137 exclamat
611 2099 702 2139 rerum
721 2090 835 2147 natura.
858 2083 1014 2147 circuitum,
1036 2084 1063 2138 in
1084 2101 1136 2155 quo
1158 2090 1353 2139 consumunmt
1374 2083 1422 2138 ists'
1441 2082 1491 2139 tie

146 2160 214 2229 att,
235 2165 297 2219 loco
317 2162 402 2219 etism
422 2162 538 2218 medium
560 2179 621 2217 esse
642 2164 714 2218 inter
734 2164 863 2218 circuitus
885 2164 982 2219 Martis
1002 2170 1033 2219 et
1052 2163 1169 2220 Veneris
1190 2163 1263 2217 cirea
1282 2163 1392 2228 Solem,
1413 2171 1445 2219 et
1459 2161 1495 2235 sis

146 2245 237 2315 ipsum
257 2259 364 2314 quoqne
385 2242 459 2297 circa
471 2242 572 2307 Solem,
594 2244 696 2297 Terrae
717 2244 804 2316 igitur
824 2262 885 2299 esse
904 2246 976 2299 huno
989 2244 1130 2301 circuitum
1151 2244 1224 2298 droa
1236 2243 1338 2308 Solem,
1359 2261 1416 2298 nou
1428 2244 1495 2299 Solis

145 2319 364 2379 eiroeTerrarni
398 2323 453 2377 Sed
474 2323 544 2378 haec
564 2330 630 2378 suut
643 2324 731 2394 magis
746 2324 859 2394 propria
872 2325 1038 2395 mysterii
1058 2325 1110 2379 mei
1124 2323 1429 2396 Cosmographici‚
1449 2341 1497 2379 nes

145 2410 228 2461 eraut
247 2405 481 2458 commemorande
500 2403 545 2457 hio
565 2404 624 2459 alia
644 2412 824 2475 argumente,
853 2422 933 2475 quam
962 2421 1033 2475 quae
1054 2412 1263 2475 pertractantur
1282 2404 1311 2458 in
1330 2404 1387 2459 hoc
1407 2421 1496 2476 opere.

224 2492 315 2564 Igitur
335 2499 431 2547 cetera
450 2492 643 2564 metaphysica
663 2502 837 2565 argumenta,
859 2510 930 2565 quae
952 2512 1001 2563 pro
1024 2494 1096 2549 Solis
1111 2495 1138 2547 iu
1157 2496 1254 2548 mundo
1274 2494 1343 2558 loco,
1367 2495 1416 2566 qni
1435 2512 1496 2550 sss·

147 2580 220 2628 trum
240 2579 292 2637 est.
315 2589 333 2628 a
352 2572 489 2646 dignitate
510 2573 606 2628 sideris
628 2575 673 2627 vel
694 2575 834 2628 alumine
855 2574 915 2644 ipso
936 2576 1079 2643 ducuntur.
1102 2571 1164 2628 vide
1184 2574 1211 2628 in
1232 2574 1304 2628 dicto
1318 2591 1381 2637 meo
1403 2574 1495 2631 libelis

147 2661 179 2708 st
199 2654 273 2724 apud
295 2654 487 2724 Copemicum;
515 2672 566 2708 nec
593 2655 661 2707 nihil
689 2656 762 2724 apud
790 2655 969 2709 Aristotelem
990 2655 1038 2709 lib.
1059 2656 1093 2710 Il.
1120 2657 1154 2708 de
1177 2655 1279 2717 Coelo,
1308 2656 1360 2709 snb
1392 2656 1496 2711 nomi·

144 2734 423 2806 Pythagoraeornm‚
451 2733 497 2805 qui
526 2734 598 2804 ignis
625 2735 732 2788 nomine
753 2736 845 2790 Solem
863 2735 1071 2789 intellexerunt.
1112 2734 1205 2805 Tetigi
1229 2735 1325 2805 aliqua
1344 2735 1375 2789 iu
1397 2736 1495 2806 Optio

144 2820 227 2884 parte
239 2814 433 2869 astronomiae
448 2815 515 2884 Cap.
532 2816 552 2868 l.
564 2813 612 2869 iol.
627 2814 654 2868 7.
682 2816 759 2869 Adde
774 2823 804 2870 et
817 2823 902 2884 caput
916 2817 962 2871 v1.
978 2814 1126 2886 praecipue
1148 2815 1195 2870 fol.
1210 2809 1277 2869 225.
1295 2819 1414 2882 (rutae.
1425 2820 1496 2881 ml

224 2894 268 2948 De
288 2911 321 2948 eo
343 2910 421 2957 vero,
450 2897 521 2964 quod
542 2895 654 2947 Terram
678 2911 729 2963 par
755 2896 793 2949 sit
819 2903 902 2949 extra
929 2896 1043 2950 medium
1071 2895 1162 2951 mundi
1190 2894 1344 2957 circumire,
1374 2896 1495 2951 invenias

145 2989 206 3043 cap.
226 2972 275 3029 lx
295 2973 361 3027 lolio
384 2969 440 3028 322
462 2976 601 3040 (11.332.)
621 2973 694 3026 illius
716 2975 777 3029 libri
799 2983 990 3045 argumentum
1010 2974 1237 3045 metaphysioum

224 3052 341 3107 Veniam
361 3059 455 3107 tamen
475 3053 511 3106 ab
532 3053 636 3107 lectore
657 3070 752 3123 spero,
777 3055 801 3108 si
822 3063 919 3110 contra
938 3058 1085 3110 nonnullas
1103 3054 1281 3123 objectiones,
1303 3069 1377 3124 quae
1392 3055 1495 3110 amnes

146 3138 285 3202 occupant
304 3132 401 3204 hisque
422 3131 593 3203 argumentis
612 3132 665 3187 hoc
686 3142 768 3204 pecto
789 3136 876 3191 lucem
898 3136 1025 3206 eripiunt,
1047 3135 1168 3190 remedia
1181 3135 1423 3207 quaedsm'etiam
1442 3135 1494 3191 hs·

144 3212 205 3265 loco
226 3211 348 3267 iudicem,
389 3212 485 3282 Neque
505 3213 576 3267 enim
597 3214 678 3266 valde
699 3215 793 3269 aliena
812 3224 876 3270 sant
896 3220 932 3271 ab
952 3217 1001 3280 iis,
1032 3233 1103 3289 quae
1128 3217 1156 3269 in
1178 3233 1261 3286 opere
1281 3215 1394 3285 disputo
1414 3230 1496 3287 super

145 3291 236 3346 causis
257 3291 379 3362 physicis
400 3299 490 3347 motus
512 3294 694 3362 planetarum,
717 3297 880 3364 praesertim
901 3298 988 3359 tertia
1006 3305 1036 3351 et
1057 3303 1159 3368 quarta
1178 3303 1267 3366 parte.

153 3409 156 3413 .
195 3430 199 3438 ,
223 3372 328 3427 Multos
349 3372 462 3443 impedit
482 3384 571 3428 motus
585 3374 720 3445 gravium,
742 3394 796 3447 qno
815 3377 902 3431 minus
917 3380 1028 3432 credere
1042 3377 1156 3447 possint,
1178 3379 1289 3431 Terram
1304 3375 1409 3430 moveri
1422 3383 1494 3432 mota

146 3450 259 3506 animsli
279 3469 328 3506 seu
349 3453 441 3529 potius
463 3454 627 3525 magnetica.
669 3455 690 3509 li
710 3459 885 3526 perpendant
903 3458 1104 3528 propositiones
1126 3463 1287 3528 sequentes:

166 3574 169 3579 .
225 3533 360 3601 Punctum
379 3533 603 3589 mathematicum
623 3535 680 3588 sive
702 3545 823 3590 centrum
843 3540 933 3591 mundi
955 3538 992 3592 sit
1004 3538 1062 3592 sive
1077 3556 1139 3600 non,
1162 3537 1257 3608 nequit
1270 3553 1382 3590 movere
1395 3535 1494 3607 gravia

144 3629 233 3684 neque
253 3613 380 3669 effective
400 3632 489 3684 neque
510 3614 661 3683 objective‚
684 3623 715 3670 ut
736 3619 770 3670 ad
791 3634 822 3670 se
843 3621 985 3674 accedent.
1025 3619 1146 3672 Probent
1176 3617 1298 3688 physici,
1329 3617 1404 3676 hauc
1434 3633 1493 3670 esss

145 3692 198 3747 rim
217 3699 335 3762 puncto,
357 3696 428 3766 quod
448 3712 537 3766 neque
558 3713 657 3766 corpus
677 3703 722 3750 est
741 3715 830 3767 neque
851 3698 934 3752 aliter
953 3698 1059 3753 nisiex
1079 3699 1141 3752 sola
1160 3698 1297 3752 relatione
1317 3696 1492 3769 intelligitur.

222 3776 394 3852 Impossibile
415 3790 467 3848 est,
487 3790 520 3838 ιιι
540 3784 628 3839 forma
647 3786 746 3856 lapidis
760 3791 890 3841 movendo
905 3805 1003 3857 corpus
1018 3806 1096 3843 suum
1109 3793 1228 3858 quaerat
1242 3792 1373 3856 puuctum
1387 3787 1493 3842 mathe-

143 3863 272 3921 naisum
293 3868 343 3917 aut
362 3864 457 3939 muudi¹
476 3865 607 3929 medium,
638 3865 709 3920 citra
736 3875 892 3938 respectum
921 3870 1041 3938 corporis
1069 3869 1096 3923 in
1124 3885 1177 3938 qno
1198 3875 1243 3920 est
1262 3866 1330 3919 illud
1341 3875 1492 3936 punctum.

142 3943 265 3999 Probent
285 3942 402 4012 physici,
423 3961 468 3998 res
490 3946 633 3999 naturales
654 3947 757 4001 habere
779 3948 963 4019 sympathiam
984 3952 1019 4002 ad
1040 3950 1066 4002 id
1086 3950 1157 4020 quod
1178 3947 1247 4000 nihil
1268 3954 1320 4002 est.

221 4023 275 4079 Sed
294 4039 384 4093 neque
405 4025 458 4079 hoc
478 4031 560 4094 pacto
580 4026 680 4096 gravia
700 4029 816 4081 tendum
837 4030 871 4081 ad
892 4035 1015 4083 centrum
1036 4029 1141 4091 mundi,
1173 4030 1245 4098 quod
1266 4027 1380 4099 fugiant
1399 4032 1494 4082 extre·

143 4104 254 4160 mitates
274 4102 366 4158 mundi
387 4105 504 4160 rotundi.
546 4106 615 4160 Nam
637 4107 790 4177 proportio.
812 4124 868 4178 qua
888 4109 991 4162 absunt
1011 4125 1029 4163 a
1049 4109 1136 4163 medio
1156 4107 1261 4184 mundi,
1284 4106 1431 4161 invisibilis
1451 4110 1496 4161 est

143 4193 174 4238 et
193 4184 261 4238 nihil
281 4182 367 4237 efficit
385 4183 414 4237 iu
434 4185 639 4256 comparatione
660 4189 694 4241 ad
716 4184 874 4242 distantiam
895 4191 930 4242 ab
949 4191 1128 4244 extremitate
1142 4188 1242 4244 mundi.
1271 4188 1309 4241 Et
1322 4204 1395 4257 quae
1408 4200 1495 4242 causa

143 4270 218 4319 esset
238 4263 322 4333 hujus
342 4263 416 4319 odiis
447 4271 553 4337 quauta
572 4266 614 4330 vi.
647 4274 752 4337 quanta
772 4268 913 4337 sapientia
933 4277 1075 4338 oporteret
1094 4286 1155 4323 esse
1176 4268 1306 4338 praedita
1326 4268 1442 4340 grevia
1463 4272 1495 4323 ut

144 4351 201 4398 tam
221 4349 350 4399 aosmrate
370 4344 469 4416 fugere
485 4353 602 4416 possent
615 4348 651 4401 sb
665 4349 746 4402 hoste
759 4347 877 4418 undique
891 4347 1083 4419 circumjecto?
1103 4356 1242 4420 quantave
1258 4347 1387 4404 sollertia
1399 4355 1494 4403 extre·

143 4424 270 4479 mitatum
290 4424 380 4477 mundi
403 4427 437 4480 ad
457 4429 675 4499 persequendum
696 4427 802 4482 hostem
824 4445 902 4482 suurn
922 4436 980 4483 tam
999 4430 1142 4485 minutim?

221 4517 262 4567 Δι
280 4530 368 4583 usqne
389 4515 527 4587 vertigiue
547 4517 646 4586 rapida
666 4518 745 4588 primi
766 4518 872 4573 mobilis
893 4521 1072 4575 excutiuntur
1091 4517 1191 4591 gravia
1209 4517 1239 4571 in
1260 4516 1395 4581 medium
1414 4525 1449 4572 ut
1467 4518 1494 4573 ῖΙ

143 4592 222 4649 undis
242 4592 351 4648 rotatis.
378 4593 448 4648 Nam
462 4607 552 4651 motus
573 4597 629 4661 ille,
652 4597 675 4651 si
696 4614 828 4666 ponamus
843 4617 913 4664 esse,
936 4618 989 4654 non
1010 4605 1054 4653 est
1068 4598 1243 4652 continuatus
1258 4615 1345 4668 usqne
1367 4599 1495 4653 adhaec

143 4674 287 4729 iuferiora:
309 4671 380 4728 alias
401 4675 564 4731 sentiremus
585 4677 675 4746 ipsum
695 4686 723 4730 et
744 4695 904 4748 raperemur
923 4696 980 4735 uua
1000 4680 1138 4749 etiamque
1153 4679 1294 4732 uobiscum
1307 4679 1369 4748 ipsa
1384 4680 1493 4734 Tellure

142 4755 196 4810 iaso
215 4753 436 4825 praeriperemur
455 4772 521 4821 uos,
542 4758 629 4812 Terra
657 4766 832 4828 sequeretur:
862 4777 934 4831 quae
964 4760 1055 4816 omnia
1083 4759 1234 4831 opponenti
1265 4760 1389 4815 absurda
1419 4766 1494 4815 sunt.

65 4841 80 4891 .“
142 4839 271 4912 Apparet
290 4834 379 4910 igitur
398 4836 549 4894 doctrinam
569 4837 714 4910 vulgarem
733 4839 768 4892 de
787 4839 930 4916 grevimte
950 4858 1012 4899 esse
1033 4855 1185 4899 erroneam.
1338 4842 1341 4849 '
