3278 5550
632 306 795 360 arcem
1323 307 1390 379 515
1416 305 1420 315 '

120 480 161 553 4)
184 484 360 559 Impossibile
390 486 498 540 omuino
518 494 578 552 est,
608 500 701 543 rersru
721 487 792 543 Solis
814 504 833 543 a
851 488 939 544 Terra
959 491 1119 546 distantiam
1139 488 1194 544 han
1213 490 1322 547 ratio'ns
1342 494 1389 547 da·

119 582 201 621 rm·
1329 603 1332 607 ἵ
1365 590 1368 597 .

119 653 191 715 lm,
218 646 423 710 „illustraturus
437 648 506 702 illud
521 648 691 723 diagramma
711 648 788 702 brevi
803 651 1004 715 commentario,
1026 652 1097 721 quod
1118 651 1251 706 nemiuem
1271 651 1388 717 noverit,

119 726 349 784 emnnstratioues
370 727 455 781 hasce
481 731 514 782 nd
536 730 690 783 umbilicum
718 730 866 800 perduxit“
889 736 952 789 hese
971 739 1123 802 praemittit:
1154 732 1389 802 Hipparchum

119 809 191 872 seri,
214 808 313 863 librum
327 808 373 860 diu
393 808 587 875 desideratum,
608 810 726 864 nondurn
746 809 811 863 milri
833 810 949 884 contigm't
969 812 1070 874 ridere,
1091 812 1163 866 forte
1184 812 1249 883 quia
1270 814 1388 869 nnnduur

119 907 145 943 n.
188 891 271 945 Certo
295 894 388 942 tamen
418 906 594 961 praesumere
615 890 710 952 ausim,
732 896 820 945 totaru
840 890 912 945 hanc
932 900 1021 946 artem
1042 891 1070 946 iu
1089 891 1137 947 illo
1158 892 1229 947 libro
1242 892 1388 962 perfectis·

119 970 209 1025 tradi.
249 968 337 1022 Valde
357 977 450 1023 rnetrro
476 970 596 1025 auctoris
625 978 740 1025 mortem
768 987 906 1041 nunquam
931 990 985 1027 uon
1006 979 1209 1042 praematuram
1237 989 1286 1027 uos
1306 972 1388 1028 'tanto

119 1068 168 1127 ¹aro
188 1049 322 1120 privasse.
358 1049 426 1104 Utut
446 1051 491 1112 sit,
513 1052 638 1104 effectum
661 1050 760 1120 operis,
782 1056 814 1104 ut
834 1051 893 1121 ipae
915 1059 1048 1115 metatur,
1070 1053 1098 1107 iu
1118 1043 1388 1123 praeceptis'Tahu·

119 1160 121 1183 r
146 1128 384 1199 Rudnlphinarum
398 1131 500 1200 prodiit
520 1149 557 1184 ex
573 1131 732 1200 Hipparcho
754 1147 802 1184 sno
824 1132 955 1197 deductis,
978 1149 1049 1203 quse
1070 1140 1135 1187 suut
1155 1133 1263 1187 omuino
1277 1133 1389 1188 raritati

119 1218 239 1272 ntanca;
269 1209 439 1279 hypotheses
470 1211 531 1280 ejus
562 1211 624 1265 inde
653 1217 816 1265 exstructae
846 1213 962 1267 omnium
989 1214 1066 1268 solae
1091 1214 1261 1286 geometriae
1288 1220 1318 1268 et
1337 1213 1391 1268 sibi

119 1308 210 1363 usque
231 1290 422 1353 consentiunt,
453 1294 524 1346 uude
546 1292 614 1345 satis
645 1291 814 1362 intelligenti
844 1301 887 1347 est
907 1293 1089 1359 manifestum,
1111 1294 1262 1364 Keplerunr
1282 1294 1391 1349 unicum

119 1371 244 1427 aromatis
265 1370 347 1437 hujus
369 1371 483 1426 solidam
504 1371 635 1426 habuisse
656 1372 791 1426 notitiam.
822 1372 914 1427 Facile
936 1380 987 1437 est,
1010 1390 1028 1428 a
1047 1374 1204 1446 praeceptis
1225 1374 1282 1428 sois
1302 1381 1391 1430 totam

119 1451 293 1511 raddiscere;
313 1451 382 1504 nihil
403 1452 456 1506 hac
477 1459 609 1522 exparte
631 1459 682 1513 est,
705 1454 775 1522 quod
795 1453 824 1507 in
843 1455 967 1524 Keplero
989 1454 1128 1510 desideres
1148 1460 1262 1526 praeter
1282 1456 1390 1511 demon·

119 1549 197 1587 orrea.
241 1533 299 1584 Has
321 1539 412 1585 autem
430 1531 491 1598 ¹jaru
512 1533 563 1586 tibi
584 1532 704 1587 exhibeo
725 1540 778 1586 etc.
1306 1577 1310 1581 .

119 1613 300 1684 Diagramma
320 1612 485 1681 Hipparchi,
508 1621 589 1683 pergis
606 1620 762 1677 Horroccius,
792 1619 837 1667 est
866 1612 1005 1669 inventum
1025 1614 1291 1688 ingeniosissimum,
1312 1615 1391 1681 cuins

119 1694 151 1747 rio
171 1693 262 1754 Solis,
293 1692 388 1744 Lunae
416 1699 446 1745 et
466 1694 579 1746 umbrae
601 1694 750 1747 Terrestris
771 1693 964 1748 semidiametri
986 1702 1016 1749 et
1040 1696 1203 1764 parallaxes
1224 1696 1412 1769 geometrice.

137 1790 168 1826 se
197 1780 406 1826 connectuntur.
448 1773 557 1827 Dicitur
577 1773 747 1843 Hipparchi,
779 1774 906 1844 qnoniam
927 1773 950 1828 is
964 1772 1057 1833 ‘iteste
1078 1771 1203 1839 Thence)
1225 1777 1403 1847 peculiarem·

119 1860 189 1908 tturu
220 1853 254 1906 de
284 1868 335 1905 usu
365 1851 425 1920 ejus
447 1854 625 1922 conscripsit,
656 1860 686 1907 et
715 1872 752 1908 ex
772 1854 820 1907 illo
849 1855 1052 1925 magnitudines
1073 1862 1103 1910 et
1130 1857 1281 1911 intervalla
1309 1856 1390 1920 Solia,
1498 1912 1501 1919 ,

119 1940 184 1989 eet
204 1934 307 1987 Terrae
329 1932 535 1987 demonstrarit.
559 1934 673 1997 Primus,
705 1937 776 2005 quod
797 1934 890 1998 scitur,
912 1934 1120 2007 diagrammatis
1140 1936 1224 2006 hujus
1245 1943 1342 1992 auctor
1363 1944 1393 1991 et
1479 1943 1482 1947 '

119 2022 164 2070 tor
186 2013 239 2067 init
258 2011 487 2068 Aristarchus
510 2012 630 2070 Samius.
660 2015 869 2070 mathematicos
891 2014 1006 2069 eximius
1028 2023 1059 2071 et
1078 2017 1264 2072 astronomiae
1284 2016 1398 2089 Pyrra·

119 2096 205 2149 aede
227 2094 330 2147 Terrae
351 2100 426 2146 motu
448 2100 584 2156 sectator,
611 2095 690 2148 annis
715 2089 771 2149 160
792 2112 817 2150 a.
839 2113 866 2149 n.
889 2095 938 2150 Ch.
959 2096 986 2149 in
1009 2096 1128 2151 Graecia
1147 2099 1257 2151 florens.
1300 2096 1392 2166 Hujus

126 2177 160 2228 de
180 2172 417 2244 magnitudinibus
439 2181 468 2227 et
488 2174 644 2229 intervallis
658 2175 730 2229 Solis
750 2190 780 2228 et
794 2177 890 2229 Lunae
911 2176 1059 2231 etiamnum
1080 2184 1193 2231 exstare
1208 2178 1315 2238 dicitur,
1337 2194 1392 2249 ego

123 2256 243 2309 noudum
263 2253 331 2306 illud
346 2253 408 2306 vidi.
437 2258 523 2323 (Errat
541 2260 582 2311 hio
596 2263 625 2323 ‚in
644 2270 767 2324 tempore,
786 2277 832 2326 quo
852 2262 962 2311 floruisse
981 2263 1041 2312 dicit
1060 2264 1227 2315 Aristarchum
1246 2264 1392 2315 Horroccius

119 2329 151 2395 to
169 2346 266 2389 annos,
294 2332 341 2381 nisi
365 2345 437 2394 quem
465 2333 534 2395 ponit
561 2348 675 2383 numerus
697 2330 764 2388 160.
790 2327 950 2398 corrigendus
968 2335 993 2383 in
1013 2331 1080 2389 280,
1099 2335 1244 2386 tribuendus
1263 2342 1301 2385 est
1318 2336 1393 2385 errori

119 2412 224 2477 raphiae.
258 2394 331 2473 'Opus
348 2412 485 2462 assureni
510 2412 588 2463 edidit
606 2412 682 2461 latine
701 2428 796 2462 versum
815 2415 845 2464 (i.
866 2412 949 2462 Valla
969 2412 1033 2464 Van.
1057 2402 1144 2470 utsii.)
1173 2408 1391 2479 Dingrsmmstis

119 2486 143 2541 rii
159 2501 238 2541 nsum
253 2485 431 2539 Aristarchus
446 2486 590 2558 ignorasse
604 2486 712 2540 ridetur
724 2486 907 2557 Lansbergio,
929 2487 1048 2543 fortasse
1069 2491 1140 2560 quod
1157 2484 1213 2542 ¹uec
1233 2489 1291 2557 ipse
1313 2505 1392 2544 usurn

121 2566 249 2637 perfecte
270 2564 414 2636 intelligit.
457 2566 557 2621 Paucis
579 2570 702 2631 (centnm)
724 2578 789 2636 post
807 2567 998 2623 Aristarchum
1020 2569 1099 2623 anuis
1121 2569 1296 2639 Hipparchus
1317 2568 1391 2622 Rho·

122 2650 227 2714 (rerinsz
245 2649 380 2714 Bithynus)
403 2648 517 2700 eandem
548 2647 807 2701 demonstrationem
836 2647 970 2717 peculiari
991 2657 1113 2703 tractatu
1142 2648 1289 2718 exposuit,
1319 2650 1391 2702 unde

119 2726 228 2780 risolet
248 2725 400 2795 Hipparchi
421 2726 610 2798 Disgramma.
637 2727 722 2782 Liber
742 2727 801 2796 ipse
823 2728 913 2797 periit,
936 2736 968 2782 at
987 2730 1183 2784 demonstratio
1204 2729 1277 2799 apud
1297 2728 1391 2782 Ptole·

119 2823 146 2861 rn
167 2812 273 2860 exstat.
418 2808 421 2813 ’
938 2858 940 2863 .

119 2886 423 2957 Longomontauus
444 2894 613 2943 rtstrcnomis
630 2891 730 2944 Dacica
748 2911 770 2957 p.
792 2890 850 2944 itt.
873 2890 934 2952 ros)
956 2888 1029 2942 hauc
1042 2894 1165 2943 veterum
1181 2886 1389 2947 demonstratio·

123 2969 155 3023 sd
177 2983 243 3020 suas
264 2967 442 3036 hypotheses,
464 2966 585 3037 Tychoni
601 2968 722 3022 maxima
741 2987 776 3022 ex
792 2978 872 3039 parte
887 2978 1025 3038 acceptas,
1049 2970 1182 3039 applicat.
1211 2972 1251 3029 At
1264 2967 1391 3038 quoniam

119 3050 241 3118 quadrat,
264 3063 325 3100 eam
339 3045 438 3115 rejicit,
462 3048 571 3117 culpam
592 3048 738 3116 conjiciens
760 3048 786 3102 in
801 3049 980 3103 retractiones
1002 3049 1138 3105 radioruur
1152 3048 1297 3113 Solarium,
1319 3048 1400 3103 hann'

119 3147 232 3203 parerer
253 3126 358 3180 irritam
379 3127 523 3181 iacientes.

121 3207 359 3278 Lansbergius
380 3213 439 3260 toto
463 3207 670 3262 Uranometriae
692 3207 760 3262 libro
782 3225 861 3263 usum
882 3216 911 3263 et
926 3208 1128 3279 praestantiam
1149 3208 1389 3265 demonstrationis

119 3289 225 3350 sedicet,
246 3288 293 3341 ubi
316 3287 405 3340 nescio
427 3304 497 3357 qnae
519 3288 698 3359 magniloqua
718 3292 751 3342 de
772 3306 825 3343 sua
844 3289 930 3361 ipsius
952 3291 1024 3342 noda
1044 3297 1074 3343 et
1093 3289 1209 3360 simplici
1224 3289 1284 3354 ejus
1299 3289 1389 3359 expli·

119 3384 165 3433 ae,
196 3370 230 3422 de
259 3367 452 3438 hypothesium
482 3368 652 3437 propriarum
674 3369 855 3423 consonantia
875 3370 1008 3432 mirabili,
1030 3369 1144 3423 aliorum
1166 3370 1339 3425 absurditate
1360 3376 1391 3424 et

141 3466 170 3503 ee
199 3448 386 3517 discrepantia
415 3448 485 3502 omni
511 3449 568 3501 fere
591 3449 696 3519 pagina
720 3449 855 3508 inculcat,
885 3451 984 3504 librum
1013 3466 1091 3503 suurn
1122 3456 1252 3521 tanquam
1272 3446 1389 3518 Lydium

119 3534 158 3584 em
188 3530 222 3583 ad
252 3529 408 3598 probandas
437 3529 552 3583 aliorum
583 3530 751 3599 hypotheses
773 3532 960 3584 commendans
990 3529 1116 3598 posteris.
1157 3534 1196 3584 At
1217 3545 1307 3599 penca
1326 3529 1388 3590 iste,

119 3626 152 3664 :er
172 3608 311 3678 speciosos
333 3608 437 3672 titulos,
460 3611 493 3663 ad
514 3624 608 3663 rerarn
629 3609 938 3681 diagrammatis-hujus
960 3617 1087 3663 naturam
1108 3611 1298 3680 exponendam
1313 3617 1388 3664 attu-

119 3688 182 3745 irnnl
203 3706 264 3743 cnm
284 3689 515 3744 demonstratione
537 3705 554 3743 a
574 3691 713 3744 veteribus
743 3698 859 3760 accepta
883 3691 1002 3760 ipsorum
1024 3690 1106 3745 etiam
1128 3706 1234 3745 errores
1255 3689 1386 3745 retinens.

119 3770 262 3842 quidquam
283 3769 345 3823 nori
366 3769 394 3823 in
414 3776 495 3824 tauta
514 3771 657 3824 verborum
679 3770 758 3840 copia
779 3788 827 3824 nos
848 3771 954 3834 docuit,
986 3778 1098 3840 praeter
1118 3771 1224 3825 unicum
1244 3770 1388 3825 theorema

119 3868 126 3909 r
148 3851 264 3907 faciliori
284 3851 363 3905 modo
383 3851 561 3920 propositum,
583 3857 613 3904 et
634 3858 720 3910 toturn
741 3850 807 3904 illud
829 3868 847 3905 a
867 3851 989 3921 Keplero
1011 3852 1174 3915 suffuratus,
1196 3849 1275 3920 cujus
1295 3849 1385 3905 divino

119 3931 255 4002 ringenio
276 3929 449 4002 ignorantiae
479 3939 509 3985 et
537 3931 717 3985 absurditatis
748 3941 840 3986 notam
870 3931 1036 4002 iniquissime
1056 3930 1158 3997 inurit,
1187 3930 1228 3986 sui
1249 3930 1335 4001 ipsios
1355 3946 1385 3985 ra

123 4010 281 4086 ignorantis
303 4010 501 4065 absurditatem
521 4010 586 4065 mihi
607 4012 789 4083 detegendam
810 4011 975 4083 relinquens.

119 4090 254 4157 Quocirca
285 4091 454 4162 diagramma
483 4092 550 4146 illud
581 4091 794 4161 Hipparchicum
819 4091 945 4163 sequenti
975 4090 1168 4146 commentario
1193 4091 1386 4146 illustrandum

119 4190 149 4237 o.
172 4170 296 4228 collectis
317 4171 344 4224 irr
364 4186 445 4225 unum
467 4188 565 4242 corpus
586 4172 802 4226 theorematibus
824 4173 980 4242 praecipuis
1011 4172 1047 4226 ab
1068 4172 1117 4226 illo
1137 4171 1243 4232 enatisr
1274 4168 1335 4225 nou'
1348 4172 1385 4226 ad

119 4253 278 4310 remandans
291 4251 363 4307 Solis
383 4251 549 4314 distantiam,
571 4268 652 4324 quam
673 4268 810 4322 nunquam
832 4253 884 4306 hac
904 4253 1010 4307 ratione
1031 4252 1161 4314 invenies,
1184 4253 1231 4305 sed
1252 4253 1287 4305 ad
1308 4252 1384 4305 dete·

119 4351 142 4391 ea
165 4348 272 4389 errores
293 4331 451 4394 nonnullos,
474 4350 540 4403 qnos
563 4334 598 4388 ab
620 4333 785 4403 antiquitate
808 4335 923 4386 tradrtos
945 4324 1122 4403 amplectitur
1141 4332 1230 4386 adhuc
1251 4330 1385 4403 religiosa

125 4412 282 4473 recentium
297 4412 456 4472 credulitas:
479 4414 513 4466 ad
528 4415 706 4467 cohibendam
719 4413 883 4485 Lansbergii
898 4413 1072 4468 vanissimam
1086 4412 1283 4487 arrogantiam,
1305 4411 1384 4480 cujus

119 4497 169 4551 ita
187 4493 355 4549 tractatione
376 4492 523 4548 miserrime
538 4495 706 4562 depravatur
722 4493 891 4565 ingeniosum
905 4494 958 4547 hnc
971 4493 1124 4556 iurentumc
1145 4494 1180 4547 ad
1194 4490 1384 4549 vindicandam
1450 4485 1456 4509 '

119 4575 153 4633 ,τί
175 4574 286 4636 tamam
307 4573 439 4627 immerito
461 4589 479 4626 a
500 4574 671 4645 Lausbergio
692 4575 853 4629 laceratam.

119 4656 161 4708 lta
170 4653 313 4718 praem⁸ssis
325 4650 471 4702 Horrcociue
484 4651 587 4701 absolvit
599 4653 746 4715 propositam
759 4652 990 4703 demonstrationem
1001 4650 1073 4701 simili
1084 4664 1135 4715 qua
1145 4649 1269 4714 Keplerns
1280 4650 1384 4709 ratione,

119 4725 234 4777 nabas
251 4724 385 4779 tredecim,
404 4722 493 4773 additis
511 4722 701 4786 problematibus
718 4731 826 4788 septem.
846 4738 942 4787 semper
958 4724 1091 4787 respiciens
1110 4721 1143 4772 ad
1162 4721 1339 4786 Laneberginm
1358 4726 1385 4772 et

119 4812 147 4850 ae
163 4795 345 4858 liudolphinae.
382 4794 453 4845 Haeo
470 4803 604 4859 sequuntur
621 4796 707 4858 oiplta
724 4792 749 4852 4,
768 4797 793 4846 ln
811 4797 898 4862 quihus
917 4794 1062 4861 Lausbergil
1078 4793 1226 4857 hypotheses
1244 4793 1385 4853 amaretne

119 4874 181 4926 eae.
207 4880 354 4932 cupreus
375 4866 432 4919 illae
450 4880 507 4920 cam
522 4864 693 4932 Kotenna,
716 4866 805 4932 qulbus
820 4867 909 4933 abique
925 4866 1040 4933 peluem
1062 4865 1155 4917 tibuit
1194 4864 1304 4919 firmum
1319 4862 1385 4927 detti

1112 4948 1176 5005 ³³*
