3278 5550
126 277 220 360 'stt
682 292 899 361 mmmmm
916 291 961 349 se.

149 476 277 538 disputans
295 473 327 523 de
345 471 407 522 Solis
431 471 550 522 distantia
573 479 599 522 et
617 472 749 536 parallaxi,
770 474 941 538 inquisiturus,
959 480 987 524 ut
1004 474 1097 523 ultimis
1114 473 1178 525 dicit
1195 474 1319 532 susibu.
1334 476 1427 529 seirat

146 561 227 603 nem,
245 559 308 609 qnae
326 545 449 608 inquisitio
468 544 629 593 desideratur.
667 545 731 594 Huic
751 547 816 595 enim
835 547 994 609 disputationi
1012 546 1077 594 idem
1096 547 1164 609 quod
1176 546 1285 609 Kepleri
1301 546 1428 613 ffippsrehe

146 619 223 674 cidit,
252 631 307 667 cum
333 630 382 664 non
411 615 548 664 absolutam
576 616 701 681 reliquerit
718 618 785 666 illam
805 624 905 677 auctor,
930 618 1062 681 repentina
1078 618 1198 682 abreptus
1217 624 1310 668 morte.
1336 617 1428 671 um

143 689 305 741 Horroccius.
324 692 388 737 teste
407 686 526 744 Wallisio,
546 687 569 736 d.
591 684 614 736 ³.
638 686 677 737 13.
696 688 755 739 Jan.
775 684 853 746 stit,
874 688 937 747 „snb
956 689 1046 738 aetatis
1065 702 1167 749 anunm,
1188 695 1313 753 quantum
1329 690 1428 757 intelligo

144 762 261 809 cesimum
279 756 448 815 seouudam“,
476 759 562 820 paucis
589 764 686 809 tantum
715 752 786 809 auni's
811 760 837 808 in
864 760 1032 810 astronomicis
1050 759 1138 808 studiis
1158 761 1315 819 contumatia,
1333 777 1394 817 cum.
1409 776 1428 813 et

144 840 223 887 teste,
252 844 294 891 „u
314 843 406 878 annum
429 825 495 877 tots
520 831 628 880 animum
647 831 759 880 adhaec
777 830 860 881 studia
878 832 1111 895 rideaturprimum
1130 829 1311 895 applicuisse'‘,
1329 839 1356 883 et
1370 835 1428 897 prius

144 901 305 967 Lanshergio,
327 900 496 950 deficientibus
516 900 616 951 aliomm
637 909 829 952 astronomorum
848 904 975 965 operibus,
1003 901 1134 958 addictus,
1161 904 1195 953 ab
1222 916 1291 953 auno
1315 903 1428 955 11111111

142 975 214 1023 lectis
231 971 333 1036 Kepleri
353 972 465 1035 oporibus
484 978 562 1021 totum
580 988 607 1023 se
625 973 733 1037 Kepiero
753 972 859 1031 dedidit,
879 981 905 1023 et
923 975 992 1039 quasi
1010 974 1088 1023 iratus
1106 975 1138 1023 ob
1157 988 1266 1031 errores,
1284 976 1428 1040 quoslausi

143 1045 293 1095 astronomis
309 1044 356 1107 ipsi
374 1044 485 1107 imperito
504 1044 650 1101 ohtruserat.
670 1060 699 1094 eo
717 1047 810 1107 maiore
834 1059 917 1094 amore
935 1044 1070 1108 Keplomm
1094 1046 1297 1109 amplectebatur
1314 1054 1341 1096 et
1355 1047 1428 1099 intiba

139 1115 241 1180 juvenili
268 1114 353 1165 ardore
372 1114 550 1180 Lansbergium
568 1116 724 1166 refutandum
743 1117 789 1165 sibi
813 1118 944 1180 proposuit
964 1144 997 1153 -
1009 1115 1092 1165 Missis
1116 1117 1239 1168 hocloco
1258 1117 1356 1183 reliquis
1371 1110 1428 1169 11111

143 1186 348 1252 disquisitionibus
366 1200 430 1251 quae
448 1195 580 1250 supersunt
598 1188 775 1244 astronomicis,
794 1202 854 1252 quas
873 1203 971 1247 omnes,
991 1194 1019 1236 ut
1036 1188 1105 1237 nohis
1123 1187 1242 1250 ridetur,
1267 1191 1293 1239 in
1404 1200 1428 1241 tt

141 1259 257 1310 redactas
275 1258 399 1308 meliorem
417 1259 444 1307 11
462 1258 565 1308 iormam
583 1259 766 1323 politioremque
778 1260 962 1310 transferendas
975 1265 1114 1316 censuerat,
1134 1266 1162 1309 ut
1180 1259 1307 1325 expletum
1319 1270 1345 1311 et
1359 1262 1428 1327 periet

141 1330 225 1381 muudi
243 1335 354 1393 systema
377 1329 487 1379 innixum
504 1329 606 1393 Kepleri
631 1330 803 1393 hypothesibus
831 1337 988 1394 proponeret,
1007 1331 1028 1378 si
1046 1331 1082 1379 sic
1099 1330 1186 1380 inisset
1204 1332 1233 1381 in
1250 1332 1317 1390 istis,
1334 1332 1378 1383 hoc
1393 1340 1428 1385 tas

143 1408 275 1458 notamus,
301 1415 391 1450 nomen
415 1402 511 1463 juvenis
539 1401 735 1451 excellentissimi
754 1404 899 1451 astronomis
924 1402 1068 1453 inclaruisse
1091 1404 1143 1465 lam
1162 1408 1224 1452 ante
1243 1402 1313 1454 edita
1334 1404 1428 1469 amq

142 1472 280 1537 posthuma
306 1471 422 1522 Herelius
441 1472 545 1529 scilicet,
565 1478 718 1522 astronomus
736 1473 778 1523 ille
800 1473 977 1531 Dentiscanus,
997 1473 1074 1522 edidit
1091 1487 1157 1523 anuo
1178 1469 1248 1522 1812
1267 1474 1361 1525 Gedaul
1381 1474 1428 1541 1111Ι

141 1545 285 1607 inscriptum
313 1542 468 1600 „Mamurius
495 1545 519 1593 in
548 1542 605 1594 Sole
630 1542 729 1599 risus‘⁴,
757 1545 796 1594 cul
824 1545 956 1595 annexuit:
985 1544 1089 1601 „Venus
1116 1546 1142 1593 iu
1165 1544 1224 1595 Sole
1254 1546 1307 1595 risa
1333 1561 1391 1596 anno
1409 1544 1428 1595 ll

142 1614 178 1677 (d.
197 1613 240 1677 21,
259 1613 322 1664 Nor.
341 1621 372 1664 st
391 1612 435 1675 1.),
455 1629 499 1665 seu
516 1620 640 1665 tractatus
657 1618 835 1667 astronomicus
854 1617 885 1665 de
903 1616 1055 1665 nobilissima
1067 1614 1174 1665 Veneris
1191 1623 1220 1666 et
1231 1616 1295 1667 Solis
1313 1620 1428 1681 ooujmsts

140 1685 293 1751 Liserpoliao
319 1700 336 1735 a
359 1685 374 1736 J
380 1701 419 1735 er.
439 1686 611 1742 Horroxio,
629 1702 695 1737 nunc
713 1688 815 1750 pmmum
834 1688 902 1737 edita
919 1688 1032 1751 notisque
1049 1686 1200 1737 illustrata.“
1238 1688 1360 1739 Wsllisius
1372 1691 1428 1753 inm

141 1759 235 1808 1111111
253 1758 284 1808 (11
302 1757 349 1807 hoc
366 1756 448 1807 libello
465 1758 528 1807 haec
547 1759 632 1807 affert:
651 1766 776 1821 ..quantus
795 1760 830 1808 rir
847 1759 929 1808 iuerat
947 1755 1066 1823 (quantus
1083 1759 1179 1808 futurus
1199 1766 1274 1815 esset
1292 1762 1317 1809 ni
1333 1766 1428 1824 praem!

142 1835 220 1879 morte
236 1830 332 1891 juvenis
350 1826 461 1889 obiisset)
479 1828 626 1879 Horroocius
644 1837 741 1886 noster,
766 1837 872 1879 testatur
891 1828 993 1894 elegans
1011 1828 1071 1879 illud
1088 1836 1115 1878 et
1132 1843 1236 1881 aureum
1254 1845 1321 1893 opus.
1340 1831 1367 1880 de
1378 1830 1428 1883 l'sat

142 1899 207 1965 quod
224 1913 290 1950 anno
309 1907 426 1964 sequente
445 1896 539 1961 (1640)
559 1902 591 1950 ah
614 1901 666 1964 ipso
685 1902 863 1964 conscriptum,
886 1901 983 1950 delituit
1001 1896 1071 1964 (proh
1090 1900 1184 1961 dolori)
1211 1902 1314 1951 nimium
1330 1903 1381 1956 diu.
1401 1902 1428 1953 h

140 1972 248 2036 propitia
264 1971 366 2021 tandem
386 1971 519 2021 doctissimi
538 1970 736 2036 celoberrimique
754 1972 850 2022 Herelii
877 1986 952 2021 manu
980 1972 1155 2022 obstetricante
1181 1980 1238 2037 post
1261 1986 1339 2022 annos
1354 1970 1384 2021 21
1399 1972 1428 2023 th

142 2041 226 2108 procul
244 2050 310 2093 terra
328 2042 432 2093 ieliciter
448 2044 474 2093 iu
491 2044 571 2093 lucem
590 2043 686 2107 prodiit,
705 2058 751 2108 quo
764 2042 850 2093 Venus
863 2042 971 2108 Angla
983 2042 1104 2094 Mercurio
1116 2042 1320 2094 Dantiscano
1337 2059 1362 2095 ss
1373 2046 1428 2095 ossrl

97 2156 99 2160 ,
143 2114 256 2165 11111111
276 2137 311 2149 -

230 2184 289 2236 Jam
307 2185 339 2236 sd
357 2184 533 2250 Keplerum
552 2186 682 2236 redeuutes
699 2186 763 2236 haec
781 2199 915 2236 monemus.
932 2180 935 2185 ’

230 2272 254 2324 J.
274 2272 440 2327 Herelius.
466 2288 539 2338 quem
557 2275 640 2324 omnia
657 2275 758 2339 Kepleri
776 2274 944 2338 manuscripta
962 2272 1095 2323 obtinuisse
1113 2273 1218 2323 diximus
1235 2270 1302 2334 (Vol.
1321 2274 1342 2325 l.
1359 2274 1428 2343 pagi

143 2345 207 2396 baec
229 2346 260 2395 de
278 2344 419 2409 Hipparcho
438 2345 540 2409 Kepleri
559 2346 591 2394 ad
610 2346 765 2395 academiam
783 2345 965 2396 Londineusem
984 2346 1137 2409 perscripsit:
1163 2347 1249 2405 „inter
1264 2350 1421 2412 1111111111

143 2417 235 2468 eminet
252 2416 427 2480 Hipparchus,
455 2431 603 2481 quamquam
621 2432 670 2467 non
689 2419 738 2475 slt,
765 2424 793 2467 ut
810 2431 855 2481 par
873 2422 918 2471 eet,
938 2417 1063 2482 digestus,
1081 2418 1122 2481 qni
1140 2422 1225 2466 tamen
1243 2428 1328 2480 posset
1345 2422 1428 2484 sqsq'

143 2487 230 2538 harum
248 2502 330 2538 rerum
348 2489 426 2551 perito
445 2494 471 2537 et
494 2490 544 2537 etio
571 2489 713 2538 abundante
731 2489 805 2538 facile
823 2491 848 2538 in
868 2488 978 2538 ordinem
996 2486 1074 2553 redigi
1093 2495 1119 2537 et
1137 2487 1260 2537 absolri.“
1297 2489 1364 2540 Tala
1379 2504 1428 2554 „pu

143 2565 170 2609 st
187 2561 237 2609 otio
250 2559 398 2609 abundans“
417 2573 489 2608 nemo
507 2559 556 2609 huo
567 2573 645 2623 usque
657 2562 759 2617 exstitit.
778 2574 810 2609 ne
822 2560 895 2610 sociis
912 2559 1011 2624 quidem
1023 2558 1169 2609 academiae
1179 2558 1388 2624 Petropolitanae,
1401 2564 1428 2626 qd

143 2631 288 2681 mandatum
306 2631 353 2681 tuit
370 2630 417 2681 hoo
434 2645 523 2680 munus
541 2632 573 2681 ah
591 2632 746 2694 imperatrice
764 2631 871 2682 Rustica
889 2630 1026 2681 catharina
1039 2630 1074 2688 11.
1094 2637 1192 2680 tanturn
1209 2633 1254 2680 otii
1271 2631 1327 2693 1111,
1346 2640 1373 2683 ut
1387 2646 1428 2683 aa

144 2708 197 2752 turn
224 2703 270 2755 hoc
299 2709 421 2752 curarent.
457 2701 663 2753 Hanschius
681 2703 792 2767 quidem,
816 2702 918 2752 Heselio
936 2708 1031 2751 mortuo
1049 2709 1138 2752 nactus
1155 2701 1200 2751 ills
1216 2704 1391 2769 mammeripta.
1404 2719 1428 2755 ss

144 2775 209 2837 typis
227 2774 346 2823 mandare
364 2762 601 2838 sibi'proposueret.
621 2775 655 2823 nil
674 2789 729 2824 rero
749 2781 846 2839 praeter
865 2773 989 2837 Epistolas
1007 2773 1194 2836 imprimendum
1213 2776 1325 2834 eumue,
1348 2790 1428 2841 quarrq

145 2844 264 2909 peculiari
275 2847 365 2909 scripto
384 2853 536 2895 astronomos
553 2845 585 2896 de
599 2845 693 2896 edendo
705 2845 845 2911 Hipparcho
859 2847 973 2895 certiores
986 2845 1053 2895 tecit
1079 2844 1166 2905 (Micb.
1179 2844 1254 2894 Gottl.
1268 2845 1379 2903 Hanseh,
1389 2844 1428 2897 Ν

143 2918 173 2967 Β.
192 2916 290 2967 Mariae
307 2916 416 2982 Virginis
435 2917 459 2965 ln
479 2917 616 2967 Academia
639 2917 761 2981 Lipsieusi
786 2916 932 2981 Collegiati‚
959 2917 989 2966 de
1008 2930 1080 2981 opere
1099 2915 1252 2981 Kepleriano
1269 2906 1417 2983 dvssdosq,

142 2986 347 3051 Hipparchi
365 2998 461 3037 nomen'
473 2995 524 3044 est,
552 2988 584 3037 ad
602 3003 686 3037 omnes
706 2990 869 3051 astronomiae
888 2987 1011 3037 consultos
1030 2994 1184 3052 ceterosque,
1205 2988 1247 3054 qul
1265 2988 1370 3040 siderum
1385 2990 1428 3039 stis

144 3057 307 3116 delectantur,
326 3058 443 3121 Epistola.
469 3059 535 3123 Lips.
558 3056 647 3119 11011.)

231 3148 267 3197 Ex
295 3148 343 3197 hac
362 3148 510 3211 „Epistola”
536 3149 600 3199 haec
619 3148 766 3212 apponenda
784 3159 926 3198 censemus:
955 3145 1168 3208 Quemadmodum
1193 3146 1278 3198 divina
1305 3154 1331 3199 et
1352 3148 1428 3212 philost

146 3219 289 3283 dignissima
307 3220 435 3282 occupatio
464 3226 501 3269 est
520 3216 713 3281 (1111111111),
733 3220 769 3268 ita
788 3221 863 3269 etiam
882 3219 1096 3283 praestantissima
1113 3220 1214 3282 quaeris
1233 3221 1340 3270 omnium
1356 3227 1428 3283 unp«

144 3291 247 3355 ingenia
266 3291 382 3340 exercuit.
420 3290 491 3351 Quae
517 3293 581 3342 inter
599 3292 682 3355 elapso
701 3291 798 3341 demum
816 3292 899 3341 seculo
918 3291 1024 3339 divinum
1046 3291 1122 3339 stiam
1141 3289 1245 3355 Kepleri
1263 3291 1342 3341 illth
1356 3291 1428 3356 iugi

143 3362 207 3424 quod
225 3367 296 3425 prout
313 3361 446 3426 praeclaris
464 3363 569 3428 ingeniis
586 3363 707 3413 familiare
726 3377 779 3412 esse
797 3370 864 3412 recte
882 3364 959 3412 sentit
975 3361 1053 3418 Philo,
1072 3357 1165 3409 neus
1182 3374 1364 3428 actroropsasv
1377 3372 1420 3411 m

143 3426 305 3498 insmqpqs,
329 3433 420 3482 relictis
439 3433 643 3484 Ptolemaicorum
661 3435 727 3484 tricis
745 3434 859 3484 methodo
877 3433 953 3482 multo
971 3433 1110 3496 simpliciori
1133 3444 1208 3498 atque
1231 3432 1371 3485 erideuaort
1384 3426 1428 3494 eth

142 3504 244 3561 Terrae,
263 3518 324 3569 quas
343 3502 441 3554 Solsres
460 3505 571 3563 dicimus,
590 3506 754 3556 determinare
772 3506 863 3563 docuit,
883 3505 1036 3554 tundamentl
1054 3504 1108 3555 loco
1127 3511 1238 3555 assumto
1256 3511 1382 3569 systemata
1393 3502 1428 3568 ph

144 3582 224 3626 tarum
244 3574 402 3639 Copesnioeo.
428 3575 571 3626 Methodum
590 3578 669 3641 ipsam
688 3579 799 3641 exposuit
816 3578 842 3626 in
861 3577 973 3641 Epitome
992 3579 1057 3625 hstr.
1078 3574 1138 3639 Cep.
1159 3590 1189 3626 ee
1206 3576 1357 3633 redeuntem,
1371 3580 1428 3627 1111.

142 3648 288 3712 spectatoris
305 3648 332 3697 in
351 3648 424 3697 Luna
448 3649 585 3713 supposito,
606 3649 714 3699 calculus
733 3648 851 3712 eclipseos
869 3648 1001 3698 Terrestris
1025 3663 1074 3697 uon
1093 3661 1165 3696 secas
1183 3647 1336 3707 instituatur,
1353 3661 1378 3696 sc
1390 3656 1425 3694 tn

142 3718 357 3769 TerraLnnarom
369 3719 525 3782 adspicimus.
551 3720 612 3769 (lum
631 3721 695 3771 enim
715 3726 773 3769 ante
786 3720 920 3784 Keplernm
939 3719 1056 3769 tenebrae
1069 3718 1195 3782 eclipsium
1208 3716 1331 3768 Solarium
1346 3732 1384 3767 non
1397 3713 1428 3763 ah

143 3803 173 3840 ac
191 3790 213 3839 si
232 3790 282 3839 reri
295 3797 378 3840 essent
395 3789 456 3840 lucis
475 3791 585 3841 deiectus
603 3794 629 3841 in
648 3790 713 3848 Sole,
733 3796 908 3845 tractarentur,
927 3790 1084 3855 calcuinsque
1101 3791 1208 3839 maximo
1228 3803 1284 3839 cum
1302 3790 1376 3840 taedio
1388 3782 1428 3847 hul

142 3863 253 3927 simoque
271 3876 426 3912 numerorum
445 3869 567 3926 apparatu
579 3878 622 3927 pre
640 3863 813 3913 larsaLunari
830 3864 961 3926 uuicuique
974 3861 1077 3911 Telluris
1095 3862 1150 3911 loco
1168 3869 1327 3925 competente
1339 3855 1428 3926 111ιῦ

143 3932 313 3997 suscipiendas
331 3941 409 3994 esset,
429 3932 498 3983 nulla
515 3935 612 3985 interim
631 3935 726 3984 ratione
738 3935 809 3992 inita,
828 3949 902 3998 quem
914 3934 1032 3983 tenebrae
1043 3935 1108 3983 istae
1119 3933 1211 3982 faciem
1222 3934 1351 3984 micenae
1359 3931 1428 3981 ten·

144 4004 281 4068 superficiei
307 4003 453 4055 inductusse
472 4011 564 4067 esseut,
583 4013 673 4070 etque
691 4012 800 4068 tempore
818 4012 958 4069 quantaque
976 4004 1146 4070 magnitudine
1163 4004 1328 4067 spectandam
1346 4019 1369 4054 ss
1384 3994 1428 4066 pfl

143 4082 200 4126 tura
217 4080 284 4126 esset
302 4074 399 4139 eclipsis
417 4074 509 4126 Solaria
532 4077 632 4127 cuilibet
650 4077 752 4127 Telluris
770 4078 872 4127 tractui:
897 4075 1019 4139 Keplerus
1038 4082 1124 4126 contra
1141 4075 1237 4126 nnllam
1253 4075 1302 4126 subl
1319 4076 1428 4128 1111111

143 4146 292 4203 arbitratus,
320 4162 378 4205 our,
405 4146 479 4198 Luna
495 4147 620 4213 Terraque
646 4154 745 4198 mutuas
770 4150 795 4197 in
814 4148 984 4199 subtrahendis
1003 4146 1067 4199 Solis
1085 4146 1160 4197 radlia
1178 4146 1226 4197 sibi
1243 4147 1311 4198 rioes
1327 4140 1428 4200 redd*

143 4219 245 4268 umbrae
271 4219 470 4283 penumbraeqne
497 4218 583 4283 (quam
610 4221 701 4284 primas
727 4221 780 4284 ipse
808 4220 834 4268 in
854 4220 1028 4269 astronomiam
1045 4214 1189 4279 introduxit)
1209 4218 1306 4269 humari
1322 4234 1368 4271 uon
1382 4208 1428 4269 d

144 4288 260 4340 effectum
282 4291 309 4339 in
336 4282 465 4340 aoriluuiis
491 4292 620 4348 tribueret,
644 4305 717 4356 quam
745 4291 846 4341 umbrae
864 4291 987 4341 Terrenae
1012 4290 1038 4339 in
1055 4289 1195 4353 pleniluniis
1221 4292 1356 4342 communis
1369 4289 1428 4341 hsfl

144 4365 336 4411 astronomorum
362 4375 495 4412 consensus
523 4364 692 4429 assignasset,
718 4362 774 4414 hinc
797 4362 924 4428 utrobique
950 4361 1067 4411 simihbus
1091 4363 1128 4411 uti
1155 4362 1282 4426 principiis
1299 4377 1349 4415 non
1364 4360 1428 4414 Νι

144 4445 200 4481 cum
225 4432 312 4497 oppido
338 4433 496 4483 manifestum
514 4435 563 4494 sit,
591 4434 795 4498 quemadmodum
817 4435 843 4482 in
861 4434 1000 4499 pleniluniis
1017 4448 1066 4483 non
1085 4431 1141 4489 Sol,
1158 4432 1299 4485 sed-Luna
1315 4450 1343 4488 re
1357 4426 1428 4501 ipss!

144 4501 238 4553 lamine
257 4504 366 4567 privatur
377 4504 470 4554 Terrae
488 4507 641 4570 interpositu,
659 4506 696 4555 ita
714 4512 740 4554 et
757 4506 863 4556 vicissim
875 4504 976 4555 Terram
994 4505 1021 4554 in
1038 4504 1168 4555 noviluniis
1186 4505 1221 4556 ah
1230 4502 1428 4573 umbrapsud

144 4572 238 4623 Lunari
257 4575 353 4630 obduci,
372 4577 514 4641 neutiquam
532 4592 588 4627 sero
602 4577 683 4628 Solem
702 4578 784 4627 lumen
803 4592 872 4627 suum
891 4578 1013 4632 amittere,
1031 4576 1150 4641 adeoque.
1169 4576 1235 4642 qnod
1252 4577 1315 4629 inde
1330 4574 1428 4643 Μ

144 4658 192 4694 111
210 4644 275 4709 ipsos
294 4645 405 4697 deiectus
423 4647 521 4698 luminis
540 4647 632 4700 Solaria
650 4650 675 4698 iu
694 4649 771 4697 Terra
789 4662 818 4697 ex
836 4647 924 4699 Lunae
948 4649 1088 4698 intenentn
1104 4653 1170 4697 ortos
1189 4661 1206 4698 a
1228 4648 1367 4703 deleutibm
1381 4644 1428 4713 β’

146 4715 171 4765 11
190 4715 264 4766 Luna
290 4717 416 4768 eTerrse
443 4721 587 4783 interpositu
611 4721 735 4785 productis
759 4719 863 4769 dimne.
902 4719 974 4781 Quae
1002 4720 1194 4777 comittunt,
1220 4724 1340 4773 munds
1359 4720 1428 4789 lu·

147 4787 274 4851 eclipsium
299 4789 424 4854 principiis
442 4791 517 4841 simili
533 4807 631 4856 prorsus
648 4791 720 4843 modo
738 4790 859 4841 Terreuss
876 4791 1002 4849 tractant,
1021 4797 1048 4842 st
1064 4796 1125 4842 ante
1142 4793 1228 4845 omnis
1244 4800 1332 4845 eeuuo
1347 4789 1428 4845 uehi

147 4858 244 4919 husae·
254 4864 365 4935 emaum
388 4867 484 4915 muuto
501 4866 655 4931 1111111111
672 4862 909 4918 semidiauetsosum
926 4862 990 4917 disci
1008 4862 1118 4921 Teneat
1134 4877 1183 4919 aes
1199 4878 1257 4918 aaa
1269 4866 1407 4921 thesea
1416 4874 1428 4927 ι
