3278 5550
651 304 815 358 marsu-
994 265 998 273 ’
1339 306 1404 378 ere

101 485 173 549 lidit
197 485 370 548 collectioni
392 484 570 566 inscriptae:
594 484 860 564 Uranologion‚
884 484 948 546 sire
963 485 1106 568 Systema
1127 489 1277 552 variorum
1294 490 1403 554 autho-

101 595 132 651 n,
169 576 222 657 qni
249 576 290 637 de.
315 575 445 655 sphaera
477 594 512 636 ac
536 575 684 637 sideribus
712 592 871 654 eorumque
902 575 1031 636 motibus
1059 573 1179 639 Graece
1210 583 1405 643 commentati

101 673 123 727 rt
149 665 237 739 (Lut.
261 664 332 726 Par.
359 660 468 737 1630).
515 665 614 727 Unum
638 664 700 726 fere
723 662 866 725 habemus
890 672 999 726 testem
1023 664 1059 727 de
1075 665 1240 746 Hipparchi
1263 676 1405 731 astrono-

101 776 113 816 s
142 754 421 826 Ptolemaeum,
452 753 501 834 qui
531 753 613 815 illius
641 752 900 815 observationibus
923 762 955 815 et
978 752 1194 836 hypothesibus
1217 756 1404 821 fundamenti

101 863 119 907 c
145 862 240 918 usns,
263 842 465 923 superstmxit
487 842 534 904 his
558 843 664 906 librum
688 861 790 917 suum,
814 860 900 922 quem
928 841 1001 904 dicit
1024 843 1161 922 Marcius
1184 842 1339 920 Σνηαξιν,
1365 847 1403 908 ab

101 931 213 997 sbibru
234 932 275 993 ad
292 938 397 993 nostra
420 941 556 1012 tempora
578 938 681 994 notum
704 930 759 993 sub
784 930 871 993 titulo
894 930 1165 1012 Almagestum.
1211 934 1332 998 Passim
1354 935 1403 997 hic

101 1021 189 1085 rnrrit
205 1039 311 1084 nomen
325 1020 490 1101 Hipparchi
504 1020 643 1083 maximis
662 1019 773 1082 additis
787 1018 935 1082 laudibus.
956 1020 1040 1082 Libri
1054 1021 1093 1085 V.
1109 1022 1256 1101 capitibus
1271 1021 1403 1097 ,11—15

101 1128 140 1174 un
164 1118 288 1173 secutus
312 1108 410 1185 Solis,
439 1109 543 1172 Lunae
567 1117 599 1172 et
621 1111 733 1172 Terrse
757 1109 920 1172 diametros
943 1110 996 1171 hc.
1021 1120 1177 1190 comparat
1199 1112 1403 1190 Ptolemaeus,

101 1208 213 1263 remste
236 1218 308 1262 usus
332 1200 410 1279 quod
430 1199 646 1279 supradictum
665 1206 713 1261 est
733 1198 939 1280 „diagramma
952 1199 1137 1282 Hipparchi“
1162 1197 1274 1284 (Onmp
1288 1202 1354 1284 lig.
1374 1202 1402 1266 1.

101 1290 261 1372 ruentem),
285 1287 433 1351 theoriam
456 1288 642 1350 constituens
665 1288 768 1350 horum
791 1306 955 1368 corporum.

147 1378 299 1458 Keplerus
321 1377 353 1439 in
376 1378 511 1458 sequenti
536 1377 611 1439 libro
634 1378 712 1440 hanc
736 1377 893 1452 theoriam,
920 1376 1127 1441 subtilioribus
1150 1378 1271 1459 adjutus
1295 1378 1401 1442 obser-

101 1467 244 1543 tionibus,
261 1467 419 1529 emendare
436 1476 562 1529 conatus
576 1475 632 1540 est,
648 1486 709 1528 rem
720 1485 801 1542 vero,
812 1485 991 1546 quamquam
1004 1467 1114 1531 iterum
1128 1468 1295 1549 iterumque
1310 1468 1348 1531 sd
1363 1468 1403 1532 il-

101 1576 281 1630 nrerersus,
298 1556 504 1636 imperfectam
516 1555 644 1636 reliquit,
661 1555 866 1618 deficientibus
885 1555 1145 1620 observationibus
1156 1556 1403 1631 accuratioribus,

101 1665 148 1711 nm
179 1645 269 1719 illae,
308 1664 383 1725 quae
413 1645 471 1725 ipsi
498 1653 622 1724 praesto
650 1645 750 1717 fuere,
782 1644 911 1709 nondum
935 1645 1115 1707 sufficerent.
1161 1647 1233 1728 lpse
1255 1645 1404 1724 Keplerus

101 1736 172 1799 ssim
196 1734 304 1796 librum
327 1734 404 1796 hunc
427 1734 457 1796 in
481 1734 620 1814 operibns
644 1733 706 1796 suis
730 1740 762 1795 et
783 1733 879 1795 literis
905 1733 1033 1813 privatis
1064 1734 1138 1798 dicit
1169 1753 1246 1797 nunc
1268 1735 1404 1797 conscri-

101 1825 198 1899 ndum,
222 1841 299 1885 nuno
323 1842 438 1903 quoque
462 1823 549 1904 quasi
572 1822 781 1902 conscriptum,
806 1841 894 1903 quam
910 1823 948 1884 ob
964 1842 1026 1886 rem
1041 1823 1127 1887 molti
1146 1823 1314 1907 aequalium
1329 1842 1404 1905 opus

101 1912 173 1977 sab'
186 1911 480 1993 ipsoefflagitabant
493 1913 541 1973 vel
564 1931 622 1974 non
647 1912 812 1975 obtinuisse
836 1912 994 1990 legendum
1017 1931 1106 1993 aegre
1130 1913 1208 1977 ferre
1231 1931 1264 1974 se
1287 1913 1404 1995 publice

101 2002 286 2067 shtebantur.
338 2001 359 2063 J
367 2001 534 2063 eremias
563 2001 794 2063 Horroocins
823 2001 902 2063 inter
936 2002 993 2064 hos
1028 2002 1141 2081 primus
1171 2002 1314 2065 dicendus
1346 2011 1404 2075 est,

101 2091 188 2157 n-nb
211 2090 322 2171 ingenii
346 2090 558 2170 doctrinaeque
582 2090 791 2163 subtilitatem,
815 2098 879 2152 tum
901 2089 940 2152 ob
963 2091 1144 2171 singularem
1168 2110 1256 2171 quam
1272 2084 1406 2154 exhibuit
1502 2100 1505 2105 ⁴

101 2182 192 2263 rplero
214 2179 431 2256 reverentiam,
464 2198 553 2260 quam
580 2186 732 2242 testantur
759 2198 811 2254 ea,
849 2199 925 2261 quae
954 2179 1034 2242 infra
1066 2189 1243 2260 sequnntur,
1272 2199 1406 2260 quaeque

101 2271 259 2333 sumsimus
283 2288 321 2330 ex
344 2268 438 2340 libro,
468 2287 554 2348 quem
578 2268 674 2331 edidit
694 2268 715 2330 J
725 2286 868 2331 oannes
890 2267 1056 2343 Wallis,
1089 2267 1303 2343 ,Geometriae
1331 2287 1405 2348 pro-

101 2377 158 2423 rsor
189 2356 360 2422 Savilianus
389 2354 560 2432 Osoniae,“
586 2364 619 2419 et
640 2356 809 2438 inscripsit:
844 2356 893 2432 „J.
926 2358 1144 2429 Horroccii,
1180 2357 1405 2437 Liverpolensia

101 2448 163 2529 egli,
189 2466 227 2509 ex
249 2446 424 2509 Palatinatn
447 2447 660 2519 Lancastriae,
683 2443 811 2527 Opera
832 2447 1053 2526 posthuma.
1099 2446 1267 2508 Videlicet:
1290 2447 1405 2510 Astro-

101 2536 161 2601 mis
182 2535 369 2616 Kepleriana
391 2536 516 2597 defensa
539 2542 570 2598 et
591 2541 739 2616 promota.
776 2534 929 2616 Excerpta
944 2556 982 2598 ex
996 2537 1133 2617 epistolis
1150 2536 1189 2597 ad
1208 2534 1406 2600 Crabtraeum

101 2646 155 2691 sus
216 2623 467 2688 Observationum
500 2625 676 2687 coelestium
707 2625 874 2705 catalogus.
920 2625 1024 2688 Lunae
1060 2624 1179 2688 theoria
1211 2625 1319 2687 nova.“
1349 2625 1404 2687 irc.

101 2715 207 2780 oudini
232 2710 344 2787 1678.)

139 2808 218 2862 Haec
238 2804 325 2878 igitur
344 2803 572 2859 Horroccius:
593 2802 784 2858 Dirinissimus
808 2802 956 2873 Keplerus,
978 2803 1096 2858 feliciter
1121 2803 1251 2858 adhibitis
1279 2804 1405 2874 specula·

101 2887 179 2945 sibus
209 2885 348 2957 physicis,
379 2900 460 2939 veras
491 2892 520 2939 et
549 2884 691 2939 naturales
720 2891 842 2938 motuum
870 2883 1030 2938 coelestium
1050 2899 1148 2938 causas
1170 2892 1254 2955 atque
1274 2884 1335 2938 ideo
1355 2901 1405 2957 gs·

101 2968 158 3024 iuss
179 2967 284 3022 orbium
310 2965 411 3020 formas
433 2958 548 3033 (saltem
567 2965 595 3019 in
615 2982 667 3019 sex
686 2960 834 3035 primariis)
856 2963 884 3017 in
905 2958 992 3018 lu'cem
1020 2965 1130 3018 tandem
1150 2964 1299 3035 protraxit,
1321 2972 1406 3036 atque

101 3048 133 3105 ris
150 3048 270 3118 undique
290 3045 491 3117 hypothesibus
512 3044 649 3108 innititur;
676 3044 705 3098 in
724 3063 757 3098 eo
778 3046 865 3099 solum
885 3061 1022 3114 peccans,
1049 3046 1118 3116 quod
1139 3062 1265 3100 numeros
1286 3052 1407 3099 motuum

118 3130 294 3201 planetarum
320 3125 538 3181 eccentricitates
569 3144 623 3180 non
652 3125 775 3195 praecise
801 3124 1053 3179 recteconstituit
1094 3124 1142 3179 Sin
1167 3132 1260 3180 autem
1280 3142 1406 3181 numeros

101 3224 124 3265 ss
143 3206 186 3277 (in
200 3208 267 3263 Tab.
288 3202 442 3275 Rudclph.)
462 3222 560 3276 parum
580 3212 736 3269 commutes,
759 3220 919 3260 consensum
939 3212 1097 3260 accuratum
1117 3213 1147 3260 et
1166 3213 1338 3260 constantem
1359 3208 1406 3260 ob·

101 3289 244 3344 nationum
258 3295 288 3341 et
308 3286 408 3340 calculi
427 3286 524 3340 merito
545 3286 697 3340 miraberis.
712 3287 843 3348 —Quod
865 3292 957 3339 autem
971 3286 1110 3355 Keplerus
1129 3285 1262 3349 fateatur,
1284 3302 1314 3339 se
1328 3285 1407 3340 lumi·
1494 3289 1497 3295 '

101 3369 164 3425 num
186 3366 307 3439 deliquia
320 3365 403 3421 aliter
416 3367 588 3431 obserrasse,
609 3382 690 3438 qnam
704 3367 820 3422 exhibet
834 3366 991 3421 tabularum
1011 3367 1141 3428 calculus,
1164 3367 1274 3421 tabulas
1290 3361 1406 3434 (liudol-

101 3446 172 3520 iuas)
203 3448 310 3519 quidem
338 3446 515 3517 imperfectas
544 3447 656 3519 arguit,
687 3449 736 3501 sed
764 3447 882 3501 animum
903 3464 933 3501 re
953 3462 1020 3500 rera
1040 3447 1203 3518 ingenuum,
1231 3454 1261 3500 et
1280 3445 1407 3501 veritatis
1519 3474 1522 3481 «

101 3528 164 3603 ψ,
193 3544 274 3600 qnam
294 3526 445 3581 immeritae
472 3527 562 3581 laudis
583 3527 742 3583 studiosum.
784 3527 915 3582 Nimirum
935 3544 989 3580 non
1010 3533 1073 3581 erat
1091 3525 1140 3580 ille
1165 3525 1246 3582 homo
1266 3534 1325 3581 tam
1343 3544 1406 3597 per·

101 3608 156 3667 sts'e
177 3608 291 3673 frontis,
322 3613 355 3662 ut
384 3607 518 3662 absurdas
548 3608 659 3680 quaeris
689 3607 826 3679 ampullas
846 3624 946 3679 magno
972 3608 1091 3661 clamore
1112 3606 1217 3678 ignaris
1238 3606 1406 3671 divenderet,

101 3692 137 3747 dn
156 3690 218 3761 ipse
238 3688 268 3743 in
287 3688 374 3743 hrcati
386 3688 489 3743 laboris
505 3688 662 3759 praemium,
684 3687 843 3742 brevissimo
866 3687 956 3742 inanis
975 3687 1083 3758 gloriae
1104 3688 1181 3751 flatu,
1203 3687 1405 3759 intumesceret,

106 3771 182 3829 laser
201 3769 352 3824 inconditos
372 3769 561 3838 plaudentium
581 3767 713 3838 strepitus
738 3769 846 3839 placide
863 3758 924 3823 'sihi
945 3768 1115 3823 adularetur.
1156 3767 1239 3821 Tales
1264 3784 1318 3839 ego
1343 3767 1408 3821 nori

101 3849 253 3915 nuspiam
269 3846 307 3897 his
320 3846 379 3896 dicit
390 3846 545 3905 Horroeeius,
565 3855 652 3898 conus
662 3860 742 3911 quem,
762 3846 896 3910 Keplsmm
908 3846 981 3910 longe
995 3845 1066 3896 alites
1083 3851 1219 3903 tuentem,
1238 3845 1272 3896 ibi
1288 3844 1406 3896 musmo

101 3929 189 3983 flur.
226 3927 311 3992 Gcmp.
333 3933 417 3977 annot
438 3927 471 3976 sd
489 3926 581 3977 comm.
600 3925 688 3976 llsrtis
707 3942 757 3976 nro.
778 3923 832 3989 fh),
852 3922 900 3973 sed
920 3919 1007 3974 talem
1025 3936 1105 3973 nemo
1119 3918 1196 3973 norit
1209 3918 1406 3989 Keplerum.

101 4003 210 4059 metior
237 4000 292 4056 nsit
319 4001 475 4056 mehercule
501 3996 637 4072 ingenuus
658 4000 706 4054 ille
736 4007 766 4055 et
794 3998 1029 4073 ingeniosissimus
1049 3999 1148 4064 heros,
1171 4013 1253 4071 quam
1272 4005 1317 4063 ut,
1338 4015 1406 4053 ause

101 4084 146 4141 iss
176 4081 266 4138 landis
295 4080 470 4145 buccinator,
500 4082 575 4151 apud
603 4079 723 4152 reliquos
751 4082 856 4136 nullam
882 4079 980 4135 merito
1003 4079 1148 4136 inveniret
1189 4083 1229 4134 At
1254 4079 1320 4134 mihi
1343 4094 1406 4133 cun

101 4164 146 4235 lde
160 4162 229 4219 licet
249 4161 278 4217 in
297 4161 413 4232 Kepleri
437 4162 519 4215 laude
540 4160 672 4216 arctiores
692 4160 842 4216 modestiae
863 4160 963 4215 limites
983 4160 1137 4223 transilirer
1158 4159 1225 4215 licet
1244 4159 1308 4214 mihi
1329 4158 1407 4213 illum

101 4260 145 4317 prs
165 4242 297 4298 mortales
312 4241 453 4304 admirarir
474 4242 541 4295 licet
561 4241 712 4314 egregium,
735 4241 927 4296 divinissimum
947 4247 998 4296 aut
1016 4240 1039 4297 si
1060 4241 1123 4313 quid
1143 4239 1232 4309 majus
1247 4240 1405 4310 appellare,

101 4322 265 4395 steleniqne,
287 4337 372 4392 snpra
385 4327 472 4376 totam
485 4320 738 4393 philosophantium
753 4322 874 4376 scholam
890 4322 936 4376 rel
955 4321 1062 4375 unicum
1076 4321 1229 4391 Keplerum
1249 4320 1405 4374 aestimare.

101 4422 139 4463 sss
159 4404 250 4460 solum
269 4402 360 4457 canite
380 4408 499 4473 poetae,
530 4401 559 4456 in
588 4403 673 4472 ipsius
703 4403 786 4457 laude
813 4401 959 4456 veritatem
989 4417 1127 4473 nunquam
1148 4399 1309 4472 aequaturi,
1332 4400 1405 4454 hunc

101 4502 147 4547 sss
166 4478 441 4553 terite'philcscphi‚
463 4485 496 4537 de
517 4481 565 4537 illo
586 4482 667 4547 certi,
689 4484 793 4537 habere
815 4482 897 4536 istum
917 4481 1015 4545 omnia,
1037 4480 1083 4552 qui
1103 4482 1191 4535 habet
1209 4480 1259 4534 Ke
1266 4479 1402 4549 plerum.

143 4562 192 4615 nu
209 4560 350 4626 praemissis
367 4562 464 4624 propius
487 4561 540 4610 edit
556 4559 701 4612 Horroecins
719 4560 821 4624 Kepleri
838 4573 925 4624 opera,
945 4560 1087 4624 praesertim
1105 4558 1214 4608 Tabulas
1232 4552 1403 4622 lindolphlnas

102 4641 281 4699 mnus.
300 4654 392 4692 errores
417 4642 442 4691 in
460 4641 508 4691 illis
525 4654 542 4690 a
559 4640 666 4705 Keplero
685 4643 824 4692 commissos
841 4642 948 4706 ingenue
965 4653 1107 4690 recensens:
1133 4638 1238 4698 ,motus
1260 4631 1402 4703 sequelae,

101 4716 190 4781 helia,
218 4713 452 4779 eccentricitates,
474 4714 578 4769 orbium
598 4715 788 4786 proportiones
809 4721 839 4768 et
860 4714 921 4769 alis
939 4712 1095 4783 hujusmodi
1118 4730 1173 4767 non
1192 4712 1260 4767 satis
1280 4711 1404 4782 praecise

101 4796 201 4855 hesit
241 4796 282 4856 Et
300 4794 364 4871 hine
382 4793 567 4859 factumest,
596 4795 708 4850 tabulas
728 4795 853 4866 Kepleri‚
875 4793 928 4849 etsi
949 4793 1072 4848 omnibns
1092 4792 1155 4849 aliis
1175 4790 1401 4867 praestantinrps,

101 4875 233 4952 puentiis
253 4883 348 4930 tamen
366 4892 421 4931 uon
441 4893 523 4949 posse
543 4874 572 4929 in
591 4875 706 4930 minimus
726 4875 895 4934 umnam.
922 4874 974 4931 llls
994 4880 1088 4931 autem
1107 4872 1239 4944 exiguam
1257 4873 1330 4929 hano
1349 4871 1403 4928 dis·

133 4970 316 5026 sess-eom
334 4970 371 5015 ru
1159 4963 1193 5020 tt
