3278 5550
512 301 575 357 Pars
592 302 686 357 Tertia.
724 304 806 371 capnt
823 303 948 358 mvn.
1338 304 1404 375 313

119 477 232 541 rarinm
256 478 375 557 undat,
397 498 514 544 rursum
536 481 628 560 igitur
650 483 737 546 tarde
760 484 927 548 movebitur
950 503 989 545 ex
1012 480 1037 547 0
1060 482 1090 546 in
1113 483 1150 548 L.
1196 484 1312 567 Nempe
1344 506 1403 550 non

119 587 130 630 s
162 568 214 642 fit,
247 576 282 632 ιιι
309 569 426 633 Lunam
449 569 514 634 Soli
547 571 757 652 permittamus
779 596 798 636 a
821 575 914 639 Terra
946 573 1079 637 liberam.
1126 574 1294 638 Aberraret
1326 576 1405 640 enim

119 677 176 739 que
201 679 222 720 a
244 660 349 733 Terra,
372 669 406 723 ιιι
428 679 567 742 apogaea
589 680 609 723 a
631 662 706 724 locis
730 663 792 726 suis
817 665 968 727 aberrant.
1017 661 1095 735 Quin
1120 665 1222 744 potius
1245 665 1405 729 tribuenda

119 746 158 810 nri
182 748 234 811 rie
261 747 413 812 retentiva
434 748 555 826 Lunae,
589 770 643 814 eeu
673 759 783 815 catena
804 755 966 836 quaedam,
998 772 1076 833 quae
1104 763 1200 828 esset,
1235 755 1293 817 etsi
1317 755 1405 818 Luna

119 855 172 899 sm
193 838 285 917 plane
299 857 359 901 non
381 839 566 915 circumiret;
589 848 700 921 etqua
721 842 822 922 posita
844 844 931 907 Luna
952 861 1016 904 cum
1034 843 1129 905 Terra
1146 844 1232 924 quasi
1255 845 1285 906 in
1299 845 1404 906 eadem

126 925 241 1003 fertur,
266 947 372 1008 nempe
394 928 424 990 in
449 929 554 992 e'adem
577 929 688 992 virtute
703 930 794 1009 Solis,
815 933 948 1016 jamque,
973 932 1060 1013 quasi
1082 932 1140 995 hoc
1163 941 1244 995 motu
1268 953 1307 996 ex
1330 932 1403 996 Sole

119 1034 138 1077 a
162 1023 269 1092 esset,
292 1016 433 1097 privatim
456 1040 476 1080 a
497 1020 592 1081 Terra
615 1026 741 1084 rotatur.
787 1023 895 1103 Itaque
919 1021 1085 1085 celeritatis
1109 1022 1138 1083 in
1163 1020 1206 1097 Ο,
1232 1019 1258 1084 O
1282 1041 1404 1085 causam

129 1103 233 1167 aliam
256 1124 325 1168 esse
347 1114 435 1187 puto,
468 1126 558 1190 quam
580 1127 660 1185 eam,
693 1111 772 1190 quod
795 1111 821 1173 T
843 1112 938 1175 Terra
961 1110 1102 1173 virtutem
1125 1111 1265 1173 movendi
1287 1112 1404 1174 Lunam

130 1191 215 1256 Sole
230 1194 342 1270 bausit,
367 1216 493 1278 eamque
510 1197 733 1261 continuatione
752 1200 849 1262 lineae
869 1200 926 1263 TS
945 1209 1114 1264 conservat.
1153 1202 1260 1279 Itaque
1275 1199 1403 1265 SCTO

119 1290 151 1345 to
179 1282 331 1348 diameter
362 1287 498 1350 virtuosa
527 1287 673 1367 appellari
702 1296 821 1368 potest,
854 1309 920 1352 cum
942 1289 974 1352 hi
998 1289 1055 1352 duo
1086 1290 1185 1352 lentes
1216 1290 1278 1352 sint
1308 1290 1403 1352 omnis

120 1392 151 1448 a,
178 1393 291 1454 nempe
313 1375 340 1437 T
362 1383 395 1437 et
417 1374 451 1438 S.

124 1462 203 1526 Hoc
226 1464 306 1526 enim
328 1464 428 1545 posito
458 1472 600 1547 sequetur
623 1468 715 1532 etiam
743 1467 798 1528 illa
820 1466 1022 1547 inaequalitas
1053 1474 1207 1529 menstrua
1228 1466 1404 1530 Ptolemaeo

119 1602 121 1609 .
172 1552 260 1616 Nam
288 1553 315 1615 si
345 1554 440 1617 virtus
462 1554 493 1616 in
518 1554 553 1628 0,
578 1555 605 1618 Ο
630 1558 736 1620 fortior
758 1561 808 1617 est
829 1576 918 1637 qnam
950 1557 978 1617 in
1002 1558 1038 1630 F,
1060 1556 1097 1631 L,
1121 1557 1209 1636 lapsa
1237 1575 1274 1618 ex
1298 1557 1402 1619 eodem
1489 1616 1497 1638 ·.

119 1670 121 1683 ·
146 1641 195 1703 T:
221 1661 294 1723 ergo
318 1643 345 1704 si
369 1662 533 1724 apogaeum
557 1644 587 1707 in
603 1643 639 1723 O,
664 1646 692 1709 Ο
715 1653 864 1721 versatur,
888 1647 985 1725 majus
1001 1646 1140 1706 damnum
1164 1645 1329 1708 celeritatis
1342 1654 1400 1718 est.

119 1750 128 1793 ι
153 1732 185 1793 si
210 1731 253 1794 sit
275 1751 442 1812 apogaeum
465 1732 495 1795 in
518 1734 560 1807 F,
583 1735 620 1798 L.
668 1736 802 1816 Majores
826 1754 897 1816 ergo
922 1735 1117 1815 aequationss
1146 1753 1183 1798 ex
1213 1753 1348 1815 apogaeo
1373 1733 1401 1796 0

119 1817 139 1884 3
165 1821 340 1883 redundant
368 1820 398 1883 in
426 1824 461 1896 F,
488 1822 527 1897 L,
558 1843 646 1904 quam
674 1844 713 1887 ex
743 1843 877 1905 apogaeo
901 1827 927 1887 F
949 1825 998 1886 vel
1022 1825 1049 1886 L
1071 1823 1101 1886 in
1126 1821 1162 1900 C,
1188 1822 1226 1900 0,
1257 1824 1400 1906 conjunc-

119 1928 140 1972 a
166 1919 201 1972 et
225 1910 442 1991 oppositiones.

127 1999 235 2062 Vides
266 1998 366 2081 igitur,
399 2000 620 2081 speculationes
655 2001 747 2065 hasce
779 2001 921 2085 physicas
954 2003 999 2065 ita
1030 2008 1222 2082 comparatas
1246 2020 1333 2078 esse,
1368 2011 1403 2064 ut

119 2089 269 2152 nLnnae
296 2088 511 2170 phoenomenis
546 2093 678 2154 sufficere
706 2093 845 2172 possint3
876 2111 972 2174 neque
1002 2091 1122 2154 incitari
1146 2091 1263 2153 Lunarn
1287 2110 1307 2152 a
1329 2089 1401 2154 Sole

119 2179 199 2253 ario,
222 2186 257 2241 nt
280 2179 403 2241 Terram
426 2179 656 2256 circumveniat,
680 2182 734 2242 sed
758 2203 777 2243 a
799 2181 911 2244 virtute
937 2181 1039 2262 aliqua
1061 2181 1091 2242 iu
1115 2180 1210 2243 Terra
1232 2180 1299 2260 ipsa
1323 2179 1401 2241 deli·

119 2275 196 2344 rate,
230 2266 357 2348 indeque
390 2269 520 2350 speciem
548 2269 594 2331 sui
627 2269 857 2333 immateriatam
883 2271 920 2332 ad
945 2271 1049 2333 Lunae
1079 2287 1187 2349 corpus
1217 2269 1399 2349 ejaculante‚

119 2376 169 2421 cre
193 2365 295 2419 tamen
319 2357 349 2419 in
374 2357 470 2430 linea,
494 2375 571 2439 quae
595 2366 701 2421 centra
724 2359 806 2422 Solis
830 2360 978 2440 (primarii
1003 2358 1111 2432 fontis)
1136 2366 1167 2420 et
1190 2358 1301 2420 Terrae
1324 2377 1399 2420 cou-

119 2444 148 2509 it.
188 2444 345 2518 Quomodo
368 2459 441 2509 vero
465 2447 611 2510 diameter
633 2448 696 2511 ista
717 2449 879 2511 virtuosior
893 2449 1014 2523 evadat,
1039 2447 1160 2510 difficile
1176 2456 1224 2509 est
1246 2447 1399 2527 explicare

119 2533 163 2601 bs.
212 2536 293 2599 Nam
324 2555 420 2616 neque
443 2535 525 2598 Solis
554 2556 651 2617 neque
675 2539 786 2601 Terrae
819 2538 915 2599 virtus
946 2557 1090 2599 emanans
1122 2536 1151 2598 io
1176 2536 1294 2598 Lunam
1326 2544 1399 2599 tunc

119 2624 168 2689 nr
203 2635 267 2699 est,
300 2644 367 2688 cum
390 2626 477 2688 Luna
508 2624 538 2688 in
569 2626 647 2689 hano
671 2627 849 2689 diametrum
872 2626 992 2706 incidit.
1037 2626 1225 2706 Aequabiles
1258 2622 1336 2689 enim
1369 2633 1402 2687 et

119 2722 188 2778 stuc
212 2722 389 2777 constantes
413 2734 480 2776 esse
504 2715 609 2778 horum
632 2735 789 2798 corporum
804 2717 913 2796 (quare
929 2724 959 2778 et
981 2716 1161 2795 specierum)
1174 2713 1397 2789 'conversiones

119 2820 157 2869 Ιι
180 2804 261 2865 ratio
285 2811 341 2865 est.
388 2803 579 2884 Relinquitur
609 2824 679 2886 ergo
710 2806 806 2868 solum
830 2806 900 2880 hcc,
936 2806 1013 2885 qnod
1037 2805 1149 2868 dictum
1179 2811 1241 2878 est,
1275 2813 1308 2865 ut
1340 2821 1399 2865 non

119 2912 159 2957 sm
184 2893 319 2966 celerior,
345 2893 399 2954 sed
423 2902 524 2956 tamen
548 2895 700 2956 robustior
723 2896 765 2957 sit
787 2894 884 2957 virtus
908 2914 945 2956 er
971 2894 1065 2957 Terra
1088 2895 1222 2974 delapsa,
1246 2893 1276 2955 in
1300 2892 1398 2973 parti-

124 2982 224 3045 lineae
249 2981 304 3043 ST
326 2982 529 3063 propioribus:
566 3003 601 3045 eo
633 2985 710 3064 quod
744 2983 933 3066 originaliter
954 3003 1023 3064 'per
1050 2985 1149 3064 ipsam
1175 2983 1258 3045 illam
1289 2983 1398 3044 lineam

119 3071 174 3134 lole
199 3071 231 3135 in
255 3071 380 3133 Terram
404 3079 452 3133 est
475 3071 622 3136 derivata.

124 3162 208 3224 Esse
243 3169 344 3223 antem
367 3158 471 3223 Solem
500 3180 554 3223 sen
587 3162 760 3224 immediate
794 3182 847 3225 sen
879 3180 935 3243 per
967 3162 1015 3238 id,
1049 3161 1126 3241 quod
1150 3160 1262 3223 Telluri
1284 3167 1399 3222 motum

119 3270 171 3314 nm
201 3249 360 3323 conciliat,
393 3249 585 3330 praecipuum
609 3251 788 3314 directorem
815 3252 881 3332 ejus
910 3259 1022 3325 motus,
1058 3270 1143 3331 quem
1168 3250 1270 3313 Tellus
1293 3249 1397 3312 Lunae

119 3350 142 3417 t,
168 3340 200 3401 id
226 3340 354 3401 maxime
378 3339 580 3416 demonstrat,
606 3340 683 3421 quod
707 3342 850 3404 circuitus
873 3342 977 3403 Lunae
1006 3340 1060 3402 snb
1083 3339 1207 3402 zodiaco
1231 3339 1397 3414 conficitur,

119 3429 300 3494 tcircuitus
323 3428 418 3490 centri
441 3429 569 3491 Telluris
598 3449 729 3506 annuus,
763 3450 830 3494 cnm
858 3438 958 3493 tamen
989 3439 1088 3491 motus
1111 3427 1240 3490 Telluris
1263 3428 1397 3499 diurnus,

119 3521 220 3583 >unae
244 3538 328 3581 sunm
353 3526 466 3582 motum
490 3526 675 3582 menstruum
697 3520 800 3599 infert,
825 3519 881 3584 sub
905 3528 1068 3600 aequatura
1091 3518 1221 3582 incedat.

540 3929 659 4030 Caput
684 3928 904 4004 XXXVIII.

119 4104 204 4162 setae
221 4098 352 4176 procur
375 4107 565 4153 communem
580 4089 668 4153 Solis
690 4091 752 4152 cim
774 4092 935 4153 matricem
951 4090 1120 4173 praeditos
1142 4112 1208 4155 cese
1230 4093 1261 4157 ci
1280 4048 1451 4175 ιἐι.ιιίιι,’ἷ.·ιΙΙ

215 4191 243 4246 et
266 4188 368 4244 moces
391 4201 499 4243 eorum
521 4180 718 4262 maculemus
741 4180 886 4262 composi
908 4200 948 4243 en
970 4179 1094 4245 duabus
1116 4185 1230 4246 caucis.
1355 4178 1410 4241 :ab

128 4326 204 4389 Dixi
225 4325 262 4386 de
284 4323 365 4385 illius
382 4330 481 4386 motus
497 4321 619 4403 origine,
645 4321 694 4402 qui
718 4322 857 4401 planetas
882 4322 962 4385 circa
977 4319 1087 4396 Solem,
1112 4324 1160 4384 vel
1184 4324 1298 4385 Lunam
1317 4325 1397 4387 circa

119 4436 167 4478 am
191 4421 292 4490 rotat3
324 4413 381 4474 hoc
405 4421 453 4475 est
476 4414 513 4474 de
536 4412 636 4474 causis
667 4412 856 4473 naturalibus
885 4411 965 4474 illius
989 4410 1106 4486 circuli,
1140 4412 1240 4493 quiin
1271 4413 1396 4476 theoriis

119 4514 233 4568 starum
258 4522 311 4584 pro
335 4503 457 4564 diversa
490 4511 642 4564 auctorum
677 4500 844 4564 intentione
868 4502 916 4563 vel
940 4501 1124 4564 eccentricus
1153 4503 1202 4563 vel
1225 4503 1395 4566 concentui-

119 4594 301 4677 appellatnr.
338 4592 409 4655 Jam
425 4591 515 4654 etiam
539 4590 696 4654 dicendum
715 4591 752 4651 de
776 4590 906 4653 naturali
922 4610 1015 4653 cansa
1038 4590 1131 4670 ipsius
1148 4591 1394 4669 eccentricitatis,

119 4685 149 4747 in
172 4682 351 4762 particulari
377 4681 533 4763 Copemici
557 4679 728 4763 hypothesi,
755 4679 847 4759 ipsius
871 4680 995 4763 epicycli
1019 4678 1049 4741 in
1074 4681 1270 4745 concentrico.
1316 4682 1395 4744 Nam

121 4791 288 4837 amovens
312 4792 349 4832 ex
373 4771 444 4833 Sole
476 4771 622 4832 hactenus
653 4766 821 4851 aequabilis·
843 4769 912 4844 fuit,
947 4769 1151 4832 tantummodo
1179 4790 1233 4851 peu
1265 4771 1340 4834 alias
1364 4777 1396 4832 et

143 4862 323 4928 circulorum
348 4858 560 4942 amplitudines
591 4858 703 4938 gradus
727 4857 863 4921 diversos
886 4857 1015 4920 habens:
1050 4855 1199 4938 ingenium
1229 4877 1299 4924 vero
1329 4859 1394 4941 ejm
