3278 5550
651 264 811 325 Prooemium
1192 236 1195 241 ’
1340 264 1405 345 510

104 466 140 509 rs
165 446 363 528 geometricis
381 448 618 528 jucundissimis,
643 451 749 531 quibus
773 452 925 531 quantitas
948 450 1087 515 diametri
1109 452 1230 515 umbrae
1254 473 1319 517 cum
1341 475 1399 537 pa-

104 537 225 599 axibus
249 537 332 601 Solis
359 548 391 600 et
412 540 516 601 Lunae
540 549 571 600 et
593 539 815 601 semidiametro
839 540 921 603 Solis
951 541 1063 604 arctius
1094 543 1294 619 connectitur3
1325 546 1404 627 quod

104 636 206 688 :tenus
229 627 287 688 fuit
309 627 477 706 neglectum
501 629 538 690 ab
562 629 734 690 artificibus.
760 661 801 670 —

143 715 235 766 Finem
253 717 376 766 iacientes
394 716 451 765 buic
469 718 652 772 introductioni,
670 724 803 782 autequam
821 720 899 781 ipsum
917 716 1047 769 lectoribus
1059 720 1213 785 proponimus
1231 721 1404 787 fragmentum,

104 786 176 836 ribus
196 787 364 852 subjungimus
391 796 486 851 partem
510 789 628 852 epistolae
646 789 747 852 Kepisri
771 789 804 838 ad
821 789 1052 839 vincentium
1075 790 1289 849 Blauchium
1312 793 1403 852 talias:

104 872 146 907 uus
164 859 281 916 Alerauir
307 873 384 922 comp.
404 859 550 923 Hausch.p
579 856 641 908 000.
661 857 725 916 003)
753 861 841 922 datae,
858 868 887 910 ut
903 862 978 925 ipsius
995 862 1070 912 rerba
1088 862 1226 912 testimonio
1244 864 1294 913 siut
1311 879 1403 922 eorum,

104 942 121 978 e
138 928 216 994 sirpus
233 930 336 979 diximus
354 930 385 980 de
403 931 506 994 Kepleri
524 932 610 980 studiis
629 939 654 981 et
670 932 886 985 lucubrationibus.

147 1000 252 1082 Cujus·
264 1008 441 1072 (cunctationis
460 1013 485 1061 iu
505 1013 630 1076 operibus,
650 1008 713 1077 quae
731 1014 776 1062 sub
793 1013 907 1062 manibus
924 1009 1045 1074 babebat)
1068 1005 1277 1067 excusationes
1291 1006 1402 1068 multae

104 1098 132 1150 rt
157 1101 189 1151 et
212 1090 324 1152 variae.
359 1092 488 1155 Primum
513 1094 702 1156 calamitates
725 1095 812 1156 aulae
836 1093 890 1155 sub
912 1093 1088 1174 Rudolpho,
1116 1095 1267 1156 turbatum
1291 1104 1403 1158 starum

105 1177 145 1257 gui
176 1188 208 1240 et
230 1181 310 1242 mala
333 1182 512 1257 domestica,
542 1183 648 1262 quibus
677 1202 730 1263 per
758 1183 872 1262 aliquot
895 1200 990 1242 annos
1013 1202 1078 1244 sum
1101 1183 1260 1262 impeditus
1289 1189 1400 1256 (scripsit

105 1289 125 1326 rc
147 1276 271 1340 Keplerus
297 1293 320 1327 a
347 1274 442 1345 16¹9),
465 1293 521 1333 non
539 1283 641 1334 teneor
659 1282 823 1353 praestare.
862 1270 995 1341 Quorum
1010 1281 1198 1334 externorum
1210 1273 1401 1353 praecipuum

105 1376 120 1419 c
149 1367 196 1419 est
225 1362 318 1438 quod,
353 1380 420 1423 cum
450 1362 633 1441 adscriptum
662 1361 731 1423 mihi
760 1361 802 1422 sit
830 1361 972 1423 salarium
996 1380 1069 1422 sane
1093 1379 1180 1442 quarn
1203 1362 1358 1424 honestum
1383 1383 1401 1423 a

105 1463 209 1521 ιιιιιι,
238 1449 268 1509 id
301 1461 483 1512 tamennon
508 1450 650 1524 solvitur3
679 1451 736 1512 uisi
760 1471 780 1512 a
801 1450 1013 1513 communitate
1037 1449 1122 1530 hujus
1145 1451 1315 1530 provinciae
1340 1450 1401 1516 Or-

105 1554 158 1597 rum
181 1537 328 1599 modicum
352 1539 535 1621 acciperem,
561 1560 597 1601 ne
622 1540 739 1601 dorrium
763 1538 882 1620 quidem
906 1548 1077 1601 sustentare
1100 1557 1233 1618 possem,
1268 1540 1320 1601 sed
1344 1541 1401 1602 du·

105 1642 130 1686 m
151 1644 219 1687 cum
241 1628 387 1689 dedecore
409 1628 572 1710 principum
597 1638 771 1691 extraneam
795 1647 880 1711 opem
903 1628 1120 1707 implorassem.
1158 1628 1206 1690 Ex
1229 1630 1284 1690 hoc
1299 1630 1401 1711 sequi-

105 1730 121 1789 t,
154 1715 233 1795 quud
265 1737 333 1778 raro
368 1736 578 1779 amanuensem
612 1719 659 1779 alo
688 1729 720 1779 et
752 1719 976 1785 calculatorem.
1022 1717 1080 1778 Est
1103 1718 1173 1779 mihi
1193 1718 1257 1798 jam
1281 1719 1402 1781 sedulus

105 1802 223 1865 lsulator
253 1815 285 1866 et
311 1805 405 1868 totins
441 1806 614 1869 matheseos
645 1827 758 1887 capax,
795 1794 891 1868 Janbs
916 1804 1123 1884 Gringalletus
1146 1806 1319 1882 Sabandos,
1353 1807 1403 1891 qni

106 1911 133 1953 us
154 1888 386 1972 Ephemeridum
410 1896 438 1956 in
463 1916 557 1957 annos
576 1897 685 1958 multos
705 1896 853 1958 calculare
873 1903 978 1975 posset
991 1896 1021 1956 in
1036 1895 1109 1956 meis
1125 1896 1265 1957 aedibus:
1291 1905 1323 1957 at
1337 1904 1403 1957 cum

112 2000 165 2041 uon
186 1983 363 2045 satisfacere
380 1985 499 2062 possim
515 1986 653 2047 desertus
668 2007 687 2046 a
707 1985 917 2059 Caesareanis,
941 1985 977 2045 de
995 1985 1133 2046 diuturna
1150 1986 1212 2065 ejus
1231 1985 1404 2065 praesentia

106 2078 157 2131 tus
182 2089 368 2151 nequaquam
393 2092 467 2141 sum.
514 2075 645 2137 Rursum
668 2075 759 2154 igitur
781 2076 809 2135 iu
834 2092 880 2135 me
904 2075 999 2134 solum
1018 2074 1152 2135 recident
1168 2074 1284 2149 omuia3
1307 2091 1402 2156 nequa

106 2162 203 2221 revel
226 2161 331 2222 amicis
354 2164 519 2225 scribendis
543 2164 678 2242 epistulis
702 2164 851 2227 interdurn
875 2162 1004 2231 sufficio,
1028 2163 1134 2224 nedum
1159 2164 1196 2223 ad
1221 2163 1398 2225 calculatio-

106 2266 122 2309 r.
167 2249 246 2313 Sunt
269 2260 301 2311 et
323 2251 440 2332 aliquae
455 2271 602 2315 morarum
621 2271 730 2314 causae
749 2253 778 2314 in
795 2270 859 2314 meo
876 2250 1010 2331 iugenio:
1037 2271 1114 2326 ,non
1134 2251 1233 2313 omnia
1246 2271 1403 2331 possumus

106 2341 192 2401 ues.“
239 2339 364 2419 Neque
399 2361 473 2421 ego
506 2342 666 2404 ordinent
689 2353 826 2404 tenere
850 2360 1019 2420 possum:
1058 2352 1307 2420 extemporaueus
1339 2360 1405 2402 sum

107 2445 125 2501 ι,
148 2429 299 2503 confusus,
324 2430 404 2491 etsi
433 2431 501 2511 quid
527 2431 693 2493 ordinatum
718 2452 737 2491 a
759 2450 805 2492 me
828 2429 1040 2511 proficiscitur,
1065 2430 1165 2491 decies
1189 2431 1218 2491 id
1243 2429 1402 2511 repetitum

107 2556 118 2578 .
161 2517 355 2580 Interdum
377 2538 482 2580 error
505 2520 645 2582 calculi
669 2539 711 2581 ex
735 2519 1023 2601 properatione
1047 2520 1270 2581 commissus
1289 2519 1404 2599 longis-

107 2623 132 2666 ιο
168 2616 302 2684 tempore
335 2626 381 2668 me
414 2620 588 2673 remoratur.
636 2608 763 2670 Possem
796 2627 868 2669 saue
900 2608 1015 2669 infinita
1048 2608 1212 2682 effundere3
1245 2627 1313 2668 nam
1343 2604 1422 2699 etqi*

107 2703 145 2755 cet
167 2695 267 2768 lectio,
294 2706 432 2776 superest
454 2697 646 2778 imaginatio:
671 2707 704 2759 at
727 2717 785 2758 non
809 2699 915 2778 placeo
938 2697 1008 2759 milri
1027 2697 1056 2758 iu
1072 2696 1261 2759 confusaneis
1276 2696 1435 2783 talib'ustp'·

107 2784 167 2845 edet
189 2785 346 2864 pigetque3
371 2805 464 2867 eoque
487 2790 535 2849 vel
559 2788 666 2867 abjicio
680 2788 728 2849 vel
748 2805 878 2862 reservo,
904 2786 997 2848 donec
1015 2786 1176 2862 revideam,
1200 2785 1231 2847 id
1250 2795 1297 2847 est
1312 2780 1406 2847 done'c

107 2888 142 2934 ea
165 2874 304 2947 scribam,
329 2875 408 2955 quod
427 2877 599 2957 plerumque
623 2877 666 2940 fit.
695 2876 773 2938 Peto
789 2877 879 2937 etiam
895 2895 913 2935 a
927 2875 1013 2936 vobis
1028 2875 1140 2950 amicis,
1157 2885 1240 2937 utne
1254 2883 1407 2937 metetum

107 2964 210 3024 unctis
239 2965 268 3024 iu
291 2964 450 3045 pistrinum
476 2965 702 3029 calculationum
722 2965 1018 3026 mathematicarum:
1052 2975 1169 3044 tempus
1188 2964 1258 3026 mihi
1274 2963 1312 3025 ad
1334 2983 1406 3043 spe-

108 3048 229 3114 latioues
251 3052 475 3133 philosophicas
499 3055 691 3133 indulgeatis,
716 3054 840 3116 delicias
864 3074 947 3115 meas
971 3055 1084 3115 unicas.
1130 3053 1225 3116 Irasci
1243 3054 1315 3115 mibi
1329 3072 1406 3116 non·

108 3136 159 3203 llos
197 3143 235 3202 ob
265 3142 376 3203 dilatas
408 3143 525 3205 tabulas
549 3142 720 3224 Rudolphi,
749 3162 806 3205 uon
841 3143 1027 3205 dissimulavi
1055 3142 1084 3204 in
1113 3143 1237 3223 prologo
1265 3143 1333 3205 libri
1366 3142 1405 3202 V.

108 3232 317 3307 turonicorum,
343 3230 404 3292 dixi
428 3231 553 3308 scilicet,
578 3253 624 3295 me
647 3242 780 3312 ternpore
804 3231 887 3293 abuti
912 3232 951 3293 ad
969 3231 1189 3310 speculationes
1208 3232 1406 3295 harmonicas.

109 3332 153 3382 tm
178 3321 282 3400 cuique
305 3319 475 3399 pulchmm:
508 3322 560 3383 alii
584 3322 704 3384 tabulae
728 3331 759 3399 et
781 3321 907 3383 materia
931 3321 1101 3401 genesium,
1131 3320 1203 3382 mihi
1226 3322 1282 3383 flos
1306 3330 1408 3384 astro-

108 3409 188 3484 miae,
213 3409 322 3488 politia
345 3417 476 3472 motuum
502 3421 533 3472 et
556 3420 680 3474 ornatus
702 3408 834 3491 placent.
872 3408 951 3481 Quid
966 3411 1044 3493 quud
1055 3409 1141 3489 ipsae
1151 3409 1284 3473 Tabulae
1300 3428 1408 3473 causas

108 3507 167 3561 unt
190 3517 354 3560 morarum:
390 3498 461 3560 nihil
496 3501 532 3560 de
556 3501 735 3562 difficultate
761 3500 874 3574 dicam;
907 3501 975 3580 ipsa
1007 3501 1103 3561 forma
1126 3498 1233 3560 calculi
1253 3500 1314 3581 jam
1337 3518 1408 3580 per·

108 3594 143 3650 ts
176 3596 243 3650 tota
273 3588 446 3649 renovanda
480 3597 528 3650 est
565 3590 727 3651 secuudum
762 3588 976 3668 legurithmos,
1015 3596 1049 3650 ut
1085 3587 1300 3668 superveniens
1331 3587 1408 3650 alius

108 3676 216 3758 ncipiis
238 3678 313 3738 meis
337 3677 480 3739 assumtis
504 3680 733 3741 commodiorem
757 3677 840 3741 illum
863 3678 982 3740 modum
1005 3676 1091 3739 novis
1116 3675 1226 3738 tabulis
1250 3677 1408 3759 exprimat.

109 3766 197 3847 nique
221 3767 248 3828 si
262 3767 412 3845 perlectae
429 3766 563 3830 Tabulae
579 3777 691 3840 essent,
715 3775 841 3845 possent
854 3774 954 3828 tamen
974 3765 1116 3846 impedire
1129 3765 1281 3828 Braheani
1297 3766 1407 3828 editio·

109 3874 135 3931 u,
164 3855 244 3936 quia,
269 3874 335 3916 cum
358 3854 585 3919 observationes
600 3856 711 3920 Brahei
734 3875 772 3919 ex
795 3856 927 3937 ipsorum
949 3854 1078 3917 habeam
1101 3872 1254 3930 concessu,
1276 3855 1409 3918 vicissim

109 3964 121 4008 s
144 3943 311 4007 obstrictus
335 3963 411 4006 sum.

150 4636 317 4721 Inscripsit
338 4636 487 4717 Keplerus
519 4635 711 4711 soeculum,
742 4636 793 4718 qui
825 4637 958 4699 conduct
987 4635 1191 4718 Hipparchum
1219 4638 1405 4718 similiaque:

110 4728 382 4794 ‚estitutiouum
423 4724 634 4789 Lunarinm.
664 4725 914 4802 adversaria“,
958 4727 1055 4807 ipsum
1096 4735 1197 4789 autem
1236 4728 1407 4809 opusculum

110 4819 293 4902 sriptionem
314 4836 386 4903 prpe
409 4835 444 4878 se
461 4816 544 4889 lert:
