3278 5550
224 166 268 245 Μ
649 173 749 274 hiteraa
767 134 870 248 έιιιιή
888 177 1039 250 aliarumque
1052 191 1160 236 mutuat

223 358 389 443 planetae,
400 324 851 447 Martitacilicet.1nhoo
872 368 992 443 tempus
1015 361 1087 442 trivi
1107 375 1165 423 nec
1187 360 1225 421 de
1247 356 1377 439 eliorum
1391 356 1588 439 monetarum

226 436 490 513 observationibus
508 449 554 510 fui
576 449 747 512 sollicitus:
774 450 944 530 sperabam
967 431 1104 533 quotidie
1123 449 1237 512 exitum
1251 447 1290 508 in
1313 446 1432 509 theoria
1455 446 1587 522 Martis;

223 545 296 638 post
317 536 395 607 alia's
419 557 562 621 quoque
558 539 741 619 habuissem.
779 542 825 600 Αι
842 557 909 601 cum
925 549 1044 619 tempus
1061 540 1240 611 elaberetur,
1265 540 1336 615 spes
1350 545 1451 597 tamen
1468 535 1587 598 reditus

223 626 283 688 mei
305 625 338 686 in
350 624 537 708 Bolremia'm
561 647 698 690 securum
721 647 781 691 me
791 628 931 691 reddidit.
979 630 1075 707 Igitur
1095 630 1191 701 Mars,
1216 634 1360 706 quantum
1382 644 1439 705 ego
1465 624 1588 705 quidem

223 734 263 779 cx
296 715 557 777 observationibus
574 717 733 798 Tychonis
766 702 910 791 hausi,
897 738 963 799 Jam
994 717 1158 798 incipiebat
1189 722 1294 794 argute
1327 713 1403 776 satis
1434 713 1591 775 modulari

219 803 344 869 tertiam
367 804 481 878 duram,
505 816 593 886 quam
618 807 663 866 illi
681 808 847 886 assignavi.
888 806 1140 870 Confirmavit
1162 805 1261 867 idem
1286 803 1590 885 et'Mysterium

223 894 338 975 meum
368 893 512 955 duobus
543 896 648 956 locis
670 896 847 957 mirifice.
896 896 985 959 Cum
1018 896 1112 958 enim
1146 895 1230 956 illic
1262 912 1351 975 ego
1364 892 1589 957 retulissem

224 969 549 1063 eccentricitates
586 985 828 1065 planetarum
866 987 1027 1049 omnium
1059 985 1144 1046 ad
1136 1002 1259 1065 rpsum
1292 992 1431 1061 corpus
1461 980 1588 1053 Solis,

223 1071 313 1134 talde
336 1062 410 1133 mibi
434 1093 456 1136 ι
477 1074 619 1153 Tychone
643 1080 705 1134 met
692 1076 829 1150 t,uebam
863 1095 901 1135 ne
929 1075 955 1136 is
979 1077 1105 1137 referret
1123 1081 1162 1135 ut
1186 1072 1370 1157 Coperuicus
1392 1071 1432 1131 ad
1455 1070 1590 1149 medium

223 1153 329 1249 lqcum
338 1160 432 1224 Soli's.
472 1162 568 1243 Atqui
589 1164 675 1225 Mars
699 1172 874 1225 constanter
896 1165 1060 1243 respuebat
1081 1163 1175 1225 ullum
1191 1161 1272 1223 aliud
1287 1167 1439 1240 punctum,
1463 1166 1588 1240 praeter

222 1228 336 1330 ipsum
345 1256 480 1311 centrum
504 1252 639 1332 corporis
655 1252 783 1315 Solaria.
821 1253 925 1335 Tycho
940 1254 1112 1315 laetabatur
1130 1251 1206 1313 meis
1223 1251 1271 1312 his
1285 1248 1386 1324 ausis3
1401 1268 1481 1310 nam
1504 1249 1586 1309 idem

222 1339 267 1401 ait
289 1347 321 1399 et
344 1336 434 1401 sibi*
421 1358 487 1418 ιιι]
509 1339 561 1402 diu
585 1342 742 1421 agitatum,
767 1343 821 1405 sed
843 1342 971 1404 libenter
994 1343 1213 1406 declinaturum
1236 1338 1409 1400 intricatam
1435 1338 1585 1399 rationem

224 1422 348 1503 calculi,
378 1446 473 1509 eoque
497 1440 605 1509 cupere
629 1431 731 1492 videre
756 1440 787 1492 et
809 1431 937 1493 aliorum
960 1429 1184 1513 meditationes
1230 1427 1390 1510 Deinde,
1414 1445 1492 1489 curn
1515 1444 1585 1505 ego

225 1515 300 1579 sub
315 1517 427 1578 finem
449 1519 630 1599 Mysterii
660 1522 728 1582 mei
757 1521 985 1586 monuissem
1018 1522 1060 1582 de
1095 1525 1284 1600 aequante
1310 1514 1361 1595 Θ,
1394 1534 1499 1597 quem
1523 1515 1584 1576 do-

225 1605 347 1667 lebam
376 1606 487 1710 unico
518 1607 601 1670 Soli
629 1610 688 1670 vel
717 1612 855 1672 Terrae
884 1616 1078 1712 negatum:
1104 1609 1179 1691 jam
1194 1615 1218 1678 d
1242 1606 1433 1688 apertissime
1464 1613 1496 1666 et
1527 1604 1584 1665 hoc

222 1702 355 1758 testatus
379 1703 441 1771 est,
474 1696 574 1761 inesse
608 1698 638 1760 iu
662 1696 702 1777 Θ
728 1701 878 1761 rationem
907 1699 1076 1782 aequantis
1122 1699 1166 1760 Et
1192 1696 1269 1763 hoc
1282 1703 1344 1769 est,
1379 1694 1456 1796 quod
1480 1692 1584 1775 ‘lycbo

223 1773 310 1886 quasi
333 1784 389 1857 sub
412 1785 593 1864 aenigmatis
616 1786 771 1850 involucro
796 1792 844 1861 (ιι
866 1788 1017 1851 interdum
1041 1789 1134 1890 solet)
1160 1787 1201 1847 ad
1222 1805 1269 1860 me
1294 1783 1517 1865 perscripserat
1542 1783 1583 1842 de

223 1873 406 1943 variabili
438 1876 684 1956 quantitate
681 1878 798 1939 o-rbis
830 1879 957 1953 annui,
991 1878 1052 1961 qui
1084 1877 1120 1937 in
1153 1883 1178 1945 <l
1210 1868 1366 1936 efficiat
1396 1872 1583 1934 differen-

224 1963 315 2025 tiam
341 1958 376 2026 1⁰
398 1957 453 2026 40‘
477 1971 509 2034 (1
534 1971 622 2035 tt).¹
646 1968 697 2028 An
721 1967 813 2047 igitur
836 1977 1020 2068 exspectem,
1043 1967 1114 2027 dum
1134 1965 1238 2047 Tycho
1263 1983 1334 2026 suas
1357 1962 1429 2023 edat
1451 1961 1587 2022 theorias

222 2050 423 2132 planetarum,
448 2053 578 2134 ambigo
614 2054 676 2118 Sed
699 2064 809 2130 tamen,
835 2055 862 2118 si
885 2048 1105 2159 praeoccupare
1130 2054 1226 2115 visum
1251 2053 1350 2126 fuerit,
1373 2050 1474 2115 adhuc
1498 2068 1588 2111 unum

222 2140 297 2207 mihi
320 2141 424 2217 deest,
447 2143 527 2223 quod
550 2164 569 2204 a
591 2141 635 2205 Μ.
660 2146 694 2206 Τ.
720 2154 835 2224 petam,
867 2146 955 2226 copia
979 2165 1020 2207 sc.
1044 2143 1244 2207 Harmonices
1263 2142 1327 2204 sive
1350 2141 1486 2203 Musices
1508 2140 1586 2201 Pto-

221 2228 340 2293 lemaei.
376 2231 532 2293 -Lustravi
556 2232 727 2314 catalogum
751 2235 952 2297 bibliothecae
975 2234 1171 2307 Viennensis,
1195 2232 1225 2293 ln
1249 2251 1309 2313 qua
1331 2231 1440 2293 librum
1464 2236 1587 2290 exstare

223 2320 459 2399 manuscriptum
491 2320 642 2403 Spachius
675 2324 804 2385 affirmat
834 2325 864 2385 in
899 2325 1039 2404 catalogo
1071 2323 1328 2404 philosophorum.
1385 2320 1454 2382 Non
1487 2317 1587 2398 reperi
1626 2376 1629 2385 ,

221 2411 400 2491 quaesitum.
447 2411 565 2492 Scripsi
588 2412 628 2473 ad
650 2413 869 2497 Dasypodium.
916 2415 1037 2477 Habere
1061 2433 1095 2475 se
1123 2410 1294 2492 res'pondit,
1327 2408 1460 2489 nihilque
1494 2425 1586 2487 prae-

200 2505 313 2594 terea
355 2501 400 2564 At
413 2500 473 2561 nisi
496 2519 553 2580 ego
570 2520 753 2582 sperassem,
778 2503 865 2565 illum
886 2504 1044 2583 possidere
1067 2503 1145 2563 hunc
1169 2500 1287 2574 librum,
1311 2519 1370 2560 non
1393 2497 1587 2576 scripsissem

219 2607 276 2653 ιιι
282 2589 457 2670 petiissem
480 2591 607 2670 copiam.
654 2593 752 2654 Ursus
775 2594 894 2672 Pragae
919 2594 1130 2665 affirmaverat,
1154 2598 1226 2669 puto
1250 2608 1288 2649 ex
1313 2587 1443 2650 Gesneri
1473 2585 1586 2647 biblio·

219 2678 349 2755 theca,
342 2698 522 2783 impressum
545 2699 614 2742 esse
638 2681 765 2756 alicubi,
795 2692 868 2761 puto
891 2682 1036 2758 Parisiis;
1062 2690 1093 2741 et
1116 2675 1216 2753 Otho,
1248 2686 1353 2739 auctor
1376 2664 1428 2737 ille
1451 2673 1585 2736 Palatini

220 2768 331 2849 operis,
356 2768 406 2849 qui
425 2769 492 2847 jam
506 2770 626 2849 Pragae
650 2770 765 2844 haeret,
790 2790 858 2832 esse
882 2778 914 2831 ιι
938 2771 996 2832 sibi
1019 2769 1173 2848 exemplar
1202 2768 1389 2847 opinabatur.
1432 2765 1482 2826 Ita
1510 2782 1585 2825 nasu

221 2857 324 2919 ducor.
371 2857 490 2928 Quodsi
513 2858 682 2920 Ptolemaei
706 2857 881 2939 opusculum
905 2859 1040 2920 nancisci
1063 2878 1189 2938 nequeo,
1212 2867 1246 2917 at
1261 2855 1407 2918 Glareani
1422 2852 1587 2915 Commen-

220 2945 332 3008 tarium
356 2964 444 3026 super
467 2946 546 3007 hanc
569 2947 778 3028 disciplinam,
811 2948 931 3029 quod'
924 2967 1103 3029 rmpressum
1128 2946 1228 3008 estin
1252 2946 1317 3007 folii
1341 2946 1454 3017 forma,
1477 2942 1586 3006 Ptole-

222 3035 339 3097 maicae
362 3034 492 3096 rationis
516 3036 647 3098 fortasse
671 3037 854 3099 mentionem
877 3037 978 3099 faciet.

312 3123 402 3195 Quod
425 3123 522 3204 petis,
557 3135 591 3187 ut
623 3127 791 3188 examinem
822 3147 933 3189 annum
967 3134 1086 3187 sextum
1109 3133 1141 3186 ιι
1164 3124 1323 3205 septimum
1352 3130 1422 3183 ante
1448 3119 1522 3193 Ch„
1547 3140 1587 3180 an

223 3213 315 3277 fuerit
337 3212 441 3293 aliqua
464 3213 635 3294 conjunctio
658 3215 686 3289 Q
711 3224 742 3277 et
765 3218 800 3293 ιιι
835 3216 1032 3277 differendum
1062 3224 1108 3276 est
1139 3215 1168 3274 in
1192 3214 1381 3276 occasionem
1404 3209 1584 3291 proximam.

222 3303 293 3366 ιιι]
316 3301 396 3363 enim
420 3312 585 3384 occupatus
609 3324 674 3367 ιιι]
698 3306 727 3379 in
752 3306 858 3387 eclipsi
883 3303 934 3383 Θ.
982 3305 1044 3368 Sed
1068 3313 1210 3386 quantum
1235 3303 1319 3383 ligna
1342 3301 1479 3374 metallo,
1513 3309 1587 3360 tan-

207 3398 290 3454 tum
312 3401 418 3454 nostra
441 3392 593 3475 Tychonis
617 3393 698 3456 cedit
720 3393 869 3458 industria
892 3394 1063 3459 subtilitati.

247 3492 250 3499 “
312 3480 405 3544 Marii
427 3481 548 3544 tabulas
572 3483 769 3546 directionum
793 3483 856 3546 vidi
878 3484 1056 3547 Benathkae
1080 3503 1099 3543 a
1121 3491 1152 3544 te
1184 3481 1314 3555 missas,
1348 3479 1403 3540 sed
1431 3500 1586 3558 uapepyos

223 3579 260 3635 ut
282 3579 384 3633 cetera
407 3571 507 3633 omnia
529 3582 651 3652 praeter
669 3573 852 3656 Tychouica.
893 3573 1017 3638 Certum
1041 3581 1098 3647 est,
1121 3572 1215 3639 aliam
1237 3568 1463 3634 aPtolemaica
1485 3566 1585 3629 ratic-

222 3680 291 3725 nem
313 3679 383 3723 esse
405 3660 652 3741 Regiomontani.
699 3663 762 3726 Sed
784 3663 836 3726 vix
858 3663 964 3725 melior
987 3681 1055 3724 esse
1077 3670 1180 3742 potest
1194 3660 1382 3724 Ptolemaica
1394 3655 1585 3734 Regiomon-

223 3750 288 3813 tani
318 3744 474 3813 methodo.
516 3752 582 3813 Nec
605 3752 723 3826 dubito,
758 3761 901 3833 quantum
932 3772 971 3813 ex
994 3750 1199 3831 superficiaria
1221 3749 1350 3811 lectione
1381 3746 1453 3808 mihi
1477 3747 1586 3808 haeret

222 3838 254 3901 in
286 3839 446 3915 memoria,
478 3840 686 3903 Ptolemaeum
708 3843 808 3903 Mario
840 3849 922 3904 recte
946 3842 1140 3903 intellectum.
1188 3839 1312 3901 Videris
1340 3845 1441 3899 autem
1465 3835 1584 3897 occulte

220 3947 352 4005 monere,
370 3938 552 4009 aspectuum
565 3931 681 3992 variam
701 3951 769 3993 esse
788 3931 937 3993 rationem
960 3931 1086 4011 ideoque
1109 3949 1168 3991 non
1192 3946 1260 3990 esse
1275 3928 1351 3989 adeo
1368 3925 1584 4006 geometricum

219 4027 335 4081 certum
356 4027 389 4080 et
411 4029 555 4091 constans
577 4019 729 4100 negotium
749 4021 786 4082 de
805 4020 990 4102 aspectibus,
1014 4020 1057 4081 uti
1076 4018 1198 4100 quidem
1214 4037 1270 4098 ego
1285 4016 1359 4078 mihi
1372 4015 1582 4099 persuadeam.

219 4107 257 4171 Si
277 4108 335 4171 hoc
357 4106 420 4183 ris,
453 4111 639 4189 respondeo,
673 4110 749 4172 nihil
782 4129 850 4172 esse
880 4130 933 4172 cur
963 4109 992 4170 in
1017 4108 1137 4170 dubium
1161 4115 1305 4170 vocentur
1328 4124 1413 4166 meae
1436 4104 1582 4166 rationes.

218 4198 298 4269 Nam
321 4198 441 4265 illorum
465 4208 641 4279 aspectuum
665 4200 753 4279 longe
776 4200 839 4262 alia
860 4199 939 4262 ratio
963 4206 1025 4273 est,
1050 4217 1105 4259 nec
1129 4198 1166 4259 de
1188 4197 1228 4259 iis
1251 4195 1324 4259 mihi
1348 4214 1446 4256 sermo
1470 4193 1530 4254 erit
1551 4192 1583 4252 in

220 4286 297 4350 mels
319 4288 561 4383 Harmonicis.

135 4451 139 4458 ,
282 4364 451 4470 Ceterum
470 4377 552 4458 quae
575 4379 614 4440 ad
637 4397 684 4440 me
707 4377 855 4440 missurus
879 4375 1025 4438 distulisti
1048 4375 1181 4439 incertus
1213 4375 1262 4437 de
1280 4393 1347 4436 meo
1378 4369 1494 4445 reditu,
1528 4369 1585 4430 illa

221 4440 323 4529 videre
348 4462 439 4530 aueo:
471 4472 543 4533 tuuc
576 4487 648 4548 ergo
677 4467 703 4528 si
726 4469 770 4529 M.
794 4467 830 4529 Τ.
855 4465 1021 4540 videbitur,
1055 4465 1206 4527 remittam
1231 4463 1331 4528 Clavii
1360 4459 1580 4524 Astrolabium.

224 4555 357 4627 Ceteros
376 4557 497 4641 libellos
520 4566 593 4639 puto
616 4552 760 4636 integros
774 4556 814 4619 ad
837 4563 867 4617 te
897 4555 1025 4643 redisse.
1071 4556 1200 4636 Jamque
1232 4554 1272 4615 ad
1305 4572 1408 4614 omnes
1436 4549 1583 4610 articulos

222 4647 377 4711 literarum
400 4654 520 4713 tuarum
542 4647 708 4726 respondi.¹
740 4642 847 4727 Itaque
870 4638 939 4706 vale
962 4638 1008 4711 uir
1030 4645 1200 4723 Magnifice
1222 4651 1256 4704 et·
1275 4642 1334 4704 mei
1363 4639 1600 4711 amantissime,-
