3278 5550
141 284 207 360 3⁵2
621 292 789 349 uermes
805 292 1006 349 muamus

229 470 282 535 Sic
304 471 395 553 igitur
417 471 491 537 data
513 472 697 553 longitudine
711 472 777 539 ’ΒΟ
799 473 908 556 prioris
931 472 1105 547 schematis,
1130 491 1207 557 quae
1221 471 1457 553 respondeatdd

141 560 268 643 tempori
299 559 361 624 DG
391 569 424 624 et
455 562 619 624 distantiae
653 561 733 639 GA,
766 558 822 626 hoc
845 572 894 627 est
916 563 989 638 CA,
1014 571 1134 645 oportet
1151 565 1216 645 jam
1241 563 1336 625 etiam
1359 562 1457 626 inueni

142 650 282 733 angulum
306 650 392 715 OAD
415 651 582 713 anomaliae
605 661 801 733 coaequatae.
849 654 1055 717 connectatur
1079 652 1104 717 Ο
1128 652 1254 727 cum'B,
1279 660 1314 714 ct
1336 651 1457 714 contium

143 751 192 805 tur
213 739 270 805 ΑΟ
293 740 324 803 in
345 738 390 815 E,
420 740 469 802 ubi
492 750 576 803 secet
598 741 758 819 circulum,
790 742 844 807 ΒΟ
869 762 940 806 vero
963 742 992 804 in
1015 744 1041 805 F
1063 742 1238 804 sectionem.
1283 741 1457 804 Nonnullae

143 832 233 911 igitur
269 829 346 891 scire
375 829 590 910 longitudinem
617 830 692 907 DC,
733 832 866 912 oportuit
895 832 987 893 etiam
1016 831 1193 912 investigari
1226 830 1371 910 angulum
1401 828 1457 895 ΟΒ]

142 920 221 983 Nam
245 918 315 998 quia
339 915 394 980 ΟΙ)
417 918 537 981 brevior
560 929 608 982 est
631 940 720 1000 quam
742 921 804 995 Π),
831 941 888 983 non
912 922 1035 983 metitur
1057 920 1148 999 igitur
1170 918 1226 984 OD
1244 919 1387 999 angulum
1403 918 1457 980 ΓΒ]

142 1009 200 1071 hoc
224 1015 273 1069 est
296 1006 390 1071 CBD.
435 1007 478 1069 Et
501 1008 648 1079 vicissim,
679 1008 738 1071 etsi
767 1009 823 1074 ΟΙ)
852 1011 970 1073 brevior
994 1017 1042 1071 est
1065 1029 1154 1091 quarn
1177 1008 1249 1083 FD,
1282 1016 1376 1071 tanta
1397 1016 1457 1069 tam

143 1117 182 1159 ex
203 1096 229 1159 B
252 1106 397 1178 apparet,
430 1097 455 1157 si
478 1097 574 1176 fingas
598 1099 714 1161 oculum
738 1099 767 1159 in
791 1100 833 1172 B,
872 1108 985 1181 quanta
1006 1099 1061 1161 ΡΙ)
1084 1099 1211 1161 metiens
1236 1098 1380 1176 angulum
1402 1094 1457 1160 ΟΒ]

142 1184 186 1257 Bt
206 1185 276 1267 quia
300 1186 477 1259 (secundum
501 1188 709 1250 demonstrata
732 1207 798 1269 cap.
813 1188 967 1263 XXXII.)
986 1207 1088 1250 verum
1103 1197 1153 1273 est
1165 1188 1202 1250 ad
1220 1206 1341 1249 omnem
1356 1204 1457 1248 sensuu

143 1275 350 1348 subtilitatem,
375 1277 454 1356 quod
477 1284 589 1356 quanto
614 1297 633 1337 a
655 1278 681 1338 B
704 1278 847 1340 remotior
870 1286 918 1340 est
940 1278 994 1340 FD
1019 1296 1108 1357 quam
1122 1276 1186 1346 ΟΙ).
1210 1284 1300 1338 tanto
1324 1282 1357 1337 et
1378 1274 1457 1355 longi

144 1365 184 1427 sit
206 1365 260 1427 FD
283 1383 371 1445 quam
395 1362 466 1439 Οὓς
491 1364 561 1446 qnia
583 1365 675 1427 etiam
698 1385 799 1429 verum
822 1374 880 1442 cst,
904 1368 943 1430 ad
967 1368 1092 1428 eandem
1114 1384 1256 1449 sensuum
1279 1365 1457 1445 hujusquen

144 1453 217 1534 gotii
251 1453 441 1533 quantumvis
473 1454 680 1517 acutissimam
703 1456 921 1533 subtilitatem,
960 1457 1037 1537 quod
1062 1454 1116 1518 OB
1138 1463 1170 1517 et
1193 1452 1246 1518 OF
1269 1453 1334 1516 sint
1356 1452 1457 1533 aequal

145 1541 277 1622 (longior
313 1541 432 1624 quidem
465 1543 495 1605 in
524 1544 566 1604 rei
598 1545 728 1606 veritate
761 1553 807 1607 est
831 1544 885 1607 ΟΕ
909 1565 996 1628 quam
1021 1542 1072 1607 OF
1104 1564 1141 1606 ex
1171 1551 1274 1607 centro
1298 1541 1457 1623 veniensp

144 1632 229 1694 Eucl.
254 1631 310 1702 Ill,
337 1631 387 1705 7);
412 1651 481 1711 ergo
504 1632 591 1712 posui
614 1634 719 1712 prime,
744 1635 822 1715 quod
847 1632 901 1696 CD
926 1643 956 1696 st
978 1634 1032 1697 FD
1055 1633 1117 1695 sint
1140 1632 1293 1714 aequales,
1320 1638 1353 1693 et
1376 1638 1457 1711 ntmq

145 1722 187 1782 sit
217 1738 356 1781 mensura
388 1721 489 1800 anguli
519 1720 615 1796 CBD,
647 1721 702 1783 hoc
726 1732 775 1784 est
797 1722 879 1785 FBD
903 1718 950 1784 vel
975 1723 1065 1785 etiam
1089 1722 1190 1797 EBD,
1219 1707 1311 1802 'quasi
1335 1716 1457 1782 arcus!

146 1808 329 1872 insensibilis
366 1818 459 1870 esset.
514 1810 652 1873 Dabatur
682 1811 772 1890 igitur
806 1813 933 1893 angulus
965 1812 1049 1874 EBD
1082 1830 1120 1872 ex
1149 1810 1323 1891 cognitione
1352 1807 1416 1872 ΟΙ).
1453 1807 1457 1869 1

145 1898 295 1977 triangulo
318 1897 409 1977 igitur
429 1897 517 1961 EBA
539 1919 577 1960 ex
600 1901 710 1979 angulo
732 1901 818 1963 EBA
841 1909 873 1963 et
896 1901 1041 1964 lateribus
1064 1900 1132 1973 ΕΒ,
1156 1900 1215 1962 BA
1239 1899 1378 1979 quaesivi
1400 1898 1457 1977 long

145 1988 278 2050 tudinem
300 1985 367 2056 ΑΕ,
391 1987 468 2051 unde
493 1988 629 2051 subtraxi
653 1989 710 2054 Ac
733 1990 782 2051 vel
801 1988 862 2053 AG
886 2000 957 2052 ante
977 1998 1189 2071 computatam,
1213 1987 1457 2068 reliuqnehaturq

146 2075 200 2139 OE
222 2076 270 2137 vel
294 2074 346 2140 CF
368 2075 617 2159 appropinquatio
642 2079 767 2141 alterius
790 2078 909 2142 termini
933 2079 975 2142 de·
994 2077 1049 2141 OD
1073 2079 1112 2141 ad
1134 2086 1269 2141 centrum
1291 2077 1330 2138 B.
1375 2076 1457 2139 Bise

145 2164 237 2246 igitur
261 2162 313 2227 ΟΕ
348 2159 433 2247 (uam
465 2165 520 2228 hoc
553 2167 592 2228 ad
624 2187 743 2229 sensum
765 2166 853 2242 licet)
877 2176 949 2231 nota
972 2168 1030 2231 luit
1051 2165 1303 2248 appropinquatio
1326 2160 1457 2246 ipsiusB

146 2255 185 2316 ad
208 2254 245 2328 B,
269 2253 294 2316 si
319 2252 515 2335 aequabiliter
539 2256 674 2318 omnibus
696 2254 1116 2338 punctisappropinqnasset.
1129 2262 1132 2269 '
1147 2255 1197 2319 Ex
1210 2251 1457 2337 appropinquatifl

145 2361 216 2405 vero
240 2351 271 2404 et
293 2344 459 2423 parallaxis
482 2344 585 2424 optica
607 2365 660 2408 seu
684 2346 813 2409 visibilis
836 2347 991 2429 quantitas
1013 2346 1109 2426 ipsius
1133 2343 1189 2408 OD
1212 2344 1353 2419 dabatur,
1376 2336 1457 2421 hoc&¹

146 2431 274 2512 angulus
299 2430 380 2494 ΟΒΙ)
405 2432 470 2512 jam
492 2443 662 2510 correctus,
692 2434 740 2516 qui
763 2435 847 2523 prins
870 2436 1081 2498 assumebatur
1103 2435 1192 2515 paulo
1216 2433 1328 2509 minor,
1365 2424 1457 2689 ΒἭ

145 2520 274 2584 numeris
309 2521 421 2583 nostris
455 2541 563 2586 errore.
618 2522 700 2586 Dato
732 2524 824 2604 igitur
849 2525 914 2605 jam
946 2531 1082 2587 correcte
1105 2523 1215 2604 angulo
1241 2520 1343 2595 CBD,
1373 2516 1445 2582 hoc'

146 2611 362 2692 complemento
386 2610 480 2693 ipsius
505 2612 597 2688 ΟΒΑ,
623 2622 656 2674 et
679 2616 774 2676 latere
790 2612 845 2678 CA
869 2621 901 2676 et
924 2613 1150 2676 eccentricitate
1168 2612 1236 2688 BA,
1261 2610 1390 2675 dabatur
1448 2668 1457 2693 ᾗ

145 2700 205 2763 sita
235 2699 385 2762 anomalia
408 2709 575 2782 coaequata
598 2700 693 2767 OAD.
1145 2748 1148 2753 -
1447 2694 1457 2769 'l

233 2789 298 2850 Hoc
321 2797 411 2870 pacto
435 2810 493 2852 nou
516 2799 637 2871 poterat
659 2793 722 2854 ulla
744 2789 883 2874 aequatio
907 2790 1033 2853 seorsim
1057 2787 1209 2861 constitui,
1233 2774 1457 2956 praebetur&

147 2879 186 2941 ad
209 2878 389 2941 anomaliam
412 2880 542 2942 mediam
567 2878 613 2942 1⁰.
665 2880 811 2962 Reliquae
841 2898 943 2941 omnes
968 2880 1124 2961 usquead
1150 2874 1248 2942 180²
1269 2893 1400 2957 praesup

146 2970 220 3030 bant
242 2985 360 3047 semper
384 2969 607 3049 aequationem,
633 2989 708 3050 quae
732 2969 866 3049 proxime
889 2968 1099 3043 antecederet,
1124 2965 1287 3047 cognitam.
1335 2964 1457 3059 Neny

147 3074 323 3138 quemquam
355 3057 438 3130 fore,
479 3058 527 3120 cui
557 3058 633 3120 haec
663 3058 775 3139 legenti
802 3058 935 3120 taedium
964 3076 1001 3118 ex
1029 3058 1096 3138 ipsa
1127 3054 1255 3118 lectione
1278 3072 1338 3116 non
1362 3052 1457 3135 obt!

147 3145 242 3226 Atqui
264 3145 313 3207 vel
336 3144 404 3207 hine
422 3145 540 3225 judicet
563 3148 667 3222 lector,
693 3156 835 3230 quantum
858 3146 1064 3210 molestiarum
1088 3143 1276 3209 hauserimus
1300 3144 1372 3224 (ego
1387 3134 1457 3205 aad

146 3233 263 3297 culator
285 3238 384 3308 mens)
409 3235 459 3315 qui
481 3236 559 3298 hanc
581 3237 755 3300 methodum
777 3256 831 3317 per
856 3232 938 3301 180⁰
960 3236 1127 3299 anomaliae
1150 3244 1197 3303 tur
1221 3232 1457 3307 absolonum

146 3322 204 3385 ties
228 3322 345 3385 scilicet
367 3331 484 3386 mutata
507 3322 742 3389 eccentricitate.

234 3413 280 3475 At
306 3413 437 3475 nondum
463 3414 638 3495 principium
661 3417 748 3497 hujus
771 3414 878 3476 calculi
902 3414 1073 3494 expeditum
1096 3419 1153 3474 est.
1200 3408 1272 3472 Diri
1296 3408 1385 3483 enim,
1406 3420 1457 3489 prat

147 3501 271 3584 supponi
295 3502 446 3583 cognitam
469 3504 682 3584 longitudinem
706 3505 802 3567 ovalis
826 3504 929 3566 totius.
971 3502 1059 3567 Unde
1086 3501 1178 3580 igitur
1196 3500 1271 3560 haee
1287 3499 1457 3578 cognoscit!

146 3591 212 3672 Bgo
232 3591 372 3672 quidem,
405 3592 457 3674 qui
485 3596 579 3657 semel
608 3595 637 3657 in
662 3595 739 3656 hanc
761 3593 978 3656 inartificialem
1001 3589 1176 3652 numerandi
1199 3588 1348 3651 rationem
1372 3587 1457 3649 doec!

62 3714 70 3730 ι
147 3681 267 3750 deram,
300 3701 358 3743 non
382 3681 550 3764 subterfugi
573 3684 657 3746 illam
679 3683 908 3746 inartificialiter
929 3696 1189 3762 praesupponere,
1216 3674 1348 3761 'totoqpe
1377 3666 1457 3759 napi

147 3770 287 3834 absoluto
316 3770 433 3847 videre,
465 3790 502 3833 an
525 3774 554 3833 in
582 3770 657 3837 180⁵
688 3773 862 3852 operatione
885 3771 957 3833 mihi
979 3772 1046 3851 plus
1070 3760 1180 3843 exiret,
1210 3784 1300 3847 quam
1322 3756 1457 3863 appetem

146 3860 291 3940 graduum
318 3857 389 3934 180,
415 3881 452 3921 an
476 3881 547 3923 vero
570 3863 687 3925 minua..
723 3863 801 3924 Nem
825 3861 851 3922 si
874 3862 962 3941 plane
989 3854 1069 3947 180⁰
1092 3856 1247 3925 exivisset
1271 3855 1383 3917 bonam
1404 3854 1457 3917 init

147 3948 277 4030 ligebam
301 3950 514 4012 assumtionem
538 3951 632 4030 ipsius
655 3950 850 4032 longitudinis
874 3950 985 4024 ovalis;
1016 3948 1185 4011 sinautem
1209 3944 1323 4020 minus,
1357 3944 1457 4009 minos

143 4038 251 4118 justo;¹
267 4037 313 4100 sin
337 4039 416 4118 plns,
440 4040 594 4119 majorem.

235 4122 297 4190 Sed
327 4135 427 4189 tamen
457 4146 514 4191 non
540 4128 730 4191 destituimur
751 4125 979 4190 manuductione
1007 4124 1134 4206 quadam
1153 4120 1338 4204 geometrica
1361 4014 1457 4272 adA

148 4216 363 4294 conjiciendum
391 4218 428 4279 de
457 4218 553 4280 ovalis
591 4217 783 4297 longitudine.
830 4214 880 4277 Sit
906 4216 984 4277 enim
1008 4223 1041 4276 ut
1063 4212 1119 4274 BD
1143 4213 1181 4274 ad
1205 4210 1283 4284 BA,
1315 4209 1406 4273 sicB

146 4302 216 4381 DII,
240 4320 315 4387 quae
339 4326 358 4367 a
380 4307 409 4368 D
433 4326 537 4369 versus
559 4308 586 4368 B
611 4307 800 4369 extendatur.
846 4304 928 4384 Ergo
959 4304 1029 4384 quia
1057 4304 1139 4380 (cap.
1167 4300 1304 4375 XLVI.)
1335 4299 1457 4381 quoda

148 4390 307 4459 latithdine
330 4395 449 4459 lunulas
473 4405 505 4458 et
528 4397 750 4458 semidiametro
774 4394 887 4466 circuli,
911 4395 974 4455 fere
998 4391 1123 4472 aequale
1147 4400 1196 4452 est
1218 4389 1368 4470 quadrato
1390 4400 1457 4451 ecta

148 4482 309 4546 trinitatis:
326 4503 417 4565 quare
432 4485 532 4558 (Bucl.
549 4486 604 4561 VI,
624 4484 680 4559 17)
695 4482 905 4546 eccentricitss
922 4490 970 4543 est
981 4481 1109 4543 medium
1119 4476 1346 4561 proportionale
1355 4472 1457 4553 interl

147 4571 306 4636 titudinem
328 4574 448 4636 lunulae
471 4581 503 4635 et
525 4575 786 4638 semidiametrum.
833 4574 878 4634 At
900 4572 948 4633 hic
972 4570 1050 4633 idem
1073 4570 1168 4631 liter
1191 4565 1406 4630 delineationis
1421 4564 1457 4645 leg

146 4660 228 4747 Ergo
250 4660 310 4723 DE
334 4669 382 4725 est
405 4663 532 4726 latitudo
555 4663 684 4727 lunulae.
724 4661 868 4725 Sumatur
891 4662 983 4722 etiam
1006 4658 1157 4721 dimidium
1180 4658 1216 4720 de
1239 4656 1310 4732 HD,
1334 4664 1368 4719 et
1390 4662 1457 4719 elta

148 4751 236 4814 datur
258 4770 278 4813 a
299 4750 326 4815 B
350 4770 454 4815 versus
478 4752 526 4827 D,
560 4753 657 4835 sitque
679 4753 737 4815 BI:
762 4760 794 4813 et
817 4756 920 4813 centro
943 4752 968 4824 Ι,
993 4749 1173 4811 diastemate
1196 4745 1257 4822 ID,
1288 4742 1457 4810 circulusB

148 4839 313 4923 scribonem·
341 4848 469 4924 tangens
492 4844 691 4909 eccentrieum
713 4842 743 4904 in
765 4840 804 4903 D.
850 4839 1008 4904 Scribatur
1032 4844 1133 4901 autem
1155 4843 1187 4899 et
1200 4843 1305 4899 centro
1318 4837 1357 4910 Β,
1382 4836 1457 4901 diest
