3278 5550
145 278 210 345 222
624 284 789 339 panosus
809 286 1008 341 aarum

144 458 231 539 idque
264 459 293 520 in
324 471 386 532 ἕξ,
419 484 508 545 quare
541 465 579 526 ab
612 471 716 527 exortu
746 472 771 534 ό
806 485 897 546 usque
930 465 959 527 in
991 466 1089 546 ipsum
1120 462 1160 543 Θ
1188 472 1327 528 exortum
1349 467 1475 530 continuo

145 547 292 610 decrescit
315 553 440 630 angulus
464 553 626 615 horizontis
649 573 716 615 cum
739 553 884 636 ecliptica.
922 558 1027 634 ltaque
1050 554 1212 617 secundum
1223 574 1289 636 cap.
1301 556 1361 619 IX.
1376 557 1475 619 Astro-

145 638 260 699 nomiae
284 635 411 721 Opticae
434 643 607 721 pecoliaris,
633 643 660 704 si
683 663 741 723 qua
764 651 811 704 est
834 643 1015 719 latitudiuis,
1040 642 1179 705 continuo
1203 644 1324 707 crescit
1370 644 1418 706 Ex
1436 645 1475 707 in-

145 734 294 788 cremento
318 744 388 791 vero
406 749 460 809 per
481 731 695 811 parallacticae
711 733 871 807 columnas,
897 752 912 792 e
934 734 1053 811 regione
1071 731 1196 794 initialis
1216 740 1248 793 et
1269 733 1371 795 finalis
1388 734 1475 813 anguli

146 815 301 964 ecliptqcaq
325 837 400 969 cuml
413 821 565 882 horizonte
596 821 747 900 quaesito,
771 821 960 901 cognoscitur
980 821 1012 882 in
1034 821 1132 899 ¹lroute
1156 821 1475 903 columnaeparallaxis

147 912 213 967 tota
256 917 390 969 orrzonta
402 908 437 971 is.

397 1068 570 1149 Sequitur
592 1070 709 1133 series
737 1088 893 1132 mearum
921 1068 1229 1143 observationum.

231 1177 329 1239 Nocte
353 1175 431 1236 inter
455 1175 519 1236 dies
542 1173 628 1236 Jovis
652 1184 683 1236 et
706 1175 847 1250 Veneris,
881 1175 929 1254 qui
961 1175 1041 1236 luere
1072 1169 1138 1256 ¹⁷1„
1165 1175 1255 1265 febr.
1280 1174 1398 1236 interea
1418 1173 1472 1237 dm

144 1267 257 1332 Corvus
289 1266 404 1326 coelum
433 1265 562 1334 mediat,
596 1273 663 1326 erat
695 1264 772 1326 inter
801 1270 881 1334 0‘et
904 1262 1025 1344 Spicam
1048 1260 1086 1326 90
1106 1258 1175 1337 440,
1205 1263 1284 1326 inter
1309 1262 1432 1325 cundem
1449 1272 1472 1326 ct

144 1357 274 1418 Lancem
299 1354 419 1414 boream
445 1349 503 1415 170
525 1351 580 1414 410
592 1372 600 1428 ;
637 1355 715 1414 inter
743 1361 768 1423 ό
791 1362 823 1414 et
845 1353 1006 1415 Arcturum
1029 1347 1090 1415 290
1115 1348 1175 1414 130.
1222 1352 1265 1415 Ut
1288 1359 1390 1414 autem
1411 1371 1468 1432 pro·

144 1446 265 1506 baretur
288 1450 471 1517 sextans,
496 1442 591 1503 mensi
614 1461 714 1503 sumus
738 1441 838 1516 etiam,
863 1442 941 1522 quod
959 1450 1009 1503 est
1028 1443 1108 1503 inter
1123 1441 1285 1503 Arcturum
1309 1448 1342 1503 et
1364 1438 1470 1521 Spican

144 1531 204 1596 32⁰
226 1529 289 1606 570,
314 1532 391 1611 quod
414 1539 514 1591 taruen
537 1530 640 1594 debuit
664 1551 730 1593 esse
755 1528 815 1594 33⁰
840 1531 868 1593 1‘
892 1526 967 1605 4500,
991 1539 1025 1592 ut
1038 1538 1132 1609 patet,
1158 1529 1184 1590 si
1198 1529 1334 1592 calculus
1348 1529 1472 1591 consulu·

143 1632 191 1683 tur
222 1619 364 1681 adhibitis
393 1638 445 1681 seu
473 1619 697 1682 ascensionibus
727 1619 818 1681 rectis
841 1628 873 1680 et
896 1618 1144 1681 declinationibus
1176 1637 1230 1679 seu
1254 1618 1473 1701 longitudinibus

144 1720 174 1772 et
195 1709 415 1782 latitudinibus,
439 1728 514 1788 quas
532 1708 701 1788 assignavit
715 1709 816 1791 Tycho
832 1708 979 1770 sideribus
998 1708 1079 1769 hisce
1096 1707 1171 1769 libro
1192 1707 1216 1768 1.
1232 1707 1473 1788 Progymnasms·

142 1809 214 1862 tum.
260 1797 341 1877 Ergo
365 1797 527 1859 distantiae
550 1816 656 1858 meae
686 1799 814 1859 minores
833 1798 917 1876 justo
941 1798 1023 1858 fuere
1046 1815 1099 1875 per
1121 1787 1217 1878 40],0,
1242 1794 1349 1875 quibus
1373 1795 1474 1858 correxi

142 1897 167 1958 d
191 1909 210 1949 a
233 1885 299 1948 fixis
322 1885 494 1959 distantias,
518 1895 552 1947 ut
575 1887 666 1948 luerit
689 1908 707 1947 a
729 1885 822 1964 Spica
845 1882 884 1949 90
906 1882 959 1948 480
982 1882 1056 1960 4500,
1082 1885 1229 1946 a.Lauce
1255 1879 1314 1945 170
1335 1880 1392 1948 450
1413 1880 1475 1959 4500,

142 1971 417 2038 abArcturo29⁰
443 1972 492 2038 170
515 1971 590 2038 4500.

206 2063 329 2126 Sumsi
362 2071 461 2125 autem
490 2070 522 2129 m
554 2064 743 2126 altitudinem
775 2071 799 2133 d
832 2063 1025 2126 meridianam
1056 2081 1109 2140 per
1137 2060 1334 2141 quadrantem
1367 2057 1427 2125 32⁰
1452 2055 1477 2124 40

143 2163 174 2215 et
192 2152 301 2234 Spicae
316 2149 376 2214 30⁰
394 2149 459 2222 500,
483 2172 559 2233 quae
578 2171 643 2214 cum
657 2153 769 2214 lrabeat
785 2153 1012 2215 declinationem
1031 2148 1069 2216 9⁰
1085 2149 1127 2223 20,
1146 2148 1322 2230 relinquitur
1340 2159 1368 2220 d
1383 2146 1421 2213 7⁰
1434 2145 1477 2213 480

144 2241 314 2304 declinatio.
362 2239 552 2303 Ostendebat
579 2252 681 2304 autem
704 2241 831 2305 altitudo
855 2240 975 2321 Spicae,
1002 2261 1062 2302 non
1085 2248 1134 2302 sat
1157 2239 1231 2300 beno
1256 2238 1370 2301 habere
1393 2257 1477 2301 menn

144 2330 401 2411 perpendiculum,
433 2350 503 2391 nam
535 2330 662 2392 altitudo
686 2331 840 2410 aquatoris
868 2338 916 2392 est
942 2331 973 2392 in
1001 2349 1066 2391 meo
1097 2330 1162 2391 loco
1194 2323 1254 2391 390
1280 2323 1349 2403 540,
1389 2329 1477 2410 itaque

145 2418 307 2482 meridiana
321 2418 429 2497 Spicae
453 2415 513 2482 30⁰
535 2417 599 2495 520,
623 2428 647 2490 d
672 2416 731 2483 32⁰
754 2414 794 2482 6‘.
840 2419 887 2481 Ex
910 2418 1108 2481 declinatione
1130 2416 1221 2495 igitur
1244 2424 1270 2486 d
1293 2425 1326 2479 et
1343 2414 1477 2480 distantir

145 2530 164 2569 a
185 2509 244 2572 lixa
266 2508 377 2589 prodiit
399 2508 464 2589 ejus
487 2527 549 2570 asc.
574 2518 677 2575 recta:
737 2535 755 2572 a
774 2518 857 2589 Spica
913 2561 919 2574 .
961 2513 1032 2573 305ο
1055 2513 1103 2573 570
1126 2511 1184 2570 3600

738 2599 866 2681 ε-Βαιιοξ
913 2639 920 2652 .
962 2594 1027 2653 300.
1077 2591 1171 2653 3.17.

866 2675 874 2680 .
884 2668 1217 2680 ——.—--—-..—u

700 2676 921 2751 ''uiuerensra.
1001 2693 1028 2749 0.
1076 2691 1103 2750 5.
1124 2689 1172 2748 ot.

734 2777 854 2831 Medium
871 2793 939 2847 ergo
962 2771 1027 2830 306.
1074 2769 1170 2830 026.

231 2863 310 2925 Nam
333 2871 432 2925 certus
456 2882 521 2924 non¹
537 2883 611 2938 snm,
636 2884 733 2926 annon
757 2865 861 2944 regula
883 2883 959 2935 mea,
983 2864 1080 2924 ferrea
1103 2869 1135 2921 et
1157 2859 1326 2941 ponderosa
1349 2878 1415 2920 cum
1437 2857 1477 2931 sit

145 2953 256 3033 impetn
288 2970 378 3013 ruens
409 2951 516 3012 solutis
549 2953 689 3014 trochleis
722 2966 753 3014 et
778 2953 944 3033 impingens
976 2951 1071 3032 (quod
1101 2951 1213 3011 factum
1244 2947 1418 3028 aliquoties)
1439 2946 1477 3028 pi·

146 3039 265 3103 nacidia
287 3040 352 3100 loco
376 3041 513 3113 moverit,
543 3061 618 3121 quae
642 3050 712 3103 sunt
735 3042 872 3104 luxatilia
895 3050 927 3102 et
950 3039 1112 3104 exemtilia.
1159 3036 1220 3099 Sed
1244 3056 1281 3097 ex
1305 3037 1363 3097 hac
1383 3053 1477 3098 ascen

147 3130 229 3191 sione
261 3135 345 3191 recta
371 3129 496 3208 primum
529 3150 567 3191 ex
599 3131 703 3193 tabula
732 3131 881 3212 Tychonis
913 3130 1120 3191 ascensionum
1150 3133 1297 3188 rectarum
1322 3124 1477 3204 excerpitur

145 3216 280 3280 cooriens
303 3216 331 3277 in
356 3218 485 3296 sphaera
500 3228 583 3280 recta
603 3215 664 3282 280
689 3220 718 3282 10
741 3219 783 3284 000
804 3230 860 3294 ὲ,
876 3219 959 3299 cujus
974 3215 1134 3279 declinatio
1150 3233 1188 3276 ex
1202 3214 1263 3275 alia
1277 3214 1344 3293 ejus
1359 3209 1476 3275 auctoris

147 3306 251 3368 tabula
274 3314 321 3366 est
348 3304 405 3368 100
427 3303 480 3369 480
489 3306 579 3458 l20‘2
604 3317 628 3378 d
652 3310 722 3371 vero
746 3305 783 3371 ’10
805 3305 881 3372 4800.
919 3307 1001 3386 Ergo
1025 3307 1113 3367 abest
1127 3303 1165 3365 ab
1182 3302 1322 3382 ecliptica
1341 3302 1393 3364 via
1409 3300 1475 3363 obli·

145 3415 204 3476 qua
235 3394 264 3455 in
297 3394 406 3457 circulo
434 3388 640 3459 decmationis
669 3418 721 3478 per
749 3395 788 3460 3⁰
818 3397 850 3462 00
874 3395 949 3460 3000.
995 3395 1132 3474 Angelus
1156 3411 1227 3453 vero
1252 3410 1340 3472 quem
1363 3389 1477 3452 circulus

146 3483 354 3547 declinationis
379 3485 452 3546 facit
475 3506 540 3549 cum
568 3488 720 3567 ecliptica,
759 3508 795 3548 err
818 3485 961 3567 peculiari
984 3484 1088 3545 tabula
1111 3489 1159 3542 est
1183 3476 1244 3544 680
1265 3477 1335 3553 590,
1370 3480 1477 3559 ejusque

146 3573 394 3653 complementum
426 3570 487 3635 210
521 3575 560 3637 10.
605 3577 646 3639 Et
678 3578 708 3638 in
740 3596 807 3638 mea
838 3574 1036 3655 parallactioa
1064 3572 1118 3632 sub
1151 3569 1239 3632 titulo
1273 3566 1325 3632 600
1371 3564 1476 3631 invenio

145 3662 305 3740 eregione
330 3657 391 3725 680
417 3660 485 3726 59οτ
520 3661 573 3727 560
608 3665 661 3740 100;
693 3667 746 3727 sub
777 3663 841 3729 3000
865 3683 936 3725 vero
960 3661 1076 3723 invenio
1101 3657 1174 3722 2800.
1219 3659 1264 3721 At
1288 3658 1358 3739 quia
1381 3654 1477 3736 egoiu

144 3751 364 3814 bac'distantia
379 3760 404 3822 (ς
419 3753 456 3814 ab
471 3754 610 3836 ecliptica
625 3757 728 3835 (qoam
742 3756 861 3834 appello
876 3752 961 3814 basin
977 3748 1159 3822 latitudinis)
1174 3747 1270 3810 habeo
1286 3757 1333 3808 ter
1346 3742 1389 3809 60
1395 3765 1404 3821 ;
1418 3760 1477 3822 ergo

146 3841 223 3922 quod
247 3839 383 3921 excerpsi
406 3842 460 3903 sub
484 3838 527 3906 60
545 3863 599 3922 per
620 3840 831 3923 3mnltiplico;
855 3841 956 3922 prodit
973 3840 1042 3901 mihi
1066 3837 1192 3900 latitudo
1215 3833 1252 3899 20
1279 3832 1334 3899 480
1359 3827 1477 3905 3100.οἾ

143 3931 227 3992 ldem
252 3931 337 3993 labor
360 3950 376 3990 c
399 3931 518 4010 regione
543 3929 604 3994 210
629 3932 656 3994 10
681 3933 813 3994 ostendit
834 3930 916 4002 mihi,
940 3929 1009 4009 quid
1035 3929 1099 3990 loco
1124 3926 1266 3989 coorieuti
1290 3925 1331 3987 sit
1353 3924 1477 3987 adimen-

145 4021 222 4094 dum,
248 4039 352 4099 nempe
379 4016 415 4080 1⁰
438 4018 469 4082 50
493 4017 546 4084 400.
585 4023 691 4102 Itaque
711 4030 735 4092 d
759 4022 841 4083 locus
865 4020 924 4080 erit
946 4015 1006 4082 260
1029 4016 1082 4081 560
1106 4027 1162 4090 ἐξ,
1189 4023 1333 4096 quantum
1348 4015 1477 4075 etiamen

144 4108 269 4182 calculo,
284 4109 368 4188 cujus
383 4109 439 4170 hoc
454 4129 542 4190 opere
559 4112 752 4173 fundamenta
770 4130 836 4172 sum
850 4108 1026 4183 traditurus,
1044 4106 1130 4168 elicio
1145 4105 1224 4166 iutra
1236 4124 1326 4166 nuum
1335 4104 1477 4165 minutum.

232 4198 282 4258 Ad
309 4198 493 4278 probandam
521 4219 592 4263 vero
607 4200 803 4262 latitudinem
828 4208 853 4269 d
877 4197 1010 4259 consului
1035 4204 1066 4256 et
1088 4195 1265 4255 distantiam
1288 4193 1327 4254 ab
1350 4193 1477 4262 Arcturo.

144 4285 280 4347 adhibita
311 4287 418 4349 stellae
452 4289 635 4369 longitudine
664 4298 700 4350 et
730 4289 887 4351 latitudine
918 4306 955 4347 ex
983 4285 1123 4366 Tyohone
1154 4293 1185 4344 et
1208 4284 1274 4344 loco
1298 4276 1477 4360 longitudinis

146 4382 171 4444 0¹
190 4375 253 4454 jam
277 4376 413 4437 invento:
439 4386 527 4457 atquc
552 4379 576 4438 is
602 4379 766 4458 reponebat
787 4378 858 4439 mihi
888 4375 964 4447 din
988 4374 1173 4448 latitudinem
1194 4367 1231 4435 20
1255 4366 1308 4432 470
1331 4365 1408 4433 4800.

145 4463 231 4525 Prius
254 4460 292 4524 20
314 4461 368 4527 480
392 4462 466 4528 3100.
1021 4539 1022 4542 ¹

234 4552 293 4614 Die
327 4549 430 4630 19129.
455 4556 544 4617 Febr.
578 4565 857 4635 transposueramus
887 4551 1065 4633 pinacidium
1094 4551 1303 4632 coepimusque
1332 4547 1477 4611 observas

145 4651 170 4712 d
200 4650 381 4721 surgentem.
433 4646 610 4707 Aunotatae
642 4653 712 4706 sunt
743 4653 842 4705 autem
879 4643 944 4722 ejus
984 4642 1022 4702 ab
1049 4643 1180 4704 Arcturo
1215 4635 1380 4701 distantiae
1417 4639 1471 4701 has

145 4728 206 4795 290
229 4723 337 4813 22000,
374 4728 436 4806 240,
470 4731 533 4807 200,
558 4731 621 4796 220.
668 4736 746 4797 Puto
779 4733 833 4799 uos
866 4731 1016 4794 abundare
1049 4750 1106 4791 uno
1140 4730 1261 4791 denario
1292 4727 1471 4791 minutorum

144 4823 328 4895 uentilante
353 4831 443 4884 vento
466 4824 671 4887 tantummodo
696 4824 825 4887 carbone
849 4822 974 4884 ardente
1002 4819 1100 4881 lumen
1121 4819 1163 4901 ¹ad
1188 4817 1351 4883 divisiones
1376 4819 1477 4883 fecere
