3278 5550
254 270 320 343 tta
518 264 523 275 “
856 284 896 337 n·
917 285 998 337 am.
1243 206 1269 257 ⁸

256 457 349 523 multo
374 470 420 522 est
445 462 541 539 iunius
566 482 681 525 summa
705 465 916 544 quadratorum
940 484 976 525 ex
1001 463 1137 525 omnibus
1161 461 1226 523 suis
1247 460 1409 541 partibus.
1447 458 1500 521 llic
1519 459 1586 531 igitar

256 551 410 611 commoda
434 552 592 613 admodum
617 552 701 612 nobis
727 555 837 615 accidit
860 546 1096 634 aequipollentia
1119 552 1198 613 inter
1221 551 1297 620 NA,
1323 549 1387 610 ΜΒ
1408 548 1462 610 &a
1485 555 1514 608 et
1531 548 1587 609 iuter

258 639 323 712 AB,
348 639 401 702 BC
426 640 477 701 &a
526 640 606 710 Quia
634 642 711 703 enim
741 643 906 721 indigemus
936 643 1068 723 ipsorum
1092 642 1161 714 NA,
1184 641 1246 702 ΜΒ
1273 637 1456 718 quadratis,
1482 656 1533 697 non
1550 654 1588 716 per

255 748 296 799 se,
322 729 374 787 sed
399 728 435 790 ob
460 739 591 791 nmtuam
625 750 726 792 eorum
759 733 1000 811 proportionem:
1033 731 1082 793 hic
1106 729 1192 791 nobis
1226 726 1373 789 subsidio
1405 725 1488 787 seuit
1507 723 1588 787 June

253 816 397 896 Byrgius,
429 820 651 896 proportionem
683 821 785 882 horum
816 822 1029 899 quadratorum
1058 838 1211 898 exponens
1236 816 1267 877 in
1295 815 1391 877 lineis
1421 814 1520 876 rectis.
1550 813 1588 905 'Sit

254 905 330 965 euim
354 906 383 966 iu
407 908 580 969 continuato
613 909 790 989 quadrantis
821 911 917 973 nostri
941 910 1052 971 circulo
1087 907 1297 970 semicirculus
1321 901 1429 976 uQT,
1451 903 1586 965 dirisrsir

148 1000 155 1015 '
252 1004 355 1072 partes
380 1014 502 1057 numero
526 999 667 1078 aequales
691 999 828 1077 partibus
854 999 1030 1078 quadrantis
1044 996 1104 1059 NG
1129 994 1328 1077 aequalibus,
1347 992 1521 1071 quantitate
1540 1011 1586 1053 rar

252 1082 360 1162 duplas
384 1085 520 1157 illarum;
546 1095 577 1147 et
591 1088 652 1148 sint
675 1106 795 1149 arcuum
819 1088 997 1149 semicirculi
1022 1086 1156 1165 sagittae
1174 1084 1272 1147 uthic
1298 1083 1410 1144 ordine
1435 1081 1534 1142 uidere
1551 1098 1588 1141 aa

264 1229 433 1239 ...η-...-

253 1306 267 1433 r
899 1285 949 1417 a
971 1233 1075 1513 ld
1095 1280 1146 1416 rt
1232 1321 1266 1368 i
1288 1315 1398 1449 rm
1415 1294 1592 1449 amu

253 1486 257 1599 i
323 1442 511 1592 qulgritqpqus
602 1445 645 1577 ἐξ
702 1446 754 1578 ἔξ
802 1446 849 1587 ἑξ
873 1426 876 1549 i
900 1446 950 1579 ἐξ
999 1444 1047 1576 {3
1069 1522 1072 1575 1
1096 1444 1144 1577 {ss
1194 1476 1233 1530 sie
1252 1477 1311 1530 hae
1335 1475 1437 1531 lineae
1457 1475 1528 1529 inter
1543 1491 1591 1553 ra.¹

252 1616 383 1635 ‘—
476 1642 479 1647 ¹
553 1629 674 1636 -.--—-
688 1630 709 1637 .-
736 1631 741 1635 .
754 1630 970 1637 .....—-—....-..

340 1704 409 1766 lam
439 1726 510 1766 vero
543 1708 631 1768 binae
664 1708 795 1789 sagittae
821 1708 880 1770 OV
904 1719 936 1769 et
959 1706 1012 1770 SV
1047 1715 1178 1787 aequant
1210 1707 1399 1787 diametrum
1427 1704 1541 1783 circuli,
1561 1703 1592 1763 ait

253 1794 344 1855 etiam
368 1795 434 1868 PX,
458 1797 528 1858 RX.
576 1796 678 1868 Quare
706 1817 758 1876 pro
792 1798 947 1878 quadratis
972 1799 1029 1859 AN
1054 1808 1087 1857 et
1110 1794 1172 1857 GG
1195 1795 1268 1869 (hoc
1300 1794 1468 1871 analogice
1496 1793 1591 1873 appelle
1628 1834 1633 1870 5

254 1884 448 1962 quadratum)
487 1886 614 1947 sumitur
655 1887 803 1948 diameter
841 1887 911 1959 NT,
955 1906 1008 1967 pro
1050 1885 1206 1966 quadratis
1246 1884 1331 1957 ΒΜ,
1378 1885 1435 1944 Fll
1474 1882 1591 1944 diameter
1625 1938 1632 1959 ἰ

255 1972 336 2045 alia,
380 1991 434 2051 pro
474 1975 629 2054 quadratis
662 1973 732 2047 CL,
765 1976 806 2037 El
838 1977 946 2047 tertia,
987 1977 1113 2055 denique
1149 1992 1204 2053 pro
1241 1973 1398 2052 quadrato
1428 1971 1489 2033 ΒΚ
1521 1970 1587 2032 seni-
1624 2012 1633 2047 q

255 2054 400 2122 diameter
427 2062 496 2132 ΥΩ.
548 2063 654 2145 Itaque
687 2065 728 2136 si,
758 2074 830 2144 quot
858 2072 927 2126 sunt
958 2065 1088 2144 partium
1121 2062 1289 2142 aequalium
1330 2059 1514 2141 quadrantis
1542 2069 1587 2121 aa
1628 2100 1632 2125 ι

254 2151 339 2224 mini,
379 2159 424 2210 tot
461 2153 643 2214 constituam
681 2153 970 2215 semidiametrornm
1008 2172 1169 2223 summam,
1206 2151 1306 2212 habeo
1346 2168 1501 2211 summam
1531 2168 1587 2230 qna·
1624 2206 1632 2223 ,

254 2239 406 2300 dratomm
445 2242 574 2302 omnium
614 2243 729 2305 sinuum
766 2244 804 2303 ad
843 2234 911 2303 illas
948 2249 1061 2322 partes.
1115 2240 1156 2302 Et
1188 2239 1257 2319 quia
1292 2239 1497 2301 terminorum

253 2345 307 2406 per
329 2348 387 2390 nuo
410 2329 477 2408 plus
502 2340 566 2404 est,
598 2351 686 2411 quarn
710 2332 857 2410 partium:
892 2332 958 2391 ideo
984 2330 1227 2402 sciendumest,
1260 2348 1319 2407 quo
1347 2327 1452 2406 magis
1482 2327 1588 2388 minna

253 2417 424 2498 multaeque
447 2418 522 2479 fiunt
545 2421 632 2481 unius
666 2421 840 2498 quadrantis
865 2430 984 2500 partes,
1014 2421 1069 2480 lroc
1093 2419 1189 2498 magis
1213 2417 1378 2478 terminum
1403 2417 1484 2478 hunc
1505 2432 1584 2493 snper·
1624 2454 1633 2481 a

223 2534 229 2541 ·
253 2507 451 2567 numerarium
478 2527 667 2570 evanescere.
709 2512 815 2587 ltaque
837 2529 889 2588 pro
907 2506 949 2572 90
965 2509 1102 2588 partibus
1126 2507 1302 2586 quadrantis
1323 2502 1370 2570 90
1396 2500 1583 2566 semidiametri
1624 2501 1628 2512 '

254 2604 371 2657 sumtae
387 2616 475 2674 quam
491 2598 623 2676 proxima
639 2588 823 2659 constituunt
840 2617 985 2658 summam
1002 2598 1132 2658 omnium
1151 2597 1382 2677 quadratorum.
1416 2594 1583 2673 Reliquam
1618 2612 1621 2619 ·

254 2704 374 2745 arcuum
399 2704 531 2747 summae
556 2687 743 2765 colligendae
768 2697 837 2747 sunt
854 2707 890 2747 ex
907 2687 1049 2747 contiuua
1067 2686 1218 2747 additione
1240 2683 1424 2757 secantium,
1450 2692 1486 2744 ut
1502 2682 1583 2743 sciata

255 2775 409 2853 quantitas
434 2777 557 2835 effectus
582 2777 610 2836 in
635 2796 692 2836 uno
717 2776 850 2855 quolibet
874 2795 944 2837 arcu
973 2776 1136 2837 distantiae
1162 2764 1264 2835 amaa
1288 2793 1308 2832 a
1332 2772 1410 2835 Sole
1433 2772 1485 2834 vel
1507 2765 1582 2846 00&

240 2863 320 2925 -Hoc
344 2864 445 2943 itaque
470 2876 561 2944 pacto
586 2866 635 2939 fir,
667 2876 700 2926 ut
728 2864 975 2937 accelerationem
1009 2865 1036 2924 in
1061 2864 1176 2943 copulis
1206 2870 1423 2942 repraesentet
1444 2856 1583 2945 lineali..

255 2963 286 3012 et
309 2953 557 3014 accelerationem
586 2954 615 3014 in
640 2954 762 3034 quadris
793 2954 873 3014 linea
895 2951 916 3015 0
941 2973 993 3015 seu
1017 2954 1107 3015 nulla.
1156 2949 1231 3012 Cum
1253 2950 1360 3030 itaque
1384 2968 1442 3030 pro
1463 2946 1584 3031 ΠΜ

253 3060 306 3121 pro
337 3042 441 3102 ultimo
475 3042 569 3120 gradu
603 3044 779 3121 quadrantis
799 3037 976 3104 'distantiae
999 3042 1104 3103 Lunae
1133 3039 1247 3102 aSole
1279 3048 1423 3101 sumatur
1455 3024 1584 3101 riusa-ll
1626 3096 1629 3101 .

255 3131 410 3203 diameter,
436 3131 477 3190 sit
496 3150 566 3192 vero
588 3132 624 3192 de
640 3151 756 3193 sumrua
781 3132 910 3193 omnium
934 3131 1113 3209 sagittarum
1136 3148 1208 3209 pars
1228 3129 1471 3209 quadragesima
1494 3126 1633 3207 quintu„

254 3219 312 3279 erit
342 3219 434 3293 igitur
464 3221 549 3280 valor
583 3220 645 3298 ejus
679 3222 715 3279 de
749 3241 865 3282 summa
900 3220 1129 3282 accelerationis
1166 3216 1326 3299 quadranti
1369 3219 1479 3279 debita
1510 3223 1584 3276 tentat
1623 3253 1629 3287 .-

255 3305 285 3370 3‘
310 3301 426 3387 34²s,“.
473 3309 557 3368 Haec
583 3319 630 3368 est
664 3310 843 3400 acceleratio
869 3311 897 3369 in
923 3309 1017 3388 primo
1048 3309 1143 3386 gradu
1171 3307 1335 3368 distantiae
1367 3306 1478 3367 Lunae
1502 3301 1585 3365 aaut
1624 3340 1633 3380 :

254 3397 301 3456 vel
327 3400 364 3468 00.
411 3398 500 3460 Adde
524 3398 602 3457 hanc
627 3399 664 3457 ad
689 3400 837 3459 modulum
863 3399 966 3460 virtuti
991 3397 1107 3458 metrici
1132 3395 1262 3458 Telluris
1286 3396 1445 3473 aequabili
1472 3393 1586 3459 debitia
1625 3430 1633 3468 5

254 3485 370 3547 scilicet
393 3487 429 3546 ad
456 3483 509 3547 58¹
529 3482 606 3565 12²1,
616 3488 645 3559 “‚
671 3488 824 3548 conficitur
844 3485 897 3548 61⁴
912 3484 953 3550 47
964 3480 993 3564 ¹),
1003 3491 1032 3546 ¹¹.
1071 3487 1128 3547 Est
1151 3486 1228 3545 enim
1253 3485 1441 3546 acceleratio
1460 3481 1492 3546 3⁴
1507 3476 1586 3556 34²3st

256 3576 392 3656 praecise
417 3576 508 3655 dupla
536 3576 756 3650 diminutionis,
792 3594 867 3655 quae
892 3577 929 3636 ad
953 3577 1041 3653 huJ’us
1074 3575 1181 3635 calculi
1214 3574 1341 3634 sormam
1366 3581 1419 3635 est
1442 3568 1587 3635 necessari
1626 3621 1633 3643 .,

258 3673 319 3725 tarn
345 3665 374 3726 in
390 3665 501 3725 uitiosa
525 3684 611 3743 quam
637 3666 845 3726 inemendata
870 3666 976 3726 forma.
1012 3666 1118 3744 ltaque
1143 3664 1190 3724 liic
1214 3662 1242 3722 in
1267 3659 1303 3720 1⁰
1325 3661 1587 3724 distantiaaLna
1626 3698 1633 3734 ·‚

256 3754 370 3816 aSole
394 3754 524 3814 variatio
554 3764 601 3815 est
633 3753 661 3815 1⁴
687 3749 797 3835 47¹1st
822 3754 969 3815 addenda.
1016 3753 1131 3817 Contra
1159 3753 1188 3812 in
1213 3751 1335 3830 quadris
1367 3762 1400 3812 et
1422 3751 1519 3831 gradu
1540 3764 1588 3827 prr
1630 3767 1633 3771 ·

254 3842 334 3904 ximo
357 3862 411 3922 pro
436 3844 550 3904 duobus
574 3844 727 3921 gradibus,
762 3862 819 3904 uno
844 3844 873 3903 iu
903 3843 1018 3922 copulis
1043 3852 1075 3904 et
1101 3861 1159 3903 unu
1184 3841 1212 3902 in
1237 3840 1381 3918 quadris,
1417 3841 1505 3902 valet
1533 3838 1590 3899 rins
1628 3853 1633 3914 ξ

254 3933 327 3995 NT:
362 3932 445 3993 illam
468 3952 539 3993 vero
564 3934 815 3994 totamvindicat
848 3933 958 4011 gradrm
982 3933 1170 4011 copularum,
1203 3937 1236 3990 ut
1259 3930 1302 3989 ita
1325 3928 1404 3991 nihil
1427 3930 1590 4007 relinquatur
1631 3990 1633 4003 ,

255 4021 360 4098 gradui
384 4021 412 4081 in
438 4020 567 4102 quadris.
606 4021 639 4084 Si
663 4022 769 4101 gradui
793 4018 823 4082 in
847 4020 979 4101 quadris,
1005 4040 1058 4100 pro
1082 4018 1288 4090 diminutione,
1313 4036 1407 4098 quam
1431 4027 1485 4081 est
1505 4029 1590 4097 pm!

256 4111 380 4171 eandem
404 4130 469 4171 cum
500 4104 608 4170 ceteris'
640 4111 817 4191 quadrantis
850 4110 1009 4181 gradibus,
1042 4109 1116 4170 nihil
1150 4108 1280 4184 vicissim
1312 4107 1460 4169 accedit:
1495 4102 1591 4185 ergoit

256 4208 356 4260 manet
380 4199 554 4271 diminutus,
578 4200 694 4260 scilicet
718 4197 771 4262 58⁴
800 4194 876 4280 12²1,
886 4202 914 4258 ¹¹.
962 4199 1043 4278 Ergo
1073 4197 1200 4258 variatio
1229 4203 1407 4274 competens
1432 4197 1516 4259 circa
1536 4211 1591 4274 qua·

256 4289 326 4349 dras
350 4298 398 4349 est
428 4289 452 4349 l‘
476 4282 556 4369 47¹1,
567 4288 586 4318 ¹‘
611 4289 825 4350 subtrahenda.
875 4289 950 4349 Erat
972 4306 1042 4347 vero
1066 4287 1096 4349 in
1119 4285 1235 4366 copulis
1266 4285 1408 4363 ejusdem
1432 4279 1591 4366 quantitati

256 4377 402 4438 addenda.
448 4379 507 4439 Est
537 4377 627 4455 igitur
658 4379 811 4457 inopinata
842 4376 1075 4457 aequipollentia
1106 4394 1190 4437 mera
1221 4373 1301 4435 inter
1329 4373 1413 4436 hauc
1447 4366 1592 4436 meamal

256 4465 398 4544 physicas
423 4486 531 4527 causas
554 4468 811 4528 accommodatam
834 4467 942 4527 calculi
961 4465 1099 4537 formam,
1124 4465 1258 4544 interque
1277 4462 1488 4542 Tychonicam
1509 4454 1592 4524 calculi

258 4557 381 4615 formam
404 4555 532 4628 circelli,
566 4556 648 4634 cujus
673 4565 771 4617 motus
801 4557 890 4635 duplo
923 4555 1049 4615 celerior
1073 4564 1121 4615 est
1144 4549 1330 4630 digressione
1355 4551 1466 4613 Lunae
1490 4573 1510 4612 a
1531 4547 1591 4613 Sola

255 4642 324 4705 Dici
348 4664 404 4704 non
429 4654 544 4721 potest,
573 4664 661 4723 quam
686 4646 774 4705 valde
799 4664 844 4704 me
868 4643 1083 4705 exhilaraverit
1109 4641 1280 4721 inopinatus
1304 4639 1354 4700 hic
1380 4642 1485 4704 exitus
1508 4633 1592 4702 caleni

257 4743 289 4796 et
311 4733 537 4806 demonstratio,
564 4735 641 4813 quod
666 4734 758 4795 etiam
775 4732 925 4815 Tychonis
949 4733 1087 4793 circellus
1112 4750 1178 4793 cum
1193 4746 1247 4792 suo
1262 4738 1348 4790 motu
1368 4730 1487 4810 duplici
1509 4735 1592 4791 conus

256 4842 344 4909 quam
368 4823 515 4887 hactenus
545 4823 732 4890 credideram
759 4823 860 4887 causis
891 4822 1004 4885 nitatur
1036 4820 1180 4913 physicis.
1226 4818 1307 4887 Nam
1333 4818 1495 4883 circellum
1516 4819 1591 4900 ipsu
