3278 5550
119 2856 289 2984 {mam
309 2898 379 2967 VO.
424 2902 475 2969 Ae
496 2906 556 2969 etet
575 2904 662 2969 aiano
682 2904 718 2967 iu
740 2898 766 2967 0
790 2902 896 2965 Terra
918 2908 974 2977 eet,
991 2900 1129 2985 perinde
1148 2908 1256 2967 tomen
1278 2910 1335 2979 eat,
1357 2902 1442 2969 cael

119 2979 169 3055 fit
185 2990 225 3055 ira
247 2990 280 3053 V
297 2998 433 3077 puncto,
462 2994 549 3059 nude
577 2992 729 3077 dependet
754 2990 866 3075 prima
893 2986 1113 3071 inaequatum.
1162 2990 1321 3075 Captatur
1340 2992 1442 3077 ipilur

119 3082 306 3165 *martis
328 3078 417 3145 bona
435 3080 583 3165 planetae
603 3084 662 3147 sat
674 3082 766 3167 ficte,
790 3082 911 3165 motion
931 3080 969 3143 ira
988 3078 1093 3143 lineae
1115 3076 1174 3143 CV
1192 3088 1308 3163 puncto
1330 3080 1440 3163 aliquo

122 3169 256 3255 *noim
272 3168 305 3231 V
327 3168 457 3237 alha'O
471 3172 579 3255 feeerit
598 3172 686 3235 oleata
709 3170 792 3251 (eote
814 3168 850 3233 in
870 3166 967 3233 tineis
989 3164 1057 3245 GV,
1081 3166 1138 3231 OG
1162 3176 1193 3233 et
1213 3164 1383 3253 oppositio)
1405 3178 1443 3235 ut

120 3252 189 3336 *rt
209 3264 353 3323 emm
374 3262 555 3343 optumatis
568 3260 750 3345 planetarii
768 3258 805 3323 in
819 3254 937 3321 cirmalo
953 3256 1019 3333 VP,
1044 3256 1104 3323 Sol
1124 3258 1198 3323 ras
1220 3266 1252 3323 et
1265 3258 1306 3337 G,
1328 3280 1443 3345 amputa

137 3413 154 3435 Ι,
259 3368 279 3409 e
298 3350 427 3431 sapione
447 3352 484 3413 iu
507 3348 546 3422 0,
565 3350 607 3425 l'3
630 3348 687 3413 etsi
712 3348 740 3409 in
764 3346 883 3411 theoria
896 3346 1006 3409 Martis
1029 3346 1214 3411 eccentricns
1235 3348 1377 3429 planetae
1403 3350 1442 3411 ad

198 3436 293 3499 meum
318 3436 400 3499 Solis
423 3438 453 3503 in
476 3438 581 3501 minori
603 3438 796 3519 proportione
819 3442 882 3511 ost,
910 3434 987 3497 adeo
1009 3442 1043 3497 nt
1066 3436 1252 3501 eccentricus
1274 3438 1385 3503 Martia
1409 3444 1442 3501 et

120 3526 206 3605 ficta
227 3523 273 3599 0,
299 3526 328 3591 F
360 3526 435 3590 liant
460 3528 518 3609 ipsi
543 3526 568 3591 C
592 3530 703 3591 Terrae
735 3526 875 3607 propiora
896 3542 986 3607 qnam
1009 3522 1033 3587 S
1056 3522 1129 3587 Sol:
1162 3546 1238 3607 qnae
1271 3546 1332 3591 nna
1362 3526 1446 3589 inter-

120 3622 200 3679 m
222 3614 291 3691 tuit,
325 3632 384 3689 cnr,
400 3616 536 3681 Braheus
559 3616 675 3679 orbium
704 3614 891 3681 soliditatem
922 3622 1059 3695 negaret.
1105 3614 1153 3677 Ex
1181 3614 1319 3697 plnribna
1350 3616 1442 3695 igitur

120 3700 168 3767 ω’·
186 3704 358 3785 husjusmodi
381 3714 414 3769 et
435 3706 554 3769 omnino
577 3724 616 3769 ex
638 3705 784 3781 totidem,
815 3713 887 3785 quot
916 3702 1018 3765 haberi
1046 3711 1190 3783 potuere,
1214 3704 1316 3788 Tycho
1339 3706 1439 3767 Brahe

121 3788 199 3857 rlitns
222 3802 272 3855 est
294 3792 478 3875 investigare
506 3794 733 3877 inaequalitatis
759 3794 872 3875 primae
900 3792 1094 3875 hypothesin.
1127 3792 1264 3874 reposita
1295 3794 1440 3874 amplitu-

120 3878 163 3944 iao
183 3881 267 3944 orbis
283 3880 350 3956 VP,
375 3904 468 3965 eaque
491 3905 545 3965 pro
569 3884 656 3947 unito
674 3891 785 3965 puncto
808 3882 979 3956 aestimata,
1004 3880 1090 3962 qrrasi
1105 3882 1162 3945 VP
1180 3890 1313 3945 centrum
1338 3892 1438 3965 syste-

121 3970 183 4035 utia
197 3970 373 4053 planetarii,
393 3992 444 4033 seu
460 3982 602 4053 puuctum
618 3974 777 4046 allisionis,
799 3972 916 4033 iuterim
926 3970 1100 4051 quievisset.
1125 3974 1173 4033 lta
1187 3972 1440 4051 comparationem

121 4058 224 4123 nstituit
251 4062 398 4141 temporis
427 4063 583 4143 interlapsi
607 4074 638 4124 et
662 4062 851 4143 angulorum,
882 4080 955 4139 qum
979 4058 1038 4121 VO
1063 4069 1094 4121 et
1118 4062 1167 4121 PF
1190 4082 1225 4121 ex
1252 4080 1307 4121 mm
1331 4070 1441 4141 puncto

121 4148 219 4213 luctae
243 4149 497 4221 (coincidentibus
519 4152 559 4227 V,
585 4154 634 4226 P),
660 4152 900 4222 conformarent,
935 4151 983 4230 qui
1014 4149 1131 4228 quidem
1160 4158 1230 4211 sieut
1259 4151 1348 4211 iidem
1373 4170 1440 4211 cum

121 4238 209 4320 ngnlis
234 4236 319 4301 OCF
342 4240 388 4301 vel
413 4239 507 4301 VCP.

177 4328 256 4389 Esto
277 4328 342 4407 jam
366 4330 505 4390 confecta
528 4330 697 4409 pragmatio
721 4337 752 4390 et
775 4328 902 4409 prodeat
925 4327 1004 4388 linea
1025 4326 1161 4404 apsidum
1183 4326 1343 4389 eceentrici
1358 4326 1441 4389 VLD

121 4417 142 4479 el
164 4418 263 4487 PLD.
295 4418 488 4497 Dpuuctum
520 4418 725 4499 aequaturium
754 4427 784 4478 et
807 4418 833 4477 L
864 4426 998 4477 centrum
1028 4416 1188 4477 eceentrioi
1217 4417 1245 4477 iu
1271 4418 1327 4478 hac
1351 4418 1441 4493 linea,

121 4524 127 4566 ;
156 4507 344 4568 eecentricus
370 4506 431 4568 llO
465 4516 496 4569 et
519 4510 592 4582 Fll,
618 4517 648 4568 et
672 4508 855 4587 respoudeat
886 4506 960 4567 haec
994 4505 1168 4585 hypothesis
1202 4506 1336 4567 oumibus
1367 4506 1441 4568 locis

121 4596 235 4657 lanetae
271 4596 440 4657 observatis
483 4598 537 4659 sub
576 4598 719 4660 articulos
753 4596 949 4677 oppositionis
982 4594 1124 4674 planetae
1163 4614 1227 4656 cum
1263 4596 1344 4657 Solis
1377 4598 1441 4657 loeo

123 4686 196 4747 edio.

180 4774 276 4835 Mitto
300 4773 330 4835 iu
355 4794 500 4853 praeseus
525 4775 697 4853 diligentius
718 4784 867 4848 excutere,
893 4784 990 4835 utrum
1003 4772 1078 4833 haec
1094 4773 1269 4854 hypothesis
1288 4773 1316 4834 iu
1333 4792 1441 4851 genere

122 4862 227 4947 rysicis
255 4862 411 4963 principiis
440 4864 481 4926 sit
505 4872 723 4937 consentanea,
748 4865 775 4925 in
801 4884 860 4945 qua
883 4863 935 4927 Sol
960 4864 1083 4925 Terram
1107 4862 1244 4924 circumit
1266 4872 1364 4923 menta
1388 4882 1443 4923 sun
