<?xml version="1.0" encoding="UTF-8"?>
<!DOCTYPE html PUBLIC "-//W3C//DTD XHTML 1.0 Transitional//EN"
    "http://www.w3.org/TR/xhtml1/DTD/xhtml1-transitional.dtd">
<html xmlns="http://www.w3.org/1999/xhtml" xml:lang="en" lang="en">
 <head>
  <title>
</title>
<meta http-equiv="Content-Type" content="text/html;charset=utf-8" />
  <meta name='ocr-system' content='tesseract 3.04.00' />
  <meta name='ocr-capabilities' content='ocr_page ocr_carea ocr_par ocr_line ocrx_word'/>
</head>
<body>
  <div class='ocr_page' id='page_1' title='image "./joanniskepleria12frisgoog/joanniskepleria12frisgoog_0700.png"; bbox 0 0 3278 5550; ppageno 0'>
   <div class='ocr_carea' id='block_1_1' title="bbox 564 271 1386 351">
    <p class='ocr_par' dir='ltr' id='par_1_1' title="bbox 564 271 1386 351">
     <span class='ocr_line' id='line_1_1' title="bbox 564 271 1386 351; baseline 0.005 -10"><span class='ocrx_word' id='word_1_1' title='bbox 564 272 705 341; x_wconf 67' lang='lat' dir='ltr'><strong>asom</strong></span> <span class='ocrx_word' id='word_1_2' title='bbox 723 271 865 327; x_wconf 68' lang='lat' dir='ltr'><strong>omous-</strong></span> <span class='ocrx_word' id='word_1_3' title='bbox 1187 346 1190 351; x_wconf 79' lang='grc'><strong>,</strong></span> <span class='ocrx_word' id='word_1_4' title='bbox 1323 274 1386 347; x_wconf 80' lang='lat' dir='ltr'><strong>ooo</strong></span> 
     </span>
    </p>
   </div>
   <div class='ocr_carea' id='block_1_2' title="bbox 23 450 1401 2229">
    <p class='ocr_par' dir='ltr' id='par_1_2' title="bbox 27 450 1401 1413">
     <span class='ocr_line' id='line_1_2' title="bbox 30 450 1387 534; baseline 0.004 -18"><span class='ocrx_word' id='word_1_5' title='bbox 30 450 122 516; x_wconf 88' lang='lat' dir='ltr'><strong>Solis</strong></span> <span class='ocrx_word' id='word_1_6' title='bbox 145 462 176 515; x_wconf 87' lang='lat' dir='ltr'><strong>et</strong></span> <span class='ocrx_word' id='word_1_7' title='bbox 197 454 302 516; x_wconf 90' lang='lat' dir='ltr'><strong>Lunae</strong></span> <span class='ocrx_word' id='word_1_8' title='bbox 326 453 432 515; x_wconf 91' lang='lat' dir='ltr'><strong>mediis</strong></span> <span class='ocrx_word' id='word_1_9' title='bbox 460 453 508 514; x_wconf 88' lang='lat' dir='ltr'><strong>vel</strong></span> <span class='ocrx_word' id='word_1_10' title='bbox 531 452 561 514; x_wconf 92' lang='lat' dir='ltr'><strong>in</strong></span> <span class='ocrx_word' id='word_1_11' title='bbox 584 451 757 515; x_wconf 71' lang='lat' dir='ltr'><strong>alterutrius</strong></span> <span class='ocrx_word' id='word_1_12' title='bbox 780 453 974 534; x_wconf 79' lang='lat' dir='ltr'><strong>aequatione,</strong></span> <span class='ocrx_word' id='word_1_13' title='bbox 1002 460 1034 515; x_wconf 83' lang='lat' dir='ltr'><strong>et</strong></span> <span class='ocrx_word' id='word_1_14' title='bbox 1056 453 1102 516; x_wconf 87' lang='lat' dir='ltr'><strong>sic</strong></span> <span class='ocrx_word' id='word_1_15' title='bbox 1125 455 1218 517; x_wconf 87' lang='lat' dir='ltr'><strong>varie.</strong></span> <span class='ocrx_word' id='word_1_16' title='bbox 1266 455 1387 523; x_wconf 87' lang='lat' dir='ltr'><strong>Poteri-</strong></span> 
     </span>
     <span class='ocr_line' id='line_1_3' title="bbox 31 541 1389 625; baseline 0.001 -18"><span class='ocrx_word' id='word_1_17' title='bbox 31 560 106 607; x_wconf 86' lang='lat' dir='ltr'><strong>mus</strong></span> <span class='ocrx_word' id='word_1_18' title='bbox 136 551 235 604; x_wconf 87' lang='lat' dir='ltr'><strong>autem</strong></span> <span class='ocrx_word' id='word_1_19' title='bbox 268 541 410 605; x_wconf 91' lang='lat' dir='ltr'><strong>adhibere</strong></span> <span class='ocrx_word' id='word_1_20' title='bbox 442 541 604 604; x_wconf 83' lang='lat' dir='ltr'><strong>hodiernos</strong></span> <span class='ocrx_word' id='word_1_21' title='bbox 634 541 828 621; x_wconf 86' lang='lat' dir='ltr'><strong>aequationes</strong></span> <span class='ocrx_word' id='word_1_22' title='bbox 856 542 959 604; x_wconf 93' lang='lat' dir='ltr'><strong>Lunae</strong></span> <span class='ocrx_word' id='word_1_23' title='bbox 988 550 1131 624; x_wconf 86' lang='lat' dir='ltr'><strong>tanquam</strong></span> <span class='ocrx_word' id='word_1_24' title='bbox 1162 552 1323 625; x_wconf 89' lang='lat' dir='ltr'><strong>perpetuas</strong></span> <span class='ocrx_word' id='word_1_25' title='bbox 1357 555 1389 609; x_wconf 91' lang='lat' dir='ltr'><strong>et</strong></span> 
     </span>
     <span class='ocr_line' id='line_1_4' title="bbox 29 626 1388 713; baseline 0.003 -18"><span class='ocrx_word' id='word_1_26' title='bbox 29 631 202 713; x_wconf 91' lang='lat' dir='ltr'><strong>pericolum</strong></span> <span class='ocrx_word' id='word_1_27' title='bbox 234 626 343 694; x_wconf 83' lang='lat' dir='ltr'><strong>iacer&#39;e.</strong></span> <span class='ocrx_word' id='word_1_28' title='bbox 388 633 438 697; x_wconf 89' lang='lat' dir='ltr'><strong>Ita</strong></span> <span class='ocrx_word' id='word_1_29' title='bbox 469 639 501 693; x_wconf 89' lang='lat' dir='ltr'><strong>et</strong></span> <span class='ocrx_word' id='word_1_30' title='bbox 530 649 585 712; x_wconf 94' lang='lat' dir='ltr'><strong>per</strong></span> <span class='ocrx_word' id='word_1_31' title='bbox 613 630 775 693; x_wconf 87' lang='lat' dir='ltr'><strong>hodieruas</strong></span> <span class='ocrx_word' id='word_1_32' title='bbox 808 631 1003 713; x_wconf 84' lang='lat' dir='ltr'><strong>aequatioues</strong></span> <span class='ocrx_word' id='word_1_33' title='bbox 1033 631 1124 694; x_wconf 86' lang='lat' dir='ltr'><strong>Solis.</strong></span> <span class='ocrx_word' id='word_1_34' title='bbox 1171 633 1233 696; x_wconf 86' lang='lat' dir='ltr'><strong>Sed</strong></span> <span class='ocrx_word' id='word_1_35' title='bbox 1261 654 1309 699; x_wconf 89' lang='lat' dir='ltr'><strong>res</strong></span> <span class='ocrx_word' id='word_1_36' title='bbox 1340 647 1388 699; x_wconf 89' lang='lat' dir='ltr'><strong>est</strong></span> 
     </span>
     <span class='ocr_line' id='line_1_5' title="bbox 29 719 1387 805; baseline 0.004 -23"><span class='ocrx_word' id='word_1_37' title='bbox 29 720 127 787; x_wconf 85' lang='lat' dir='ltr'><strong>valde</strong></span> <span class='ocrx_word' id='word_1_38' title='bbox 149 720 294 802; x_wconf 87' lang='lat' dir='ltr'><strong>perplexa</strong></span> <span class='ocrx_word' id='word_1_39' title='bbox 315 720 353 782; x_wconf 93' lang='lat' dir='ltr'><strong>ob</strong></span> <span class='ocrx_word' id='word_1_40' title='bbox 376 719 565 793; x_wconf 88' lang='lat' dir='ltr'><strong>varietatem,</strong></span> <span class='ocrx_word' id='word_1_41' title='bbox 587 720 657 782; x_wconf 92' lang='lat' dir='ltr'><strong>dum</strong></span> <span class='ocrx_word' id='word_1_42' title='bbox 673 719 773 781; x_wconf 88' lang='lat' dir='ltr'><strong>omnia</strong></span> <span class='ocrx_word' id='word_1_43' title='bbox 790 728 932 801; x_wconf 86' lang='lat' dir='ltr'><strong>suspecta</strong></span> <span class='ocrx_word' id='word_1_44' title='bbox 951 728 1029 805; x_wconf 81' lang='lat' dir='ltr'><strong>sunt.</strong></span> <span class='ocrx_word' id='word_1_45' title='bbox 1068 722 1255 802; x_wconf 79' lang='lat' dir='ltr'><strong>Apogaeum,</strong></span> <span class='ocrx_word' id='word_1_46' title='bbox 1268 743 1387 789; x_wconf 80' lang='lat' dir='ltr'><strong>¹eccen-</strong></span> 
     </span>
     <span class='ocr_line' id='line_1_6' title="bbox 28 808 1401 891; baseline 0.003 -18"><span class='ocrx_word' id='word_1_47' title='bbox 28 808 168 889; x_wconf 64' lang='lat' dir='ltr'><strong>tridtss,</strong></span> <span class='ocrx_word' id='word_1_48' title='bbox 193 818 291 871; x_wconf 87' lang='lat' dir='ltr'><strong>motus</strong></span> <span class='ocrx_word' id='word_1_49' title='bbox 314 809 441 883; x_wconf 89' lang='lat' dir='ltr'><strong>medius,</strong></span> <span class='ocrx_word' id='word_1_50' title='bbox 465 808 625 891; x_wconf 69' lang='lat' dir='ltr'><strong>obliquitas</strong></span> <span class='ocrx_word' id='word_1_51' title='bbox 639 808 807 887; x_wconf 87' lang='lat' dir='ltr'><strong>eclipticae,</strong></span> <span class='ocrx_word' id='word_1_52' title='bbox 831 809 936 872; x_wconf 84' lang='lat' dir='ltr'><strong>Lunae</strong></span> <span class='ocrx_word' id='word_1_53' title='bbox 952 809 1114 885; x_wconf 75' lang='lat' dir='ltr'><strong>anomalia,</strong></span> <span class='ocrx_word' id='word_1_54' title='bbox 1138 819 1237 873; x_wconf 87' lang='lat' dir='ltr'><strong>motus</strong></span> <span class='ocrx_word' id='word_1_55' title='bbox 1261 813 1401 890; x_wconf 81' lang='lat' dir='ltr'><strong>medius,</strong></span> 
     </span>
     <span class='ocr_line' id='line_1_7' title="bbox 29 897 1387 979; baseline 0.003 -18"><span class='ocrx_word' id='word_1_56' title='bbox 29 900 265 973; x_wconf 80' lang='lat' dir='ltr'><strong>ecceutricitas,</strong></span> <span class='ocrx_word' id='word_1_57' title='bbox 287 899 470 979; x_wconf 83' lang='lat' dir='ltr'><strong>parallaxis,</strong></span> <span class='ocrx_word' id='word_1_58' title='bbox 500 898 621 978; x_wconf 89' lang='lat' dir='ltr'><strong>insuper</strong></span> <span class='ocrx_word' id='word_1_59' title='bbox 644 897 785 972; x_wconf 90' lang='lat' dir='ltr'><strong>latitudo,</strong></span> <span class='ocrx_word' id='word_1_60' title='bbox 809 898 882 960; x_wconf 91' lang='lat' dir='ltr'><strong>item</strong></span> <span class='ocrx_word' id='word_1_61' title='bbox 905 899 981 963; x_wconf 91' lang='lat' dir='ltr'><strong>hora</strong></span> <span class='ocrx_word' id='word_1_62' title='bbox 1004 898 1064 960; x_wconf 91' lang='lat' dir='ltr'><strong>diei</strong></span> <span class='ocrx_word' id='word_1_63' title='bbox 1087 899 1238 978; x_wconf 83' lang='lat' dir='ltr'><strong>ignorata.</strong></span> <span class='ocrx_word' id='word_1_64' title='bbox 1285 900 1387 973; x_wconf 84' lang='lat' dir='ltr'><strong>Quare</strong></span> 
     </span>
     <span class='ocr_line' id='line_1_8' title="bbox 28 985 1386 1071; baseline 0.002 -21"><span class='ocrx_word' id='word_1_65' title='bbox 28 1007 155 1050; x_wconf 84' lang='lat' dir='ltr'><strong>summa</strong></span> <span class='ocrx_word' id='word_1_66' title='bbox 169 987 436 1067; x_wconf 77' lang='lat' dir='ltr'><strong>circumspectione</strong></span> <span class='ocrx_word' id='word_1_67' title='bbox 453 1006 527 1068; x_wconf 91' lang='lat' dir='ltr'><strong>opus</strong></span> <span class='ocrx_word' id='word_1_68' title='bbox 542 995 598 1062; x_wconf 89' lang='lat' dir='ltr'><strong>est,</strong></span> <span class='ocrx_word' id='word_1_69' title='bbox 623 985 672 1049; x_wconf 92' lang='lat' dir='ltr'><strong>nbi</strong></span> <span class='ocrx_word' id='word_1_70' title='bbox 688 986 898 1066; x_wconf 85' lang='lat' dir='ltr'><strong>incipiendum,</strong></span> <span class='ocrx_word' id='word_1_71' title='bbox 922 986 992 1069; x_wconf 93' lang='lat' dir='ltr'><strong>quid</strong></span> <span class='ocrx_word' id='word_1_72' title='bbox 1009 1005 1063 1066; x_wconf 90' lang='lat' dir='ltr'><strong>pro</strong></span> <span class='ocrx_word' id='word_1_73' title='bbox 1083 988 1250 1052; x_wconf 78' lang='lat' dir='ltr'><strong>indubitato</strong></span> <span class='ocrx_word' id='word_1_74' title='bbox 1269 1009 1386 1071; x_wconf 90' lang='lat' dir='ltr'><strong>ponen-</strong></span> 
     </span>
     <span class='ocr_line' id='line_1_9' title="bbox 28 1068 1386 1158; baseline 0.004 -19"><span class='ocrx_word' id='word_1_75' title='bbox 28 1076 124 1139; x_wconf 89' lang='lat' dir='ltr'><strong>dum:</strong></span> <span class='ocrx_word' id='word_1_76' title='bbox 156 1095 233 1158; x_wconf 91' lang='lat' dir='ltr'><strong>quae</strong></span> <span class='ocrx_word' id='word_1_77' title='bbox 264 1075 532 1157; x_wconf 81' lang='lat' dir='ltr'><strong>experientiaper</strong></span> <span class='ocrx_word' id='word_1_78' title='bbox 563 1084 729 1139; x_wconf 89' lang='lat' dir='ltr'><strong>ceterorum</strong></span> <span class='ocrx_word' id='word_1_79' title='bbox 759 1076 946 1155; x_wconf 89' lang='lat' dir='ltr'><strong>planetarum</strong></span> <span class='ocrx_word' id='word_1_80' title='bbox 970 1085 1070 1139; x_wconf 88' lang='lat' dir='ltr'><strong>motus</strong></span> <span class='ocrx_word' id='word_1_81' title='bbox 1093 1068 1296 1141; x_wconf 80' lang='lat' dir='ltr'><strong>c&#39;onlirmanda</strong></span> <span class='ocrx_word' id='word_1_82' title='bbox 1319 1080 1386 1145; x_wconf 82' lang='lat' dir='ltr'><strong>fuit</strong></span> 
     </span>
     <span class='ocr_line' id='line_1_10' title="bbox 27 1163 1387 1249; baseline 0.001 -20"><span class='ocrx_word' id='word_1_83' title='bbox 27 1166 86 1229; x_wconf 76' lang='lat' dir='ltr'><strong>lta</strong></span> <span class='ocrx_word' id='word_1_84' title='bbox 109 1174 140 1228; x_wconf 90' lang='lat' dir='ltr'><strong>et</strong></span> <span class='ocrx_word' id='word_1_85' title='bbox 163 1174 329 1237; x_wconf 87' lang='lat' dir='ltr'><strong>ceterorum</strong></span> <span class='ocrx_word' id='word_1_86' title='bbox 352 1165 541 1245; x_wconf 75' lang='lat' dir='ltr'><strong>planetarum</strong></span> <span class='ocrx_word' id='word_1_87' title='bbox 563 1173 661 1228; x_wconf 87' lang='lat' dir='ltr'><strong>motus</strong></span> <span class='ocrx_word' id='word_1_88' title='bbox 691 1163 782 1226; x_wconf 91' lang='lat' dir='ltr'><strong>utiles</strong></span> <span class='ocrx_word' id='word_1_89' title='bbox 810 1185 877 1227; x_wconf 89' lang='lat' dir='ltr'><strong>esse</strong></span> <span class='ocrx_word' id='word_1_90' title='bbox 904 1173 1033 1247; x_wconf 87' lang='lat' dir='ltr'><strong>possunt</strong></span> <span class='ocrx_word' id='word_1_91' title='bbox 1060 1166 1225 1242; x_wconf 83' lang='lat' dir='ltr'><strong>indirecte,</strong></span> <span class='ocrx_word' id='word_1_92' title='bbox 1256 1178 1289 1231; x_wconf 91' lang='lat' dir='ltr'><strong>ut</strong></span> <span class='ocrx_word' id='word_1_93' title='bbox 1312 1188 1387 1249; x_wconf 82' lang='lat' dir='ltr'><strong>geo-</strong></span> 
     </span>
     <span class='ocr_line' id='line_1_11' title="bbox 28 1253 1387 1340; baseline 0 -21"><span class='ocrx_word' id='word_1_94' title='bbox 28 1256 146 1319; x_wconf 74' lang='lat' dir='ltr'><strong>netrr&#39;a</strong></span> <span class='ocrx_word' id='word_1_95' title='bbox 167 1255 246 1317; x_wconf 84' lang='lat' dir='ltr'><strong>alias</strong></span> <span class='ocrx_word' id='word_1_96' title='bbox 270 1255 308 1316; x_wconf 93' lang='lat' dir='ltr'><strong>ad</strong></span> <span class='ocrx_word' id='word_1_97' title='bbox 332 1270 431 1317; x_wconf 89' lang='lat' dir='ltr'><strong>mores</strong></span> <span class='ocrx_word' id='word_1_98' title='bbox 455 1254 546 1317; x_wconf 85' lang='lat' dir='ltr'><strong>etad</strong></span> <span class='ocrx_word' id='word_1_99' title='bbox 571 1266 673 1318; x_wconf 85' lang='lat' dir='ltr'><strong>omnes</strong></span> <span class='ocrx_word' id='word_1_100' title='bbox 696 1253 823 1316; x_wconf 89' lang='lat' dir='ltr'><strong>subtiles</strong></span> <span class='ocrx_word' id='word_1_101' title='bbox 847 1262 929 1317; x_wconf 88' lang='lat' dir='ltr'><strong>artes</strong></span> <span class='ocrx_word' id='word_1_102' title='bbox 952 1255 1036 1318; x_wconf 86' lang='lat' dir='ltr'><strong>utilis</strong></span> <span class='ocrx_word' id='word_1_103' title='bbox 1059 1274 1127 1318; x_wconf 89' lang='lat' dir='ltr'><strong>esse</strong></span> <span class='ocrx_word' id='word_1_104' title='bbox 1151 1257 1276 1334; x_wconf 90' lang='lat' dir='ltr'><strong>dicitur,</strong></span> <span class='ocrx_word' id='word_1_105' title='bbox 1300 1260 1387 1340; x_wconf 80' lang='lat' dir='ltr'><strong>inge-</strong></span> 
     </span>
     <span class='ocr_line' id='line_1_12' title="bbox 27 1338 420 1413; baseline -0.015 -4"><span class='ocrx_word' id='word_1_106' title='bbox 27 1338 116 1409; x_wconf 82' lang='lat' dir='ltr'><strong>nium</strong></span> <span class='ocrx_word' id='word_1_107' title='bbox 139 1343 340 1407; x_wconf 89' lang='lat' dir='ltr'><strong>accendendo.</strong></span> <span class='ocrx_word' id='word_1_108' title='bbox 417 1398 420 1413; x_wconf 85' lang='grc'>,</span> 
     </span>
    </p>

    <p class='ocr_par' dir='ltr' id='par_1_3' title="bbox 23 1432 1387 2229">
     <span class='ocr_line' id='line_1_13' title="bbox 123 1432 1386 1514; baseline 0.001 -16"><span class='ocrx_word' id='word_1_109' title='bbox 123 1435 195 1498; x_wconf 85' lang='lat' dir='ltr'><strong>Alio</strong></span> <span class='ocrx_word' id='word_1_110' title='bbox 228 1433 317 1496; x_wconf 93' lang='lat' dir='ltr'><strong>modo</strong></span> <span class='ocrx_word' id='word_1_111' title='bbox 349 1433 537 1514; x_wconf 86' lang='lat' dir='ltr'><strong>planetarum</strong></span> <span class='ocrx_word' id='word_1_112' title='bbox 570 1439 754 1507; x_wconf 89' lang='lat' dir='ltr'><strong>ceterorum,</strong></span> <span class='ocrx_word' id='word_1_113' title='bbox 786 1451 821 1493; x_wconf 89' lang='lat' dir='ltr'><strong>ac</strong></span> <span class='ocrx_word' id='word_1_114' title='bbox 853 1432 1031 1513; x_wconf 90' lang='lat' dir='ltr'><strong>praesertim</strong></span> <span class='ocrx_word' id='word_1_115' title='bbox 1058 1433 1169 1496; x_wconf 88' lang='lat' dir='ltr'><strong>Martis</strong></span> <span class='ocrx_word' id='word_1_116' title='bbox 1199 1443 1232 1497; x_wconf 91' lang='lat' dir='ltr'><strong>et</strong></span> <span class='ocrx_word' id='word_1_117' title='bbox 1254 1435 1386 1499; x_wconf 90' lang='lat' dir='ltr'><strong>Veneris</strong></span> 
     </span>
     <span class='ocr_line' id='line_1_14' title="bbox 27 1519 1384 1604; baseline 0.001 -18"><span class='ocrx_word' id='word_1_118' title='bbox 27 1523 171 1597; x_wconf 85' lang='lat' dir='ltr'><strong>theoriae</strong></span> <span class='ocrx_word' id='word_1_119' title='bbox 189 1523 354 1604; x_wconf 90' lang='lat' dir='ltr'><strong>prodemut</strong></span> <span class='ocrx_word' id='word_1_120' title='bbox 370 1520 471 1584; x_wconf 87' lang='lat' dir='ltr'><strong>Solari</strong></span> <span class='ocrx_word' id='word_1_121' title='bbox 490 1519 635 1585; x_wconf 89' lang='lat' dir='ltr'><strong>theoriae.</strong></span> <span class='ocrx_word' id='word_1_122' title='bbox 672 1519 708 1584; x_wconf 88' lang='lat' dir='ltr'><strong>Si</strong></span> <span class='ocrx_word' id='word_1_123' title='bbox 730 1519 819 1582; x_wconf 83' lang='lat' dir='ltr'><strong>binae</strong></span> <span class='ocrx_word' id='word_1_124' title='bbox 835 1521 944 1586; x_wconf 86' lang='lat' dir='ltr'><strong>saltem</strong></span> <span class='ocrx_word' id='word_1_125' title='bbox 964 1522 994 1584; x_wconf 94' lang='lat' dir='ltr'><strong>in</strong></span> <span class='ocrx_word' id='word_1_126' title='bbox 1013 1522 1140 1602; x_wconf 84' lang='lat' dir='ltr'><strong>singulis</strong></span> <span class='ocrx_word' id='word_1_127' title='bbox 1155 1523 1384 1588; x_wconf 88' lang='lat' dir='ltr'><strong>observationes</strong></span> 
     </span>
     <span class='ocr_line' id='line_1_15' title="bbox 28 1609 1383 1693; baseline 0.001 -18"><span class='ocrx_word' id='word_1_128' title='bbox 28 1620 137 1676; x_wconf 83' lang='lat' dir='ltr'><strong>certae</strong></span> <span class='ocrx_word' id='word_1_129' title='bbox 160 1612 222 1674; x_wconf 89' lang='lat' dir='ltr'><strong>siut</strong></span> <span class='ocrx_word' id='word_1_130' title='bbox 246 1613 367 1692; x_wconf 88' lang='lat' dir='ltr'><strong>(quales</strong></span> <span class='ocrx_word' id='word_1_131' title='bbox 391 1619 480 1686; x_wconf 91' lang='lat' dir='ltr'><strong>sunt,</strong></span> <span class='ocrx_word' id='word_1_132' title='bbox 509 1611 534 1672; x_wconf 94' lang='lat' dir='ltr'><strong>si</strong></span> <span class='ocrx_word' id='word_1_133' title='bbox 558 1629 624 1673; x_wconf 91' lang='lat' dir='ltr'><strong>cum</strong></span> <span class='ocrx_word' id='word_1_134' title='bbox 651 1609 719 1671; x_wconf 83' lang='lat' dir='ltr'><strong>lixis</strong></span> <span class='ocrx_word' id='word_1_135' title='bbox 744 1609 800 1671; x_wconf 83' lang='lat' dir='ltr'><strong>visi</strong></span> <span class='ocrx_word' id='word_1_136' title='bbox 825 1620 896 1671; x_wconf 89' lang='lat' dir='ltr'><strong>sunt</strong></span> <span class='ocrx_word' id='word_1_137' title='bbox 918 1612 1093 1691; x_wconf 82' lang='lat' dir='ltr'><strong>conjungi),</strong></span> <span class='ocrx_word' id='word_1_138' title='bbox 1124 1621 1193 1673; x_wconf 91' lang='lat' dir='ltr'><strong>tunc</strong></span> <span class='ocrx_word' id='word_1_139' title='bbox 1218 1613 1288 1693; x_wconf 87' lang='lat' dir='ltr'><strong>quia</strong></span> <span class='ocrx_word' id='word_1_140' title='bbox 1311 1614 1383 1689; x_wconf 89' lang='lat' dir='ltr'><strong>scio,</strong></span> 
     </span>
     <span class='ocr_line' id='line_1_16' title="bbox 27 1699 1384 1784; baseline -0.001 -19"><span class='ocrx_word' id='word_1_141' title='bbox 27 1701 268 1784; x_wconf 69' lang='lat' dir='ltr'><strong>inaequalitates</strong></span> <span class='ocrx_word' id='word_1_142' title='bbox 302 1719 405 1762; x_wconf 89' lang='lat' dir='ltr'><strong>omnes</strong></span> <span class='ocrx_word' id='word_1_143' title='bbox 436 1708 564 1780; x_wconf 89' lang='lat' dir='ltr'><strong>praeter·</strong></span> <span class='ocrx_word' id='word_1_144' title='bbox 588 1699 704 1761; x_wconf 91' lang='lat' dir='ltr'><strong>unicam</strong></span> <span class='ocrx_word' id='word_1_145' title='bbox 731 1718 798 1761; x_wconf 90' lang='lat' dir='ltr'><strong>esse</strong></span> <span class='ocrx_word' id='word_1_146' title='bbox 829 1718 866 1761; x_wconf 83' lang='lat' dir='ltr'><strong>ex</strong></span> <span class='ocrx_word' id='word_1_147' title='bbox 894 1699 965 1762; x_wconf 92' lang='lat' dir='ltr'><strong>Sole</strong></span> <span class='ocrx_word' id='word_1_148' title='bbox 995 1701 1119 1782; x_wconf 89' lang='lat' dir='ltr'><strong>ejusque</strong></span> <span class='ocrx_word' id='word_1_149' title='bbox 1149 1700 1384 1778; x_wconf 82' lang='lat' dir='ltr'><strong>ecceutricitate,</strong></span> 
     </span>
     <span class='ocr_line' id='line_1_17' title="bbox 27 1787 1386 1871; baseline 0.004 -22"><span class='ocrx_word' id='word_1_150' title='bbox 27 1791 144 1853; x_wconf 81' lang='lat' dir='ltr'><strong>videbo</strong></span> <span class='ocrx_word' id='word_1_151' title='bbox 168 1791 285 1871; x_wconf 84' lang='lat' dir='ltr'><strong>itaque,</strong></span> <span class='ocrx_word' id='word_1_152' title='bbox 316 1791 469 1851; x_wconf 86' lang='lat' dir='ltr'><strong>minutane</strong></span> <span class='ocrx_word' id='word_1_153' title='bbox 492 1789 573 1853; x_wconf 90' lang='lat' dir='ltr'><strong>Solis</strong></span> <span class='ocrx_word' id='word_1_154' title='bbox 601 1787 810 1850; x_wconf 86' lang='lat' dir='ltr'><strong>eccentricitas</strong></span> <span class='ocrx_word' id='word_1_155' title='bbox 840 1809 877 1849; x_wconf 86' lang='lat' dir='ltr'><strong>au</strong></span> <span class='ocrx_word' id='word_1_156' title='bbox 903 1797 992 1851; x_wconf 85' lang='lat' dir='ltr'><strong>aucta</strong></span> <span class='ocrx_word' id='word_1_157' title='bbox 1015 1791 1075 1852; x_wconf 89' lang='lat' dir='ltr'><strong>illis</strong></span> <span class='ocrx_word' id='word_1_158' title='bbox 1099 1791 1205 1870; x_wconf 88' lang='lat' dir='ltr'><strong>prosit.</strong></span> <span class='ocrx_word' id='word_1_159' title='bbox 1252 1790 1314 1854; x_wconf 91' lang='lat' dir='ltr'><strong>Sed</strong></span> <span class='ocrx_word' id='word_1_160' title='bbox 1337 1791 1386 1854; x_wconf 92' lang='lat' dir='ltr'><strong>hic</strong></span> 
     </span>
     <span class='ocr_line' id='line_1_18' title="bbox 26 1875 1387 1961; baseline 0.001 -18"><span class='ocrx_word' id='word_1_161' title='bbox 26 1878 335 1961; x_wconf 86' lang='lat' dir='ltr'><strong>praesupponendum</strong></span> <span class='ocrx_word' id='word_1_162' title='bbox 352 1887 408 1952; x_wconf 88' lang='lat' dir='ltr'><strong>est,-</strong></span> <span class='ocrx_word' id='word_1_163' title='bbox 433 1877 674 1941; x_wconf 89' lang='lat' dir='ltr'><strong>eccentrieitates</strong></span> <span class='ocrx_word' id='word_1_164' title='bbox 696 1875 885 1958; x_wconf 87' lang='lat' dir='ltr'><strong>planetarum</strong></span> <span class='ocrx_word' id='word_1_165' title='bbox 904 1898 972 1940; x_wconf 90' lang='lat' dir='ltr'><strong>esse</strong></span> <span class='ocrx_word' id='word_1_166' title='bbox 989 1890 1173 1941; x_wconf 86' lang='lat' dir='ltr'><strong>constantes.</strong></span> <span class='ocrx_word' id='word_1_167' title='bbox 1212 1881 1247 1942; x_wconf 93' lang='lat' dir='ltr'><strong>ln</strong></span> <span class='ocrx_word' id='word_1_168' title='bbox 1271 1899 1387 1943; x_wconf 89' lang='lat' dir='ltr'><strong>summa</strong></span> 
     </span>
     <span class='ocr_line' id='line_1_19' title="bbox 28 1966 1385 2047; baseline 0.001 -15"><span class='ocrx_word' id='word_1_169' title='bbox 28 1969 157 2032; x_wconf 84' lang='lat' dir='ltr'><strong>l&#39;ortuna</strong></span> <span class='ocrx_word' id='word_1_170' title='bbox 171 1968 338 2039; x_wconf 84' lang='lat' dir='ltr'><strong>invocanda</strong></span> <span class='ocrx_word' id='word_1_171' title='bbox 354 1975 410 2030; x_wconf 87' lang='lat' dir='ltr'><strong>est</strong></span> <span class='ocrx_word' id='word_1_172' title='bbox 448 1968 526 2030; x_wconf 91' lang='lat' dir='ltr'><strong>Nam</strong></span> <span class='ocrx_word' id='word_1_173' title='bbox 548 1973 670 2047; x_wconf 87' lang='lat' dir='ltr'><strong>propter</strong></span> <span class='ocrx_word' id='word_1_174' title='bbox 692 1966 842 2028; x_wconf 87' lang='lat' dir='ltr'><strong>delectum</strong></span> <span class='ocrx_word' id='word_1_175' title='bbox 862 1967 1106 2030; x_wconf 86' lang='lat' dir='ltr'><strong>observationum</strong></span> <span class='ocrx_word' id='word_1_176' title='bbox 1129 1969 1303 2033; x_wconf 90' lang='lat' dir='ltr'><strong>idonearum</strong></span> <span class='ocrx_word' id='word_1_177' title='bbox 1324 1988 1385 2033; x_wconf 88' lang='lat' dir='ltr'><strong>nou</strong></span> 
     </span>
     <span class='ocr_line' id='line_1_20' title="bbox 27 2055 1384 2141; baseline 0.001 -22"><span class='ocrx_word' id='word_1_178' title='bbox 27 2064 141 2139; x_wconf 66' lang='lat' dir='ltr'><strong>potero</strong></span> <span class='ocrx_word' id='word_1_179' title='bbox 164 2057 208 2120; x_wconf 90' lang='lat' dir='ltr'><strong>uti</strong></span> <span class='ocrx_word' id='word_1_180' title='bbox 230 2056 447 2141; x_wconf 84' lang='lat' dir='ltr'><strong>multiplicibus</strong></span> <span class='ocrx_word' id='word_1_181' title='bbox 475 2056 577 2119; x_wconf 88' lang='lat' dir='ltr'><strong>meris·</strong></span> <span class='ocrx_word' id='word_1_182' title='bbox 594 2055 790 2137; x_wconf 87' lang='lat' dir='ltr'><strong>problematis</strong></span> <span class='ocrx_word' id='word_1_183' title='bbox 823 2057 1052 2132; x_wconf 84' lang='lat' dir='ltr'><strong>astronomicis,</strong></span> <span class='ocrx_word' id='word_1_184' title='bbox 1085 2066 1118 2119; x_wconf 89' lang='lat' dir='ltr'><strong>ut</strong></span> <span class='ocrx_word' id='word_1_185' title='bbox 1144 2057 1287 2121; x_wconf 85' lang='lat' dir='ltr'><strong>methodo</strong></span> <span class='ocrx_word' id='word_1_186' title='bbox 1310 2078 1384 2139; x_wconf 92' lang='lat' dir='ltr'><strong>pro-</strong></span> 
     </span>
     <span class='ocr_line' id='line_1_21' title="bbox 23 2144 1337 2229; baseline 0.003 -22"><span class='ocrx_word' id='word_1_187' title='bbox 23 2147 141 2210; x_wconf 86' lang='lat' dir='ltr'><strong>cedam</strong></span> <span class='ocrx_word' id='word_1_188' title='bbox 162 2144 363 2209; x_wconf 82' lang='lat' dir='ltr'><strong>infallibiliter</strong></span> <span class='ocrx_word' id='word_1_189' title='bbox 386 2145 425 2207; x_wconf 91' lang='lat' dir='ltr'><strong>ad</strong></span> <span class='ocrx_word' id='word_1_190' title='bbox 448 2146 535 2208; x_wconf 86' lang='lat' dir='ltr'><strong>finem</strong></span> <span class='ocrx_word' id='word_1_191' title='bbox 559 2164 645 2207; x_wconf 88' lang='lat' dir='ltr'><strong>suum</strong></span> <span class='ocrx_word' id='word_1_192' title='bbox 667 2144 847 2226; x_wconf 84' lang='lat' dir='ltr'><strong>procedente</strong></span> <span class='ocrx_word' id='word_1_193' title='bbox 872 2165 909 2208; x_wconf 86' lang='lat' dir='ltr'><strong>ex</strong></span> <span class='ocrx_word' id='word_1_194' title='bbox 932 2146 1148 2209; x_wconf 85' lang='lat' dir='ltr'><strong>sufficientibus</strong></span> <span class='ocrx_word' id='word_1_195' title='bbox 1170 2146 1337 2229; x_wconf 88' lang='lat' dir='ltr'><strong>principiis.</strong></span> 
     </span>
    </p>
   </div>
   <div class='ocr_carea' id='block_1_3' title="bbox 12 2411 1456 4405">
    <p class='ocr_par' dir='ltr' id='par_1_4' title="bbox 119 2411 744 2464">
     <span class='ocr_line' id='line_1_22' title="bbox 119 2411 744 2464; baseline -0.006 0"><span class='ocrx_word' id='word_1_196' title='bbox 119 2413 162 2464; x_wconf 74' lang='lat' dir='ltr'><strong>Ad</strong></span> <span class='ocrx_word' id='word_1_197' title='bbox 178 2413 242 2464; x_wconf 83' lang='lat' dir='ltr'><strong>haec</strong></span> <span class='ocrx_word' id='word_1_198' title='bbox 259 2411 488 2463; x_wconf 82' lang='lat' dir='ltr'><strong>flersrartus:</strong></span> <span class='ocrx_word' id='word_1_199' title='bbox 516 2411 679 2463; x_wconf 85' lang='lat' dir='ltr'><strong>Ehrenrester</strong></span> <span class='ocrx_word' id='word_1_200' title='bbox 696 2418 744 2463; x_wconf 78' lang='lat' dir='ltr'><strong>etc.</strong></span> 
     </span>
    </p>

    <p class='ocr_par' dir='ltr' id='par_1_5' title="bbox 27 2481 1456 2618">
     <span class='ocr_line' id='line_1_23' title="bbox 119 2481 1456 2618; baseline 0.004 -83"><span class='ocrx_word' id='word_1_201' title='bbox 119 2484 217 2535; x_wconf 86' lang='lat' dir='ltr'><strong>Dessen</strong></span> <span class='ocrx_word' id='word_1_202' title='bbox 236 2482 437 2618; x_wconf 55' lang='lat' dir='ltr'><strong>Schreiben⁷bgqs</strong></span> <span class='ocrx_word' id='word_1_203' title='bbox 454 2483 496 2533; x_wconf 89' lang='lat' dir='ltr'><strong>ich</strong></span> <span class='ocrx_word' id='word_1_204' title='bbox 511 2483 558 2533; x_wconf 76' lang='lat' dir='ltr'><strong>vol</strong></span> <span class='ocrx_word' id='word_1_205' title='bbox 577 2485 725 2549; x_wconf 75' lang='lat' dir='ltr'><strong>emptangeu</strong></span> <span class='ocrx_word' id='word_1_206' title='bbox 744 2483 794 2533; x_wconf 90' lang='lat' dir='ltr'><strong>und</strong></span> <span class='ocrx_word' id='word_1_207' title='bbox 812 2483 860 2532; x_wconf 85' lang='lat' dir='ltr'><strong>srill</strong></span> <span class='ocrx_word' id='word_1_208' title='bbox 879 2483 922 2533; x_wconf 89' lang='lat' dir='ltr'><strong>des</strong></span> <span class='ocrx_word' id='word_1_209' title='bbox 936 2481 1062 2535; x_wconf 78' lang='lat' dir='ltr'><strong>blasstlini</strong></span> <span class='ocrx_word' id='word_1_210' title='bbox 1080 2484 1167 2535; x_wconf 90' lang='lat' dir='ltr'><strong>balber</strong></span> <span class='ocrx_word' id='word_1_211' title='bbox 1185 2486 1258 2536; x_wconf 87' lang='lat' dir='ltr'><strong>einen</strong></span> <span class='ocrx_word' id='word_1_212' title='bbox 1271 2484 1382 2540; x_wconf 74' lang='lat' dir='ltr'><strong>venum</strong></span> <span class='ocrx_word' id='word_1_213' title='bbox 1450 2496 1456 2507; x_wconf 92' lang='lat'><em>&#39;</em></span> 
     </span>
     <span class='ocr_line' id='line_1_24' title="bbox 27 2554 1397 2617; baseline -0.001 -9"><span class='ocrx_word' id='word_1_214' title='bbox 27 2555 91 2608; x_wconf 73' lang='lat' dir='ltr'><strong>tbnn</strong></span> <span class='ocrx_word' id='word_1_215' title='bbox 111 2554 171 2617; x_wconf 83' lang='lat' dir='ltr'><strong>(vid.</strong></span> <span class='ocrx_word' id='word_1_216' title='bbox 190 2555 246 2605; x_wconf 81' lang='lat' dir='ltr'><strong>Vol.</strong></span> <span class='ocrx_word' id='word_1_217' title='bbox 266 2554 305 2616; x_wconf 88' lang='lat'><strong>11,</strong></span> <span class='ocrx_word' id='word_1_218' title='bbox 343 2591 348 2604; x_wconf 94' lang='lat'><em>.</em></span> <span class='ocrx_word' id='word_1_219' title='bbox 386 2554 401 2604; x_wconf 81' lang='grc'>5</span> <span class='ocrx_word' id='word_1_220' title='bbox 432 2591 439 2605; x_wconf 90' lang='grc'><strong>.</strong></span> <span class='ocrx_word' id='word_1_221' title='bbox 805 2592 807 2599; x_wconf 34' lang='lat'><strong>⁴</strong></span> <span class='ocrx_word' id='word_1_222' title='bbox 1274 2572 1282 2585; x_wconf 65' lang='lat'><strong><em>‘</em></strong></span> <span class='ocrx_word' id='word_1_223' title='bbox 1394 2558 1397 2563; x_wconf 88' lang='lat'>&#39;</span> 
     </span>
    </p>

    <p class='ocr_par' dir='ltr' id='par_1_6' title="bbox 22 2571 1382 2834">
     <span class='ocr_line' id='line_1_25' title="bbox 119 2571 1382 2694; baseline 0.002 -17"><span class='ocrx_word' id='word_1_224' title='bbox 119 2626 169 2678; x_wconf 87' lang='lat' dir='ltr'><strong>Die</strong></span> <span class='ocrx_word' id='word_1_225' title='bbox 186 2571 410 2694; x_wconf 69' lang='lat' dir='ltr'><strong>Progymnaimata</strong></span> <span class='ocrx_word' id='word_1_226' title='bbox 427 2624 550 2690; x_wconf 73' lang='lat' dir='ltr'><strong>&#39;tychonis</strong></span> <span class='ocrx_word' id='word_1_227' title='bbox 568 2625 638 2675; x_wconf 83' lang='lat' dir='ltr'><strong>seind</strong></span> <span class='ocrx_word' id='word_1_228' title='bbox 656 2626 690 2674; x_wconf 88' lang='lat' dir='ltr'><strong>im</strong></span> <span class='ocrx_word' id='word_1_229' title='bbox 704 2624 825 2691; x_wconf 77' lang='lat' dir='ltr'><strong>Catalego</strong></span> <span class='ocrx_word' id='word_1_230' title='bbox 844 2625 894 2679; x_wconf 82' lang='lat' dir='ltr'><strong>und</strong></span> <span class='ocrx_word' id='word_1_231' title='bbox 912 2625 1020 2692; x_wconf 71' lang='lat' dir='ltr'><strong>lolglicb,</strong></span> <span class='ocrx_word' id='word_1_232' title='bbox 1039 2628 1085 2677; x_wconf 78' lang='lat' dir='ltr'><strong>erle</strong></span> <span class='ocrx_word' id='word_1_233' title='bbox 1103 2627 1145 2678; x_wconf 87' lang='lat' dir='ltr'><strong>ich</strong></span> <span class='ocrx_word' id='word_1_234' title='bbox 1161 2628 1236 2687; x_wconf 77' lang='lat' dir='ltr'><strong>bolis,</strong></span> <span class='ocrx_word' id='word_1_235' title='bbox 1255 2628 1382 2687; x_wconf 76' lang='lat' dir='ltr'><strong>odentllclr</strong></span> 
     </span>
     <span class='ocr_line' id='line_1_26' title="bbox 24 2696 1382 2764; baseline 0.003 -14"><span class='ocrx_word' id='word_1_236' title='bbox 24 2698 154 2751; x_wconf 76' lang='lat' dir='ltr'><strong>amelii·</strong></span> <span class='ocrx_word' id='word_1_237' title='bbox 170 2698 229 2761; x_wconf 77' lang='lat' dir='ltr'><strong>ieyl.</strong></span> <span class='ocrx_word' id='word_1_238' title='bbox 265 2697 411 2764; x_wconf 68' lang='lat' dir='ltr'><strong>Tenguagel</strong></span> <span class='ocrx_word' id='word_1_239' title='bbox 428 2698 482 2763; x_wconf 73' lang='lat' dir='ltr'><strong>gibt</strong></span> <span class='ocrx_word' id='word_1_240' title='bbox 498 2698 545 2746; x_wconf 90' lang='lat' dir='ltr'><strong>mir</strong></span> <span class='ocrx_word' id='word_1_241' title='bbox 562 2696 635 2747; x_wconf 71' lang='lat' dir='ltr'><strong>deine</strong></span> <span class='ocrx_word' id='word_1_242' title='bbox 653 2699 773 2747; x_wconf 77' lang='lat' dir='ltr'><strong>Antvort</strong></span> <span class='ocrx_word' id='word_1_243' title='bbox 810 2696 847 2747; x_wconf 89' lang='lat' dir='ltr'><strong>Ist</strong></span> <span class='ocrx_word' id='word_1_244' title='bbox 868 2697 987 2763; x_wconf 71' lang='lat' dir='ltr'><strong>moglicb,</strong></span> <span class='ocrx_word' id='word_1_245' title='bbox 1011 2700 1076 2748; x_wconf 89' lang='lat' dir='ltr'><strong>mein</strong></span> <span class='ocrx_word' id='word_1_246' title='bbox 1096 2697 1229 2751; x_wconf 83' lang='lat' dir='ltr'><strong>Sehreiben</strong></span> <span class='ocrx_word' id='word_1_247' title='bbox 1252 2700 1302 2752; x_wconf 83' lang='lat' dir='ltr'><strong>leab</strong></span> <span class='ocrx_word' id='word_1_248' title='bbox 1323 2702 1382 2755; x_wconf 81' lang='lat' dir='ltr'><strong>tune</strong></span> 
     </span>
     <span class='ocr_line' id='line_1_27' title="bbox 22 2766 845 2834; baseline -0.002 -14"><span class='ocrx_word' id='word_1_249' title='bbox 22 2770 157 2826; x_wconf 71' lang='lat' dir='ltr'><strong>oflandirt,</strong></span> <span class='ocrx_word' id='word_1_250' title='bbox 176 2784 203 2818; x_wconf 96' lang='grc' dir='ltr'><strong>ιο</strong></span> <span class='ocrx_word' id='word_1_251' title='bbox 221 2769 262 2821; x_wconf 89' lang='lat' dir='ltr'><strong>ich</strong></span> <span class='ocrx_word' id='word_1_252' title='bbox 280 2769 344 2820; x_wconf 90' lang='lat' dir='ltr'><strong>doch</strong></span> <span class='ocrx_word' id='word_1_253' title='bbox 360 2768 412 2819; x_wconf 90' lang='lat' dir='ltr'><strong>lrne</strong></span> <span class='ocrx_word' id='word_1_254' title='bbox 430 2769 480 2819; x_wconf 87' lang='lat' dir='ltr'><strong>oud</strong></span> <span class='ocrx_word' id='word_1_255' title='bbox 499 2769 547 2819; x_wconf 89' lang='lat' dir='ltr'><strong>den</strong></span> <span class='ocrx_word' id='word_1_256' title='bbox 565 2766 646 2818; x_wconf 80' lang='lat' dir='ltr'><strong>Erben</strong></span> <span class='ocrx_word' id='word_1_257' title='bbox 665 2776 711 2833; x_wconf 73' lang='lat' dir='ltr'><strong>gut</strong></span> <span class='ocrx_word' id='word_1_258' title='bbox 728 2769 845 2834; x_wconf 77' lang='lat' dir='ltr'><strong>gemeint</strong></span> 
     </span>
    </p>

    <p class='ocr_par' dir='ltr' id='par_1_7' title="bbox 12 2837 1381 3477">
     <span class='ocr_line' id='line_1_28' title="bbox 119 2837 1381 2908; baseline 0.003 -18"><span class='ocrx_word' id='word_1_259' title='bbox 119 2841 234 2891; x_wconf 79' lang='lat' dir='ltr'><strong>Resides</strong></span> <span class='ocrx_word' id='word_1_260' title='bbox 257 2840 305 2890; x_wconf 86' lang='lat' dir='ltr'><strong>dno</strong></span> <span class='ocrx_word' id='word_1_261' title='bbox 328 2840 404 2890; x_wconf 88' lang='lat' dir='ltr'><strong>dubia</strong></span> <span class='ocrx_word' id='word_1_262' title='bbox 426 2841 565 2905; x_wconf 87' lang='lat' dir='ltr'><strong>propositae</strong></span> <span class='ocrx_word' id='word_1_263' title='bbox 588 2841 755 2903; x_wconf 86' lang='lat' dir='ltr'><strong>quaestionis:</strong></span> <span class='ocrx_word' id='word_1_264' title='bbox 785 2837 811 2900; x_wconf 88' lang='lat'><strong>1)</strong></span> <span class='ocrx_word' id='word_1_265' title='bbox 829 2853 922 2888; x_wconf 72' lang='lat' dir='ltr'><strong>narum</strong></span> <span class='ocrx_word' id='word_1_266' title='bbox 940 2839 1096 2891; x_wconf 85' lang='lat' dir='ltr'><strong>Ptolemaeus</strong></span> <span class='ocrx_word' id='word_1_267' title='bbox 1122 2844 1303 2908; x_wconf 81' lang='lat' dir='ltr'><strong>aequinoctium</strong></span> <span class='ocrx_word' id='word_1_268' title='bbox 1321 2843 1381 2895; x_wconf 89' lang='lat' dir='ltr'><strong>illud</strong></span> 
     </span>
     <span class='ocr_line' id='line_1_29' title="bbox 18 2905 1381 2979; baseline 0.003 -18"><span class='ocrx_word' id='word_1_269' title='bbox 18 2912 178 2967; x_wconf 76' lang='lat' dir='ltr'><strong>autumnale</strong></span> <span class='ocrx_word' id='word_1_270' title='bbox 196 2926 220 2961; x_wconf 88' lang='lat' dir='ltr'><strong>a.</strong></span> <span class='ocrx_word' id='word_1_271' title='bbox 236 2909 278 2961; x_wconf 75' lang='lat'><strong>³2.</strong></span> <span class='ocrx_word' id='word_1_272' title='bbox 298 2912 388 2961; x_wconf 88' lang='lat' dir='ltr'><strong>tertiae</strong></span> <span class='ocrx_word' id='word_1_273' title='bbox 399 2912 491 2975; x_wconf 83' lang='lat' dir='ltr'><strong>periodi</strong></span> <span class='ocrx_word' id='word_1_274' title='bbox 503 2909 646 2974; x_wconf 83' lang='lat' dir='ltr'><strong>Calipplcae</strong></span> <span class='ocrx_word' id='word_1_275' title='bbox 663 2912 773 2961; x_wconf 89' lang='lat' dir='ltr'><strong>secunda</strong></span> <span class='ocrx_word' id='word_1_276' title='bbox 789 2911 830 2961; x_wconf 92' lang='lat' dir='ltr'><strong>die</strong></span> <span class='ocrx_word' id='word_1_277' title='bbox 841 2905 1027 2979; x_wconf 63' lang='grc' dir='ltr'><strong>ἐπαγομενω</strong></span> <span class='ocrx_word' id='word_1_278' title='bbox 1045 2914 1070 2963; x_wconf 90' lang='lat' dir='ltr'><strong>iu</strong></span> <span class='ocrx_word' id='word_1_279' title='bbox 1083 2927 1176 2965; x_wconf 85' lang='lat' dir='ltr'><strong>annum</strong></span> <span class='ocrx_word' id='word_1_280' title='bbox 1189 2912 1248 2964; x_wconf 87' lang='grc'><strong>178.</strong></span> <span class='ocrx_word' id='word_1_281' title='bbox 1269 2929 1286 2964; x_wconf 88' lang='lat' dir='ltr'><strong>a</strong></span> <span class='ocrx_word' id='word_1_282' title='bbox 1303 2922 1381 2966; x_wconf 83' lang='lat' dir='ltr'><strong>morta</strong></span> 
     </span>
     <span class='ocr_line' id='line_1_30' title="bbox 15 2978 1381 3049; baseline 0 -12"><span class='ocrx_word' id='word_1_283' title='bbox 15 2982 167 3036; x_wconf 72' lang='lat' dir='ltr'><strong>Alexandri</strong></span> <span class='ocrx_word' id='word_1_284' title='bbox 185 2990 262 3043; x_wconf 83' lang='lat' dir='ltr'><strong>setae,</strong></span> <span class='ocrx_word' id='word_1_285' title='bbox 281 2997 309 3031; x_wconf 92' lang='grc' dir='ltr'><strong>ιο</strong></span> <span class='ocrx_word' id='word_1_286' title='bbox 328 2982 392 3032; x_wconf 88' lang='lat' dir='ltr'><strong>doch</strong></span> <span class='ocrx_word' id='word_1_287' title='bbox 410 2983 442 3033; x_wconf 86' lang='lat' dir='ltr'><strong>ad</strong></span> <span class='ocrx_word' id='word_1_288' title='bbox 461 2982 630 3046; x_wconf 87' lang='lat' dir='ltr'><strong>complendum</strong></span> <span class='ocrx_word' id='word_1_289' title='bbox 650 2978 708 3029; x_wconf 81' lang='lat'><strong>1⁷7.</strong></span> <span class='ocrx_word' id='word_1_290' title='bbox 728 2981 792 3033; x_wconf 92' lang='lat' dir='ltr'><strong>noclr</strong></span> <span class='ocrx_word' id='word_1_291' title='bbox 811 2980 826 3030; x_wconf 86' lang='lat'>2</span> <span class='ocrx_word' id='word_1_292' title='bbox 845 2982 905 3032; x_wconf 91' lang='lat' dir='ltr'><strong>oder</strong></span> <span class='ocrx_word' id='word_1_293' title='bbox 922 2980 938 3031; x_wconf 81' lang='lat' dir='ltr'><strong>t</strong></span> <span class='ocrx_word' id='word_1_294' title='bbox 957 2983 1013 3049; x_wconf 76' lang='lat' dir='ltr'><strong>&#39;Peg</strong></span> <span class='ocrx_word' id='word_1_295' title='bbox 1030 2984 1177 3035; x_wconf 83' lang='lat' dir='ltr'><strong>rerbleiben.</strong></span> <span class='ocrx_word' id='word_1_296' title='bbox 1206 2985 1306 3036; x_wconf 72' lang='lat' dir='ltr'><strong>Dareus</strong></span> <span class='ocrx_word' id='word_1_297' title='bbox 1320 2987 1381 3037; x_wconf 74' lang='lat' dir='ltr'><strong>vird</strong></span> 
     </span>
     <span class='ocr_line' id='line_1_31' title="bbox 12 3050 1381 3125; baseline 0.004 -21"><span class='ocrx_word' id='word_1_298' title='bbox 12 3060 205 3125; x_wconf 59' lang='lat' dir='ltr'><strong>&#39;ammonet</strong></span> <span class='ocrx_word' id='word_1_299' title='bbox 223 3054 282 3104; x_wconf 89' lang='lat' dir='ltr'><strong>dass</strong></span> <span class='ocrx_word' id='word_1_300' title='bbox 300 3053 410 3103; x_wconf 86' lang='lat' dir='ltr'><strong>dadurclr</strong></span> <span class='ocrx_word' id='word_1_301' title='bbox 427 3054 467 3109; x_wconf 82' lang='lat' dir='ltr'><strong>die</strong></span> <span class='ocrx_word' id='word_1_302' title='bbox 485 3056 545 3103; x_wconf 87' lang='lat' dir='ltr'><strong>anni</strong></span> <span class='ocrx_word' id='word_1_303' title='bbox 559 3050 677 3117; x_wconf 80' lang='lat' dir='ltr'><strong>Galippicl</strong></span> <span class='ocrx_word' id='word_1_304' title='bbox 694 3054 841 3104; x_wconf 75' lang='lat' dir='ltr'><strong>varstanden</strong></span> <span class='ocrx_word' id='word_1_305' title='bbox 858 3053 965 3114; x_wconf 76' lang='lat' dir='ltr'><strong>verdon,</strong></span> <span class='ocrx_word' id='word_1_306' title='bbox 984 3056 1023 3105; x_wconf 89' lang='lat' dir='ltr'><strong>die</strong></span> <span class='ocrx_word' id='word_1_307' title='bbox 1042 3056 1099 3106; x_wconf 82' lang='lat' dir='ltr'><strong>bald</strong></span> <span class='ocrx_word' id='word_1_308' title='bbox 1117 3056 1184 3106; x_wconf 85' lang='lat' dir='ltr'><strong>nselr</strong></span> <span class='ocrx_word' id='word_1_309' title='bbox 1201 3057 1257 3106; x_wconf 89' lang='lat' dir='ltr'><strong>dem</strong></span> <span class='ocrx_word' id='word_1_310' title='bbox 1270 3056 1381 3109; x_wconf 71' lang='lat' dir='ltr'><strong>Soladtio</strong></span> 
     </span>
     <span class='ocr_line' id='line_1_32' title="bbox 14 3123 1380 3192; baseline 0.004 -17"><span class='ocrx_word' id='word_1_311' title='bbox 14 3126 139 3183; x_wconf 69' lang='lat' dir='ltr'><strong>mairo,</strong></span> <span class='ocrx_word' id='word_1_312' title='bbox 161 3124 297 3190; x_wconf 73' lang='lat' dir='ltr'><strong>gleichrroll</strong></span> <span class='ocrx_word' id='word_1_313' title='bbox 316 3126 354 3174; x_wconf 92' lang='lat' dir='ltr'><strong>ult</strong></span> <span class='ocrx_word' id='word_1_314' title='bbox 371 3140 402 3174; x_wconf 89' lang='lat' dir='ltr'><strong>an</strong></span> <span class='ocrx_word' id='word_1_315' title='bbox 420 3126 488 3174; x_wconf 86' lang='lat' dir='ltr'><strong>einer</strong></span> <span class='ocrx_word' id='word_1_316' title='bbox 504 3125 626 3191; x_wconf 70' lang='lat' dir='ltr'><strong>perisses</strong></span> <span class='ocrx_word' id='word_1_317' title='bbox 643 3123 716 3182; x_wconf 86' lang='lat' dir='ltr'><strong>Zeit,</strong></span> <span class='ocrx_word' id='word_1_318' title='bbox 743 3125 803 3175; x_wconf 89' lang='lat' dir='ltr'><strong>aber</strong></span> <span class='ocrx_word' id='word_1_319' title='bbox 821 3124 884 3175; x_wconf 88' lang='lat' dir='ltr'><strong>doch</strong></span> <span class='ocrx_word' id='word_1_320' title='bbox 902 3125 951 3175; x_wconf 89' lang='lat' dir='ltr'><strong>alle</strong></span> <span class='ocrx_word' id='word_1_321' title='bbox 968 3128 1057 3192; x_wconf 70' lang='lat' dir='ltr'><strong>gavisa</strong></span> <span class='ocrx_word' id='word_1_322' title='bbox 1079 3128 1130 3178; x_wconf 91' lang='lat' dir='ltr'><strong>nod</strong></span> <span class='ocrx_word' id='word_1_323' title='bbox 1148 3128 1246 3179; x_wconf 87' lang='lat' dir='ltr'><strong>aeltlich</strong></span> <span class='ocrx_word' id='word_1_324' title='bbox 1263 3144 1306 3179; x_wconf 85' lang='lat' dir='ltr'><strong>ror</strong></span> <span class='ocrx_word' id='word_1_325' title='bbox 1324 3130 1380 3180; x_wconf 80' lang='lat' dir='ltr'><strong>den</strong></span> 
     </span>
     <span class='ocr_line' id='line_1_33' title="bbox 16 3192 1379 3266; baseline 0.001 -18"><span class='ocrx_word' id='word_1_326' title='bbox 16 3197 192 3263; x_wconf 75' lang='lat' dir='ltr'><strong>aequinoctio</strong></span> <span class='ocrx_word' id='word_1_327' title='bbox 207 3195 345 3246; x_wconf 87' lang='lat' dir='ltr'><strong>antumnali</strong></span> <span class='ocrx_word' id='word_1_328' title='bbox 362 3196 432 3246; x_wconf 87' lang='lat' dir='ltr'><strong>ihren</strong></span> <span class='ocrx_word' id='word_1_329' title='bbox 441 3197 543 3260; x_wconf 76' lang='lat' dir='ltr'><strong>Aniang</strong></span> <span class='ocrx_word' id='word_1_330' title='bbox 554 3195 667 3245; x_wconf 84' lang='lat' dir='ltr'><strong>nahmen.</strong></span> <span class='ocrx_word' id='word_1_331' title='bbox 688 3192 715 3255; x_wconf 86' lang='lat'><strong>2)</strong></span> <span class='ocrx_word' id='word_1_332' title='bbox 726 3195 792 3246; x_wconf 86' lang='lat' dir='ltr'><strong>Dass</strong></span> <span class='ocrx_word' id='word_1_333' title='bbox 801 3194 941 3246; x_wconf 85' lang='lat' dir='ltr'><strong>Rbeinhold</strong></span> <span class='ocrx_word' id='word_1_334' title='bbox 956 3198 1021 3262; x_wconf 88' lang='lat' dir='ltr'><strong>apud</strong></span> <span class='ocrx_word' id='word_1_335' title='bbox 1031 3199 1207 3266; x_wconf 71' lang='lat' dir='ltr'><strong>Albatsqninm</strong></span> <span class='ocrx_word' id='word_1_336' title='bbox 1223 3214 1301 3251; x_wconf 85' lang='lat' dir='ltr'><strong>annos</strong></span> <span class='ocrx_word' id='word_1_337' title='bbox 1312 3194 1379 3251; x_wconf 73' lang='grc'><strong>1200</strong></span> 
     </span>
     <span class='ocr_line' id='line_1_34' title="bbox 13 3263 1380 3333; baseline 0.004 -17"><span class='ocrx_word' id='word_1_338' title='bbox 13 3277 48 3320; x_wconf 73' lang='lat' dir='ltr'><strong>at</strong></span> <span class='ocrx_word' id='word_1_339' title='bbox 74 3263 155 3325; x_wconf 79' lang='lat' dir='ltr'><strong>slot,</strong></span> <span class='ocrx_word' id='word_1_340' title='bbox 175 3267 205 3317; x_wconf 89' lang='lat' dir='ltr'><strong>de</strong></span> <span class='ocrx_word' id='word_1_341' title='bbox 224 3267 310 3333; x_wconf 88' lang='lat' dir='ltr'><strong>quibos</strong></span> <span class='ocrx_word' id='word_1_342' title='bbox 330 3268 419 3331; x_wconf 65' lang='lat' dir='ltr'><strong>agitur,</strong></span> <span class='ocrx_word' id='word_1_343' title='bbox 438 3282 481 3331; x_wconf 91' lang='lat' dir='ltr'><strong>pro</strong></span> <span class='ocrx_word' id='word_1_344' title='bbox 501 3268 628 3332; x_wconf 74' lang='lat' dir='ltr'><strong>Aegyptiis</strong></span> <span class='ocrx_word' id='word_1_345' title='bbox 646 3268 787 3325; x_wconf 87' lang='lat' dir='ltr'><strong>assumlere,</strong></span> <span class='ocrx_word' id='word_1_346' title='bbox 809 3268 881 3317; x_wconf 72' lang='lat' dir='ltr'><strong>weiss</strong></span> <span class='ocrx_word' id='word_1_347' title='bbox 898 3266 940 3316; x_wconf 87' lang='lat' dir='ltr'><strong>lclr</strong></span> <span class='ocrx_word' id='word_1_348' title='bbox 956 3270 995 3319; x_wconf 82' lang='lat' dir='ltr'><strong>ult</strong></span> <span class='ocrx_word' id='word_1_349' title='bbox 1010 3283 1051 3319; x_wconf 82' lang='grc' dir='ltr'><strong>ιιι</strong></span> <span class='ocrx_word' id='word_1_350' title='bbox 1069 3271 1127 3320; x_wconf 88' lang='lat' dir='ltr'><strong>oder</strong></span> <span class='ocrx_word' id='word_1_351' title='bbox 1144 3270 1191 3320; x_wconf 76' lang='lat' dir='ltr'><strong>vie</strong></span> <span class='ocrx_word' id='word_1_352' title='bbox 1209 3270 1242 3321; x_wconf 81' lang='lat' dir='ltr'><strong>Es</strong></span> <span class='ocrx_word' id='word_1_353' title='bbox 1261 3287 1307 3322; x_wconf 78' lang='lat' dir='ltr'><strong>ron</strong></span> <span class='ocrx_word' id='word_1_354' title='bbox 1326 3271 1380 3322; x_wconf 85' lang='lat' dir='ltr'><strong>lhm</strong></span> 
     </span>
     <span class='ocr_line' id='line_1_35' title="bbox 12 3336 1378 3408; baseline 0.001 -17"><span class='ocrx_word' id='word_1_355' title='bbox 12 3338 201 3408; x_wconf 67' lang='lat' dir='ltr'><strong>guehneoen.</strong></span> <span class='ocrx_word' id='word_1_356' title='bbox 228 3336 289 3388; x_wconf 83' lang='lat' dir='ltr'><strong>Wss</strong></span> <span class='ocrx_word' id='word_1_357' title='bbox 308 3337 355 3387; x_wconf 88' lang='lat' dir='ltr'><strong>deu</strong></span> <span class='ocrx_word' id='word_1_358' title='bbox 374 3338 477 3403; x_wconf 77' lang='lat' dir='ltr'><strong>tibrigeu</strong></span> <span class='ocrx_word' id='word_1_359' title='bbox 495 3338 580 3389; x_wconf 85' lang='lat' dir='ltr'><strong>Inhalt</strong></span> <span class='ocrx_word' id='word_1_360' title='bbox 596 3340 677 3388; x_wconf 89' lang='lat' dir='ltr'><strong>seines</strong></span> <span class='ocrx_word' id='word_1_361' title='bbox 690 3337 838 3388; x_wconf 84' lang='lat' dir='ltr'><strong>Schreibens</strong></span> <span class='ocrx_word' id='word_1_362' title='bbox 857 3337 957 3398; x_wconf 71' lang='lat' dir='ltr'><strong>renim,</strong></span> <span class='ocrx_word' id='word_1_363' title='bbox 976 3355 1003 3390; x_wconf 92' lang='grc' dir='ltr'><strong>ιο</strong></span> <span class='ocrx_word' id='word_1_364' title='bbox 1021 3342 1131 3392; x_wconf 76' lang='lat' dir='ltr'><strong>renteht</strong></span> <span class='ocrx_word' id='word_1_365' title='bbox 1149 3356 1176 3391; x_wconf 89' lang='lat' dir='ltr'><strong>er</strong></span> <span class='ocrx_word' id='word_1_366' title='bbox 1193 3344 1218 3392; x_wconf 87' lang='lat' dir='ltr'><strong>in</strong></span> <span class='ocrx_word' id='word_1_367' title='bbox 1238 3342 1294 3393; x_wconf 91' lang='lat' dir='ltr'><strong>dern</strong></span> <span class='ocrx_word' id='word_1_368' title='bbox 1306 3343 1378 3392; x_wconf 85' lang='lat' dir='ltr'><strong>Post-</strong></span> 
     </span>
     <span class='ocr_line' id='line_1_36' title="bbox 16 3409 921 3477; baseline 0 -17"><span class='ocrx_word' id='word_1_369' title='bbox 16 3412 124 3477; x_wconf 82' lang='lat' dir='ltr'><strong>aeripto</strong></span> <span class='ocrx_word' id='word_1_370' title='bbox 143 3410 210 3460; x_wconf 86' lang='lat' dir='ltr'><strong>mein</strong></span> <span class='ocrx_word' id='word_1_371' title='bbox 227 3409 355 3459; x_wconf 87' lang='lat' dir='ltr'><strong>Intention</strong></span> <span class='ocrx_word' id='word_1_372' title='bbox 372 3423 418 3475; x_wconf 76' lang='lat' dir='ltr'><strong>gar</strong></span> <span class='ocrx_word' id='word_1_373' title='bbox 435 3409 511 3466; x_wconf 73' lang='lat' dir='ltr'><strong>wohl.</strong></span> <span class='ocrx_word' id='word_1_374' title='bbox 531 3410 590 3460; x_wconf 89' lang='lat' dir='ltr'><strong>aber</strong></span> <span class='ocrx_word' id='word_1_375' title='bbox 608 3410 633 3459; x_wconf 89' lang='lat' dir='ltr'><strong>iu</strong></span> <span class='ocrx_word' id='word_1_376' title='bbox 651 3410 708 3461; x_wconf 90' lang='lat' dir='ltr'><strong>dem</strong></span> <span class='ocrx_word' id='word_1_377' title='bbox 726 3409 859 3462; x_wconf 83' lang='lat' dir='ltr'><strong>Schrsiben</strong></span> <span class='ocrx_word' id='word_1_378' title='bbox 877 3411 921 3460; x_wconf 84' lang='lat' dir='ltr'><strong>nit</strong></span> 
     </span>
    </p>

    <p class='ocr_par' dir='ltr' id='par_1_8' title="bbox 15 3478 1378 3902">
     <span class='ocr_line' id='line_1_37' title="bbox 120 3478 1378 3546; baseline 0.003 -15"><span class='ocrx_word' id='word_1_379' title='bbox 120 3479 196 3532; x_wconf 88' lang='lat' dir='ltr'><strong>Denn</strong></span> <span class='ocrx_word' id='word_1_380' title='bbox 215 3478 243 3542; x_wconf 88' lang='lat' dir='ltr'><strong>l)</strong></span> <span class='ocrx_word' id='word_1_381' title='bbox 262 3481 295 3530; x_wconf 82' lang='lat' dir='ltr'><strong>ist</strong></span> <span class='ocrx_word' id='word_1_382' title='bbox 313 3495 340 3530; x_wconf 87' lang='lat' dir='ltr'><strong>es</strong></span> <span class='ocrx_word' id='word_1_383' title='bbox 357 3482 455 3546; x_wconf 72' lang='lat' dir='ltr'><strong>genias,</strong></span> <span class='ocrx_word' id='word_1_384' title='bbox 473 3481 531 3531; x_wconf 87' lang='lat' dir='ltr'><strong>dass</strong></span> <span class='ocrx_word' id='word_1_385' title='bbox 550 3481 590 3531; x_wconf 91' lang='lat' dir='ltr'><strong>die</strong></span> <span class='ocrx_word' id='word_1_386' title='bbox 608 3480 788 3533; x_wconf 75' lang='lat' dir='ltr'><strong>observationes</strong></span> <span class='ocrx_word' id='word_1_387' title='bbox 806 3483 832 3532; x_wconf 89' lang='lat' dir='ltr'><strong>iu</strong></span> <span class='ocrx_word' id='word_1_388' title='bbox 849 3496 922 3546; x_wconf 87' lang='lat' dir='ltr'><strong>opere</strong></span> <span class='ocrx_word' id='word_1_389' title='bbox 934 3481 1071 3533; x_wconf 83' lang='lat' dir='ltr'><strong>Ptolemaei</strong></span> <span class='ocrx_word' id='word_1_390' title='bbox 1089 3485 1134 3533; x_wconf 88' lang='lat' dir='ltr'><strong>sub</strong></span> <span class='ocrx_word' id='word_1_391' title='bbox 1152 3486 1250 3535; x_wconf 89' lang='lat' dir='ltr'><strong>nomine</strong></span> <span class='ocrx_word' id='word_1_392' title='bbox 1269 3485 1378 3543; x_wconf 85' lang='lat' dir='ltr'><strong>authoris</strong></span> 
     </span>
     <span class='ocr_line' id='line_1_38' title="bbox 17 3549 1377 3624; baseline 0.003 -22"><span class='ocrx_word' id='word_1_393' title='bbox 17 3553 155 3609; x_wconf 74' lang='lat' dir='ltr'><strong>crassiori,</strong></span> <span class='ocrx_word' id='word_1_394' title='bbox 173 3553 221 3602; x_wconf 87' lang='lat' dir='ltr'><strong>niel</strong></span> <span class='ocrx_word' id='word_1_395' title='bbox 239 3551 302 3600; x_wconf 80' lang='lat' dir='ltr'><strong>torte</strong></span> <span class='ocrx_word' id='word_1_396' title='bbox 322 3558 348 3601; x_wconf 87' lang='lat' dir='ltr'><strong>et</strong></span> <span class='ocrx_word' id='word_1_397' title='bbox 365 3553 517 3602; x_wconf 81' lang='lat' dir='ltr'><strong>crasdsrims</strong></span> <span class='ocrx_word' id='word_1_398' title='bbox 528 3549 640 3602; x_wconf 84' lang='lat' dir='ltr'><strong>Minerva</strong></span> <span class='ocrx_word' id='word_1_399' title='bbox 653 3552 769 3602; x_wconf 80' lang='lat' dir='ltr'><strong>observirt</strong></span> <span class='ocrx_word' id='word_1_400' title='bbox 780 3553 887 3603; x_wconf 70' lang='lat' dir='ltr'><strong>worden.</strong></span> <span class='ocrx_word' id='word_1_401' title='bbox 914 3551 959 3602; x_wconf 88' lang='lat' dir='ltr'><strong>lclr</strong></span> <span class='ocrx_word' id='word_1_402' title='bbox 975 3553 1103 3611; x_wconf 69' lang='lat' dir='ltr'><strong>hababer</strong></span> <span class='ocrx_word' id='word_1_403' title='bbox 1121 3555 1196 3606; x_wconf 85' lang='lat' dir='ltr'><strong>allelu</strong></span> <span class='ocrx_word' id='word_1_404' title='bbox 1214 3571 1245 3605; x_wconf 87' lang='lat' dir='ltr'><strong>au</strong></span> <span class='ocrx_word' id='word_1_405' title='bbox 1264 3562 1377 3624; x_wconf 70' lang='lat' dir='ltr'><strong>snagan</strong></span> 
     </span>
     <span class='ocr_line' id='line_1_39' title="bbox 15 3620 1376 3691; baseline 0.004 -18"><span class='ocrx_word' id='word_1_406' title='bbox 15 3623 177 3691; x_wconf 63' lang='lat' dir='ltr'><strong>pronomen</strong></span> <span class='ocrx_word' id='word_1_407' title='bbox 190 3620 287 3678; x_wconf 76' lang='lat' dir='ltr'><strong>voden.</strong></span> <span class='ocrx_word' id='word_1_408' title='bbox 307 3622 364 3672; x_wconf 91' lang='lat' dir='ltr'><strong>dass</strong></span> <span class='ocrx_word' id='word_1_409' title='bbox 377 3623 416 3673; x_wconf 89' lang='lat' dir='ltr'><strong>dle</strong></span> <span class='ocrx_word' id='word_1_410' title='bbox 430 3624 489 3673; x_wconf 86' lang='lat' dir='ltr'><strong>enni</strong></span> <span class='ocrx_word' id='word_1_411' title='bbox 507 3625 687 3686; x_wconf 87' lang='lat' dir='ltr'><strong>imperatorum,</strong></span> <span class='ocrx_word' id='word_1_412' title='bbox 707 3638 734 3672; x_wconf 90' lang='lat' dir='ltr'><strong>so</strong></span> <span class='ocrx_word' id='word_1_413' title='bbox 752 3623 888 3684; x_wconf 84' lang='lat' dir='ltr'><strong>adscribirt,</strong></span> <span class='ocrx_word' id='word_1_414' title='bbox 902 3638 976 3673; x_wconf 81' lang='lat' dir='ltr'><strong>verae</strong></span> <span class='ocrx_word' id='word_1_415' title='bbox 987 3624 1105 3675; x_wconf 86' lang='lat' dir='ltr'><strong>historiae</strong></span> <span class='ocrx_word' id='word_1_416' title='bbox 1117 3627 1155 3676; x_wconf 89' lang='lat' dir='ltr'><strong>nit</strong></span> <span class='ocrx_word' id='word_1_417' title='bbox 1167 3627 1376 3691; x_wconf 78' lang='lat' dir='ltr'><strong>centapoudiren.</strong></span> 
     </span>
     <span class='ocr_line' id='line_1_40' title="bbox 18 3693 1377 3764; baseline 0.003 -18"><span class='ocrx_word' id='word_1_418' title='bbox 18 3697 83 3747; x_wconf 84' lang='lat' dir='ltr'><strong>also</strong></span> <span class='ocrx_word' id='word_1_419' title='bbox 103 3694 161 3745; x_wconf 81' lang='lat' dir='ltr'><strong>dass</strong></span> <span class='ocrx_word' id='word_1_420' title='bbox 179 3702 215 3743; x_wconf 86' lang='lat' dir='ltr'><strong>rte</strong></span> <span class='ocrx_word' id='word_1_421' title='bbox 233 3693 358 3743; x_wconf 76' lang='lat' dir='ltr'><strong>entveder</strong></span> <span class='ocrx_word' id='word_1_422' title='bbox 374 3708 404 3745; x_wconf 85' lang='lat' dir='ltr'><strong>ex</strong></span> <span class='ocrx_word' id='word_1_423' title='bbox 422 3696 533 3759; x_wconf 75' lang='lat' dir='ltr'><strong>margine</strong></span> <span class='ocrx_word' id='word_1_424' title='bbox 551 3697 576 3744; x_wconf 89' lang='lat' dir='ltr'><strong>in</strong></span> <span class='ocrx_word' id='word_1_425' title='bbox 594 3701 736 3747; x_wconf 71' lang='lat' dir='ltr'><strong>conmrturn</strong></span> <span class='ocrx_word' id='word_1_426' title='bbox 760 3696 885 3759; x_wconf 86' lang='lat' dir='ltr'><strong>irrepiert,</strong></span> <span class='ocrx_word' id='word_1_427' title='bbox 911 3695 970 3745; x_wconf 91' lang='lat' dir='ltr'><strong>oder</strong></span> <span class='ocrx_word' id='word_1_428' title='bbox 990 3703 1061 3746; x_wconf 87' lang='lat' dir='ltr'><strong>sonat</strong></span> <span class='ocrx_word' id='word_1_429' title='bbox 1081 3696 1254 3764; x_wconf 74' lang='lat' dir='ltr'><strong>hlosngesetat</strong></span> <span class='ocrx_word' id='word_1_430' title='bbox 1277 3696 1377 3759; x_wconf 50' lang='lat' dir='ltr'><strong>[orden</strong></span> 
     </span>
     <span class='ocr_line' id='line_1_41' title="bbox 17 3765 1376 3835; baseline 0.003 -18"><span class='ocrx_word' id='word_1_431' title='bbox 17 3767 89 3818; x_wconf 75' lang='lat' dir='ltr'><strong>oder</strong></span> <span class='ocrx_word' id='word_1_432' title='bbox 105 3766 171 3816; x_wconf 84' lang='lat' dir='ltr'><strong>anclr</strong></span> <span class='ocrx_word' id='word_1_433' title='bbox 188 3765 228 3815; x_wconf 89' lang='lat' dir='ltr'><strong>die</strong></span> <span class='ocrx_word' id='word_1_434' title='bbox 246 3769 373 3828; x_wconf 73' lang='grc' dir='ltr'><strong>συνταξις</strong></span> <span class='ocrx_word' id='word_1_435' title='bbox 389 3772 445 3830; x_wconf 88' lang='lat' dir='ltr'><strong>post</strong></span> <span class='ocrx_word' id='word_1_436' title='bbox 458 3766 637 3827; x_wconf 77' lang='lat' dir='ltr'><strong>observatorem</strong></span> <span class='ocrx_word' id='word_1_437' title='bbox 649 3765 746 3815; x_wconf 90' lang='lat' dir='ltr'><strong>lllsrum</strong></span> <span class='ocrx_word' id='word_1_438' title='bbox 759 3766 956 3818; x_wconf 77' lang='lat' dir='ltr'><strong>obseruationum</strong></span> <span class='ocrx_word' id='word_1_439' title='bbox 968 3766 1082 3833; x_wconf 75' lang='lat' dir='ltr'><strong>colllglrt,</strong></span> <span class='ocrx_word' id='word_1_440' title='bbox 1100 3769 1159 3819; x_wconf 88' lang='lat' dir='ltr'><strong>oder</strong></span> <span class='ocrx_word' id='word_1_441' title='bbox 1177 3769 1242 3819; x_wconf 87' lang='lat' dir='ltr'><strong>anch</strong></span> <span class='ocrx_word' id='word_1_442' title='bbox 1260 3784 1276 3821; x_wconf 90' lang='lat' dir='ltr'><strong>a</strong></span> <span class='ocrx_word' id='word_1_443' title='bbox 1294 3777 1376 3835; x_wconf 85' lang='lat' dir='ltr'><strong>poste·</strong></span> 
     </span>
     <span class='ocr_line' id='line_1_42' title="bbox 18 3836 1375 3902; baseline 0.002 -13"><span class='ocrx_word' id='word_1_444' title='bbox 18 3837 134 3889; x_wconf 87' lang='lat' dir='ltr'><strong>rioribus</strong></span> <span class='ocrx_word' id='word_1_445' title='bbox 148 3838 211 3887; x_wconf 92' lang='lat' dir='ltr'><strong>bono</strong></span> <span class='ocrx_word' id='word_1_446' title='bbox 224 3837 267 3887; x_wconf 86' lang='lat' dir='ltr'><strong>sed</strong></span> <span class='ocrx_word' id='word_1_447' title='bbox 279 3836 345 3886; x_wconf 89' lang='lat' dir='ltr'><strong>male</strong></span> <span class='ocrx_word' id='word_1_448' title='bbox 358 3837 442 3888; x_wconf 86' lang='lat' dir='ltr'><strong>dextro</strong></span> <span class='ocrx_word' id='word_1_449' title='bbox 455 3837 508 3887; x_wconf 87' lang='lat' dir='ltr'><strong>aelc</strong></span> <span class='ocrx_word' id='word_1_450' title='bbox 521 3837 648 3893; x_wconf 68' lang='lat' dir='ltr'><strong>immutire,</strong></span> <span class='ocrx_word' id='word_1_451' title='bbox 666 3838 734 3887; x_wconf 82' lang='lat' dir='ltr'><strong>aalro</strong></span> <span class='ocrx_word' id='word_1_452' title='bbox 751 3838 850 3888; x_wconf 86' lang='lat' dir='ltr'><strong>interim</strong></span> <span class='ocrx_word' id='word_1_453' title='bbox 866 3839 944 3902; x_wconf 87' lang='lat' dir='ltr'><strong>operis</strong></span> <span class='ocrx_word' id='word_1_454' title='bbox 956 3844 1041 3889; x_wconf 83' lang='lat' dir='ltr'><strong>autore</strong></span> <span class='ocrx_word' id='word_1_455' title='bbox 1054 3839 1136 3900; x_wconf 86' lang='lat' dir='ltr'><strong>quoad</strong></span> <span class='ocrx_word' id='word_1_456' title='bbox 1147 3855 1237 3890; x_wconf 89' lang='lat' dir='ltr'><strong>nomeu</strong></span> <span class='ocrx_word' id='word_1_457' title='bbox 1249 3848 1375 3892; x_wconf 76' lang='lat' dir='ltr'><strong>tumente.</strong></span> 
     </span>
    </p>

    <p class='ocr_par' dir='ltr' id='par_1_9' title="bbox 18 3902 1377 4176">
     <span class='ocr_line' id='line_1_43' title="bbox 117 3902 1377 3975; baseline 0.005 -17"><span class='ocrx_word' id='word_1_458' title='bbox 117 3907 269 3975; x_wconf 65' lang='lat' dir='ltr'><strong>Inpleicbem</strong></span> <span class='ocrx_word' id='word_1_459' title='bbox 296 3908 403 3959; x_wconf 77' lang='lat' dir='ltr'><strong>sveilelt</strong></span> <span class='ocrx_word' id='word_1_460' title='bbox 429 3910 475 3958; x_wconf 89' lang='lat' dir='ltr'><strong>mir</strong></span> <span class='ocrx_word' id='word_1_461' title='bbox 501 3908 555 3963; x_wconf 86' lang='lat' dir='ltr'><strong>uit,</strong></span> <span class='ocrx_word' id='word_1_462' title='bbox 582 3923 608 3958; x_wconf 90' lang='lat' dir='ltr'><strong>es</strong></span> <span class='ocrx_word' id='word_1_463' title='bbox 631 3922 707 3971; x_wconf 77' lang='lat' dir='ltr'><strong>seyen</strong></span> <span class='ocrx_word' id='word_1_464' title='bbox 731 3907 796 3958; x_wconf 87' lang='lat' dir='ltr'><strong>anch</strong></span> <span class='ocrx_word' id='word_1_465' title='bbox 813 3909 876 3959; x_wconf 71' lang='lat' dir='ltr'><strong>void</strong></span> <span class='ocrx_word' id='word_1_466' title='bbox 894 3923 940 3975; x_wconf 76' lang='lat' dir='ltr'><strong>gar</strong></span> <span class='ocrx_word' id='word_1_467' title='bbox 958 3908 1008 3960; x_wconf 84' lang='lat' dir='ltr'><strong>alte</strong></span> <span class='ocrx_word' id='word_1_468' title='bbox 1027 3910 1129 3975; x_wconf 80' lang='lat' dir='ltr'><strong>eclipses</strong></span> <span class='ocrx_word' id='word_1_469' title='bbox 1147 3902 1193 3974; x_wconf 72' lang='grc'><strong>),</strong></span> <span class='ocrx_word' id='word_1_470' title='bbox 1222 3912 1282 3962; x_wconf 88' lang='lat' dir='ltr'><strong>aber</strong></span> <span class='ocrx_word' id='word_1_471' title='bbox 1309 3926 1377 3964; x_wconf 87' lang='lat' dir='ltr'><strong>eras·</strong></span> 
     </span>
     <span class='ocr_line' id='line_1_44' title="bbox 18 3978 1375 4048; baseline 0.001 -16"><span class='ocrx_word' id='word_1_472' title='bbox 18 3980 87 4032; x_wconf 89' lang='lat' dir='ltr'><strong>aiori</strong></span> <span class='ocrx_word' id='word_1_473' title='bbox 104 3978 146 4029; x_wconf 79' lang='lat' dir='ltr'><strong>filo</strong></span> <span class='ocrx_word' id='word_1_474' title='bbox 164 3979 288 4028; x_wconf 83' lang='lat' dir='ltr'><strong>obsersirt.</strong></span> <span class='ocrx_word' id='word_1_475' title='bbox 325 3978 359 4029; x_wconf 83' lang='lat' dir='ltr'><strong>Es</strong></span> <span class='ocrx_word' id='word_1_476' title='bbox 377 3978 487 4030; x_wconf 78' lang='lat' dir='ltr'><strong>kdonteu</strong></span> <span class='ocrx_word' id='word_1_477' title='bbox 506 3978 565 4029; x_wconf 87' lang='lat' dir='ltr'><strong>aber</strong></span> <span class='ocrx_word' id='word_1_478' title='bbox 583 3978 647 4029; x_wconf 90' lang='lat' dir='ltr'><strong>auch</strong></span> <span class='ocrx_word' id='word_1_479' title='bbox 665 3979 727 4030; x_wconf 81' lang='lat' dir='ltr'><strong>risle</strong></span> <span class='ocrx_word' id='word_1_480' title='bbox 745 3980 972 4046; x_wconf 75' lang='lat' dir='ltr'><strong>surdclgereelrnet</strong></span> <span class='ocrx_word' id='word_1_481' title='bbox 989 3981 1040 4031; x_wconf 85' lang='lat' dir='ltr'><strong>eud</strong></span> <span class='ocrx_word' id='word_1_482' title='bbox 1057 3996 1101 4046; x_wconf 93' lang='lat' dir='ltr'><strong>pro</strong></span> <span class='ocrx_word' id='word_1_483' title='bbox 1119 3982 1253 4033; x_wconf 82' lang='lat' dir='ltr'><strong>observatis</strong></span> <span class='ocrx_word' id='word_1_484' title='bbox 1271 3986 1375 4048; x_wconf 84' lang='lat' dir='ltr'><strong>posterl-</strong></span> 
     </span>
     <span class='ocr_line' id='line_1_45' title="bbox 19 4050 1375 4116; baseline 0.004 -15"><span class='ocrx_word' id='word_1_485' title='bbox 19 4053 74 4104; x_wconf 80' lang='lat' dir='ltr'><strong>aati</strong></span> <span class='ocrx_word' id='word_1_486' title='bbox 93 4051 198 4101; x_wconf 68' lang='lat' dir='ltr'><strong>tradien</strong></span> <span class='ocrx_word' id='word_1_487' title='bbox 214 4050 313 4100; x_wconf 72' lang='lat' dir='ltr'><strong>worden</strong></span> <span class='ocrx_word' id='word_1_488' title='bbox 331 4065 405 4114; x_wconf 86' lang='lat' dir='ltr'><strong>seyn,</strong></span> <span class='ocrx_word' id='word_1_489' title='bbox 422 4051 478 4103; x_wconf 72' lang='lat' dir='ltr'><strong>weil</strong></span> <span class='ocrx_word' id='word_1_490' title='bbox 495 4051 535 4100; x_wconf 86' lang='lat' dir='ltr'><strong>die</strong></span> <span class='ocrx_word' id='word_1_491' title='bbox 552 4065 636 4116; x_wconf 76' lang='lat' dir='ltr'><strong>reges,</strong></span> <span class='ocrx_word' id='word_1_492' title='bbox 656 4050 736 4101; x_wconf 86' lang='lat' dir='ltr'><strong>denen</strong></span> <span class='ocrx_word' id='word_1_493' title='bbox 754 4052 790 4101; x_wconf 94' lang='lat' dir='ltr'><strong>sle</strong></span> <span class='ocrx_word' id='word_1_494' title='bbox 808 4052 945 4109; x_wconf 87' lang='lat' dir='ltr'><strong>inscribirt,</strong></span> <span class='ocrx_word' id='word_1_495' title='bbox 972 4051 1101 4104; x_wconf 87' lang='lat' dir='ltr'><strong>derselbeu</strong></span> <span class='ocrx_word' id='word_1_496' title='bbox 1119 4052 1177 4104; x_wconf 75' lang='lat' dir='ltr'><strong>zos</strong></span> <span class='ocrx_word' id='word_1_497' title='bbox 1194 4055 1232 4104; x_wconf 85' lang='lat' dir='ltr'><strong>nit</strong></span> <span class='ocrx_word' id='word_1_498' title='bbox 1249 4054 1276 4105; x_wconf 90' lang='lat' dir='ltr'><strong>in</strong></span> <span class='ocrx_word' id='word_1_499' title='bbox 1293 4068 1375 4106; x_wconf 72' lang='lat' dir='ltr'><strong>nrum</strong></span> 
     </span>
     <span class='ocr_line' id='line_1_46' title="bbox 20 4131 755 4176; baseline -0.001 0"><span class='ocrx_word' id='word_1_500' title='bbox 20 4131 122 4176; x_wconf 76' lang='lat' dir='ltr'><strong>natura</strong></span> <span class='ocrx_word' id='word_1_501' title='bbox 157 4135 262 4173; x_wconf 69' lang='lat' dir='ltr'><strong>wesen.</strong></span> <span class='ocrx_word' id='word_1_502' title='bbox 752 4142 755 4148; x_wconf 94' lang='lat'>·</span> 
     </span>
    </p>

    <p class='ocr_par' dir='ltr' id='par_1_10' title="bbox 21 4136 1375 4405">
     <span class='ocr_line' id='line_1_47' title="bbox 117 4136 1374 4261; baseline 0.002 -15"><span class='ocrx_word' id='word_1_503' title='bbox 117 4136 208 4246; x_wconf 76' lang='lat' dir='ltr'><strong>nisos</strong></span> <span class='ocrx_word' id='word_1_504' title='bbox 221 4194 311 4251; x_wconf 83' lang='lat' dir='ltr'><strong>canals.</strong></span> <span class='ocrx_word' id='word_1_505' title='bbox 331 4199 417 4244; x_wconf 88' lang='lat' dir='ltr'><strong>censet</strong></span> <span class='ocrx_word' id='word_1_506' title='bbox 428 4192 579 4250; x_wconf 83' lang='lat' dir='ltr'><strong>Herrrartus,</strong></span> <span class='ocrx_word' id='word_1_507' title='bbox 596 4192 741 4257; x_wconf 85' lang='lat' dir='ltr'><strong>Keplerum,</strong></span> <span class='ocrx_word' id='word_1_508' title='bbox 759 4193 840 4243; x_wconf 87' lang='lat' dir='ltr'><strong>missia</strong></span> <span class='ocrx_word' id='word_1_509' title='bbox 853 4208 896 4258; x_wconf 94' lang='lat' dir='ltr'><strong>pro</strong></span> <span class='ocrx_word' id='word_1_510' title='bbox 913 4200 1023 4259; x_wconf 86' lang='lat' dir='ltr'><strong>tempore</strong></span> <span class='ocrx_word' id='word_1_511' title='bbox 1041 4194 1140 4261; x_wconf 87' lang='lat' dir='ltr'><strong>reliquis</strong></span> <span class='ocrx_word' id='word_1_512' title='bbox 1158 4195 1273 4260; x_wconf 73' lang='lat' dir='ltr'><strong>planaria,</strong></span> <span class='ocrx_word' id='word_1_513' title='bbox 1292 4203 1374 4249; x_wconf 88' lang='lat' dir='ltr'><strong>motna</strong></span> 
     </span>
     <span class='ocr_line' id='line_1_48' title="bbox 23 4256 1375 4337; baseline 0.001 -20"><span class='ocrx_word' id='word_1_514' title='bbox 23 4262 59 4328; x_wconf 99' lang='lat' dir='ltr'>Q</span> <span class='ocrx_word' id='word_1_515' title='bbox 82 4271 110 4317; x_wconf 82' lang='lat' dir='ltr'><strong>et</strong></span> <span class='ocrx_word' id='word_1_516' title='bbox 127 4256 154 4328; x_wconf 73' lang='lat'>)</span> <span class='ocrx_word' id='word_1_517' title='bbox 173 4265 329 4331; x_wconf 87' lang='lat' dir='ltr'><strong>inquirendos</strong></span> <span class='ocrx_word' id='word_1_518' title='bbox 347 4264 393 4315; x_wconf 90' lang='lat' dir='ltr'><strong>sibl</strong></span> <span class='ocrx_word' id='word_1_519' title='bbox 410 4278 543 4329; x_wconf 86' lang='lat' dir='ltr'><strong>proponere</strong></span> <span class='ocrx_word' id='word_1_520' title='bbox 562 4264 658 4314; x_wconf 85' lang='lat' dir='ltr'><strong>debere.</strong></span> <span class='ocrx_word' id='word_1_521' title='bbox 695 4265 729 4314; x_wconf 82' lang='lat' dir='ltr'><strong>Er</strong></span> <span class='ocrx_word' id='word_1_522' title='bbox 750 4264 835 4322; x_wconf 76' lang='lat' dir='ltr'><strong>velle.</strong></span> <span class='ocrx_word' id='word_1_523' title='bbox 856 4266 939 4333; x_wconf 72' lang='lat' dir='ltr'><strong>pergit</strong></span> <span class='ocrx_word' id='word_1_524' title='bbox 956 4265 1112 4328; x_wconf 77' lang='lat' dir='ltr'><strong>llerwartns,</strong></span> <span class='ocrx_word' id='word_1_525' title='bbox 1139 4267 1292 4319; x_wconf 80' lang='lat' dir='ltr'><strong>auidiorem</strong></span> <span class='ocrx_word' id='word_1_526' title='bbox 1310 4266 1375 4337; x_wconf 50' lang='grc' dir='ltr'><strong>Ποῖ</strong></span> 
     </span>
     <span class='ocr_line' id='line_1_49' title="bbox 21 4334 1373 4405; baseline 0.004 -20"><span class='ocrx_word' id='word_1_527' title='bbox 21 4344 106 4389; x_wconf 70' lang='lat' dir='ltr'><strong>navas</strong></span> <span class='ocrx_word' id='word_1_528' title='bbox 123 4337 239 4393; x_wconf 60' lang='lat' dir='ltr'><strong>andren.</strong></span> <span class='ocrx_word' id='word_1_529' title='bbox 257 4350 332 4387; x_wconf 72' lang='lat' dir='ltr'><strong>nnn</strong></span> <span class='ocrx_word' id='word_1_530' title='bbox 349 4351 377 4388; x_wconf 89' lang='lat' dir='ltr'><strong>er</strong></span> <span class='ocrx_word' id='word_1_531' title='bbox 387 4348 433 4385; x_wconf 85' lang='lat' dir='ltr'><strong>nur</strong></span> <span class='ocrx_word' id='word_1_532' title='bbox 444 4335 565 4387; x_wconf 84' lang='lat' dir='ltr'><strong>caleulum</strong></span> <span class='ocrx_word' id='word_1_533' title='bbox 577 4334 707 4398; x_wconf 84' lang='lat' dir='ltr'><strong>Tychonis,</strong></span> <span class='ocrx_word' id='word_1_534' title='bbox 725 4335 807 4400; x_wconf 86' lang='lat' dir='ltr'><strong>quoad</strong></span> <span class='ocrx_word' id='word_1_535' title='bbox 823 4337 989 4387; x_wconf 77' lang='lat' dir='ltr'><strong>inventionem</strong></span> <span class='ocrx_word' id='word_1_536' title='bbox 1007 4352 1080 4388; x_wconf 81' lang='lat' dir='ltr'><strong>verse</strong></span> <span class='ocrx_word' id='word_1_537' title='bbox 1099 4339 1217 4403; x_wconf 74' lang='lat' dir='ltr'><strong>syzygiae</strong></span> <span class='ocrx_word' id='word_1_538' title='bbox 1235 4346 1262 4389; x_wconf 89' lang='lat' dir='ltr'><strong>et</strong></span> <span class='ocrx_word' id='word_1_539' title='bbox 1280 4352 1373 4405; x_wconf 69' lang='lat' dir='ltr'><strong>aequa</strong></span> 
     </span>
    </p>
   </div>
   <div class='ocr_carea' id='block_1_4' title="bbox 21 4401 1465 4473">
    <p class='ocr_par' dir='ltr' id='par_1_11' title="bbox 21 4401 1465 4473">
     <span class='ocr_line' id='line_1_50' title="bbox 21 4401 1465 4473; baseline 0.001 -13"><span class='ocrx_word' id='word_1_540' title='bbox 21 4407 103 4460; x_wconf 75' lang='lat' dir='ltr'><strong>aona</strong></span> <span class='ocrx_word' id='word_1_541' title='bbox 120 4409 236 4472; x_wconf 83' lang='lat' dir='ltr'><strong>temporis</strong></span> <span class='ocrx_word' id='word_1_542' title='bbox 255 4404 287 4469; x_wconf 93' lang='lat' dir='ltr'>Q</span> <span class='ocrx_word' id='word_1_543' title='bbox 307 4401 377 4471; x_wconf 66' lang='lat' dir='ltr'><strong>et)</strong></span> <span class='ocrx_word' id='word_1_544' title='bbox 402 4406 435 4457; x_wconf 88' lang='lat' dir='ltr'><strong>ad</strong></span> <span class='ocrx_word' id='word_1_545' title='bbox 459 4406 580 4457; x_wconf 84' lang='lat' dir='ltr'><strong>calculum</strong></span> <span class='ocrx_word' id='word_1_546' title='bbox 597 4406 659 4457; x_wconf 84' lang='lat' dir='ltr'><strong>Tab.</strong></span> <span class='ocrx_word' id='word_1_547' title='bbox 678 4406 746 4457; x_wconf 80' lang='lat' dir='ltr'><strong>Prot</strong></span> <span class='ocrx_word' id='word_1_548' title='bbox 772 4407 875 4473; x_wconf 76' lang='lat' dir='ltr'><strong>bringeri</strong></span> <span class='ocrx_word' id='word_1_549' title='bbox 899 4408 1007 4467; x_wconf 66' lang='lat' dir='ltr'><strong>honnus</strong></span> <span class='ocrx_word' id='word_1_550' title='bbox 1033 4424 1055 4459; x_wconf 89' lang='lat' dir='ltr'><strong>a.</strong></span> <span class='ocrx_word' id='word_1_551' title='bbox 1072 4409 1104 4459; x_wconf 84' lang='lat' dir='ltr'><strong>B.</strong></span> <span class='ocrx_word' id='word_1_552' title='bbox 1124 4422 1154 4460; x_wconf 81' lang='lat' dir='ltr'><strong>ex</strong></span> <span class='ocrx_word' id='word_1_553' title='bbox 1171 4408 1234 4460; x_wconf 78' lang='lat' dir='ltr'><strong>&#39;lala</strong></span> <span class='ocrx_word' id='word_1_554' title='bbox 1253 4411 1321 4461; x_wconf 86' lang='lat' dir='ltr'><strong>Prot.</strong></span> <span class='ocrx_word' id='word_1_555' title='bbox 1341 4413 1374 4462; x_wconf 82' lang='lat' dir='ltr'><strong>iat</strong></span> <span class='ocrx_word' id='word_1_556' title='bbox 1461 4408 1465 4413; x_wconf 84' lang='lat'>&#39;</span> 
     </span>
    </p>
   </div>
   <div class='ocr_carea' id='block_1_5' title="bbox 23 4478 1451 4909">
    <p class='ocr_par' dir='ltr' id='par_1_12' title="bbox 23 4478 1372 4684">
     <span class='ocr_line' id='line_1_51' title="bbox 23 4478 1275 4544; baseline -0.001 -12"><span class='ocrx_word' id='word_1_557' title='bbox 23 4487 88 4532; x_wconf 79' lang='lat' dir='ltr'><strong>sate</strong></span> <span class='ocrx_word' id='word_1_558' title='bbox 105 4479 170 4544; x_wconf 68' lang='lat' dir='ltr'><strong>sulz.</strong></span> <span class='ocrx_word' id='word_1_559' title='bbox 191 4492 230 4543; x_wconf 86' lang='lat' dir='ltr'><strong>ep.</strong></span> <span class='ocrx_word' id='word_1_560' title='bbox 250 4478 339 4529; x_wconf 75' lang='lat' dir='ltr'><strong>Chdati</strong></span> <span class='ocrx_word' id='word_1_561' title='bbox 356 4484 421 4529; x_wconf 85' lang='lat' dir='ltr'><strong>retro</strong></span> <span class='ocrx_word' id='word_1_562' title='bbox 1270 4509 1275 4515; x_wconf 91' lang='lat'><em>·</em></span> 
     </span>
     <span class='ocr_line' id='line_1_52' title="bbox 23 4539 1372 4617; baseline 0.001 -16"><span class='ocrx_word' id='word_1_563' title='bbox 23 4551 118 4616; x_wconf 74' lang='lat' dir='ltr'><strong>alapds</strong></span> <span class='ocrx_word' id='word_1_564' title='bbox 131 4551 203 4601; x_wconf 89' lang='lat' dir='ltr'><strong>annis</strong></span> <span class='ocrx_word' id='word_1_565' title='bbox 215 4552 278 4617; x_wconf 67' lang='lat' dir='ltr'><strong>Aeg.</strong></span> <span class='ocrx_word' id='word_1_566' title='bbox 293 4542 315 4599; x_wconf 72' lang='lat' dir='ltr'><strong>t·</strong></span> <span class='ocrx_word' id='word_1_567' title='bbox 327 4546 475 4601; x_wconf 77' lang='lat' dir='ltr'><strong>2AE.diebus</strong></span> <span class='ocrx_word' id='word_1_568' title='bbox 489 4539 508 4597; x_wconf 73' lang='lat' dir='ltr'><strong>l&#39;</strong></span> <span class='ocrx_word' id='word_1_569' title='bbox 521 4544 629 4599; x_wconf 70' lang='lat' dir='ltr'><strong>biddii‘</strong></span> <span class='ocrx_word' id='word_1_570' title='bbox 639 4545 692 4598; x_wconf 70' lang='lat' dir='ltr'><em>W</em></span> <span class='ocrx_word' id='word_1_571' title='bbox 701 4546 763 4599; x_wconf 71' lang='lat' dir='ltr'><strong>qqm</strong></span> <span class='ocrx_word' id='word_1_572' title='bbox 774 4546 844 4599; x_wconf 80' lang='lat'><strong><em>17‘¹“</em></strong></span> <span class='ocrx_word' id='word_1_573' title='bbox 853 4548 936 4601; x_wconf 84' lang='lat' dir='ltr'><strong>medis</strong></span> <span class='ocrx_word' id='word_1_574' title='bbox 944 4550 1051 4615; x_wconf 79' lang='lat' dir='ltr'><strong>synodus</strong></span> <span class='ocrx_word' id='word_1_575' title='bbox 1062 4547 1094 4613; x_wconf 92' lang='lat' dir='ltr'>Q</span> <span class='ocrx_word' id='word_1_576' title='bbox 1105 4543 1167 4615; x_wconf 70' lang='lat' dir='ltr'><strong>et)</strong></span> <span class='ocrx_word' id='word_1_577' title='bbox 1179 4552 1204 4602; x_wconf 92' lang='lat' dir='ltr'><strong>iu</strong></span> <span class='ocrx_word' id='word_1_578' title='bbox 1213 4566 1274 4603; x_wconf 87' lang='lat' dir='ltr'><strong>mer.</strong></span> <span class='ocrx_word' id='word_1_579' title='bbox 1283 4550 1372 4605; x_wconf 81' lang='lat' dir='ltr'><strong>Borea.</strong></span> 
     </span>
     <span class='ocr_line' id='line_1_53' title="bbox 23 4616 1336 4684; baseline 0.004 -16"><span class='ocrx_word' id='word_1_580' title='bbox 23 4622 170 4683; x_wconf 57' lang='lat' dir='ltr'><strong>mm,</strong></span> <span class='ocrx_word' id='word_1_581' title='bbox 236 4616 360 4681; x_wconf 79' lang='lat' dir='ltr'><strong>,aee</strong></span> <span class='ocrx_word' id='word_1_582' title='bbox 433 4656 446 4680; x_wconf 86' lang='lat'><strong>,</strong></span> <span class='ocrx_word' id='word_1_583' title='bbox 490 4617 559 4670; x_wconf 75' lang='lat' dir='ltr'><strong>ar.</strong></span> <span class='ocrx_word' id='word_1_584' title='bbox 605 4617 952 4672; x_wconf 61' lang='lat' dir='ltr'><strong>sacromentum</strong></span> <span class='ocrx_word' id='word_1_585' title='bbox 989 4657 1004 4683; x_wconf 82' lang='lat'><strong>,</strong></span> <span class='ocrx_word' id='word_1_586' title='bbox 1069 4658 1159 4683; x_wconf 55' lang='grc' dir='ltr'><strong>Η.</strong></span> <span class='ocrx_word' id='word_1_587' title='bbox 1234 4661 1247 4683; x_wconf 85' lang='lat'><strong>,</strong></span> <span class='ocrx_word' id='word_1_588' title='bbox 1322 4660 1336 4684; x_wconf 85' lang='lat'><strong>,</strong></span> 
     </span>
    </p>

    <p class='ocr_par' dir='ltr' id='par_1_13' title="bbox 23 4690 1451 4909">
     <span class='ocr_line' id='line_1_54' title="bbox 43 4690 1451 4750; baseline 0.004 -8"><span class='ocrx_word' id='word_1_589' title='bbox 43 4700 48 4713; x_wconf 84' lang='lat'><strong>¹</strong></span> <span class='ocrx_word' id='word_1_590' title='bbox 115 4690 219 4743; x_wconf 72' lang='lat' dir='ltr'><strong>Gewtat</strong></span> <span class='ocrx_word' id='word_1_591' title='bbox 235 4705 286 4742; x_wconf 85' lang='lat' dir='ltr'><strong>nen</strong></span> <span class='ocrx_word' id='word_1_592' title='bbox 305 4691 372 4742; x_wconf 91' lang='lat' dir='ltr'><strong>dlese</strong></span> <span class='ocrx_word' id='word_1_593' title='bbox 383 4690 517 4742; x_wconf 78' lang='lat' dir='ltr'><strong>Zeltsrare</strong></span> <span class='ocrx_word' id='word_1_594' title='bbox 534 4705 617 4743; x_wconf 84' lang='lat' dir='ltr'><strong>rernm</strong></span> <span class='ocrx_word' id='word_1_595' title='bbox 635 4699 662 4747; x_wconf 86' lang='lat' dir='ltr'><strong>et</strong></span> <span class='ocrx_word' id='word_1_596' title='bbox 680 4698 804 4750; x_wconf 70' lang='lat' dir='ltr'><strong>exactum</strong></span> <span class='ocrx_word' id='word_1_597' title='bbox 821 4694 868 4744; x_wconf 82' lang='lat' dir='ltr'><strong>sris</strong></span> <span class='ocrx_word' id='word_1_598' title='bbox 885 4693 979 4744; x_wconf 79' lang='lat' dir='ltr'><strong>konnts</strong></span> <span class='ocrx_word' id='word_1_599' title='bbox 996 4693 1038 4743; x_wconf 87' lang='lat' dir='ltr'><strong>ich</strong></span> <span class='ocrx_word' id='word_1_600' title='bbox 1056 4693 1169 4746; x_wconf 85' lang='lat' dir='ltr'><strong>adhaec</strong></span> <span class='ocrx_word' id='word_1_601' title='bbox 1188 4694 1249 4746; x_wconf 88' lang='lat' dir='ltr'><strong>data</strong></span> <span class='ocrx_word' id='word_1_602' title='bbox 1267 4711 1297 4746; x_wconf 84' lang='lat' dir='ltr'><strong>ex</strong></span> <span class='ocrx_word' id='word_1_603' title='bbox 1308 4694 1370 4747; x_wconf 77' lang='lat' dir='ltr'><strong>rss.</strong></span> <span class='ocrx_word' id='word_1_604' title='bbox 1448 4690 1451 4695; x_wconf 67' lang='grc'><strong>’</strong></span> 
     </span>
     <span class='ocr_line' id='line_1_55' title="bbox 23 4758 1380 4830; baseline 0.002 -15"><span class='ocrx_word' id='word_1_605' title='bbox 23 4762 151 4829; x_wconf 78' lang='lat' dir='ltr'><strong>&#39;l&#39;yebonls</strong></span> <span class='ocrx_word' id='word_1_606' title='bbox 168 4778 252 4815; x_wconf 85' lang='lat' dir='ltr'><strong>rernm</strong></span> <span class='ocrx_word' id='word_1_607' title='bbox 271 4769 297 4814; x_wconf 86' lang='lat' dir='ltr'><strong>et</strong></span> <span class='ocrx_word' id='word_1_608' title='bbox 314 4776 435 4828; x_wconf 86' lang='lat' dir='ltr'><strong>apparens</strong></span> <span class='ocrx_word' id='word_1_609' title='bbox 452 4768 549 4827; x_wconf 85' lang='lat' dir='ltr'><strong>tempus</strong></span> <span class='ocrx_word' id='word_1_610' title='bbox 565 4776 640 4813; x_wconf 76' lang='lat' dir='ltr'><strong>verae</strong></span> <span class='ocrx_word' id='word_1_611' title='bbox 657 4762 744 4827; x_wconf 74' lang='lat' dir='ltr'><strong>synod</strong></span> <span class='ocrx_word' id='word_1_612' title='bbox 766 4763 869 4814; x_wconf 75' lang='lat' dir='ltr'><strong>finden?</strong></span> <span class='ocrx_word' id='word_1_613' title='bbox 893 4764 1000 4815; x_wconf 79' lang='lat' dir='ltr'><strong>nembcb</strong></span> <span class='ocrx_word' id='word_1_614' title='bbox 1018 4780 1078 4817; x_wconf 83' lang='lat' dir='ltr'><strong>vers</strong></span> <span class='ocrx_word' id='word_1_615' title='bbox 1094 4765 1152 4817; x_wconf 86' lang='lat' dir='ltr'><strong>loca</strong></span> <span class='ocrx_word' id='word_1_616' title='bbox 1168 4762 1201 4827; x_wconf 86' lang='lat' dir='ltr'>Q</span> <span class='ocrx_word' id='word_1_617' title='bbox 1222 4773 1249 4817; x_wconf 88' lang='lat' dir='ltr'><strong>et</strong></span> <span class='ocrx_word' id='word_1_618' title='bbox 1266 4758 1293 4830; x_wconf 67' lang='lat' dir='ltr'><strong>I)</strong></span> <span class='ocrx_word' id='word_1_619' title='bbox 1314 4778 1380 4817; x_wconf 82' lang='lat' dir='ltr'><strong>enm·</strong></span> 
     </span>
     <span class='ocr_line' id='line_1_56' title="bbox 24 4827 1055 4909; baseline -0.003 -19"><span class='ocrx_word' id='word_1_620' title='bbox 24 4843 118 4890; x_wconf 72' lang='lat' dir='ltr'><strong>nacta</strong></span> <span class='ocrx_word' id='word_1_621' title='bbox 134 4836 366 4895; x_wconf 75' lang='lat' dir='ltr'><strong>accommodatione</strong></span> <span class='ocrx_word' id='word_1_622' title='bbox 380 4835 534 4900; x_wconf 66' lang='lat' dir='ltr'><strong>masenot·</strong></span> <span class='ocrx_word' id='word_1_623' title='bbox 552 4835 667 4905; x_wconf 78' lang='lat' dir='ltr'><strong>tpmporls</strong></span> <span class='ocrx_word' id='word_1_624' title='bbox 684 4841 739 4886; x_wconf 87' lang='lat' dir='ltr'><strong>tarn</strong></span> <span class='ocrx_word' id='word_1_625' title='bbox 756 4830 789 4895; x_wconf 88' lang='lat' dir='ltr'>Q</span> <span class='ocrx_word' id='word_1_626' title='bbox 807 4848 882 4903; x_wconf 86' lang='lat' dir='ltr'><strong>qnam</strong></span> <span class='ocrx_word' id='word_1_627' title='bbox 900 4827 938 4903; x_wconf 67' lang='grc' dir='ltr'><strong>ὶ.</strong></span> <span class='ocrx_word' id='word_1_628' title='bbox 987 4898 991 4909; x_wconf 40' lang='grc' dir='ltr'>Ι</span> <span class='ocrx_word' id='word_1_629' title='bbox 1052 4844 1055 4851; x_wconf 93' lang='grc'><strong><em>·</em></strong></span> 
     </span>
    </p>
   </div>
   <div class='ocr_carea' id='block_1_6' title="bbox 0 0 1644 5550">
    <p class='ocr_par' dir='ltr' id='par_1_14' title="bbox 0 0 1644 5550">
     <span class='ocr_line' id='line_1_57' title="bbox 0 0 1644 5550; baseline 0 0"><span class='ocrx_word' id='word_1_630' title='bbox 0 0 1644 5550; x_wconf 95' lang='lat' dir='ltr'><strong> </strong></span> 
     </span>
    </p>
   </div>
  </div>
 </body>
</html>
