3278 5550
222 265 265 340 34
636 266 738 322 hlterm
755 269 858 336 Keplerl
876 268 1030 335 ιιιτιιιιιο
1047 273 1150 319 ιιιιιι

226 451 308 515 nium
332 469 389 531 ego
413 450 442 514 iu
456 449 528 514 Sole
545 459 576 512 et
589 450 690 512 Marte
713 445 988 531 exploratissimum
1010 447 1117 521 habeo,
1142 446 1242 508 fateor
1263 463 1312 508 me
1334 442 1581 508 accommodasse

224 540 408 624 hypothesin
439 541 543 602 Lunae
579 540 814 622 quadamtenus,
851 545 994 620 quantum
1033 536 1098 616 ejus
1129 535 1194 598 lieri
1226 533 1327 616 potuit
1357 533 1446 605 salvo
1476 533 1612 596 effectu:

224 631 438 714 Tychonianae
461 629 655 711 hypothesim
680 630 734 691 sed
757 638 788 690 tu
813 630 849 690 de
872 626 1117 709 proportionibus
1140 624 1252 686 divinis
1275 623 1423 704 loqueris,
1456 622 1580 691 innueris
1606 648 1610 686 ;

223 739 322 785 meum
344 718 524 800 Mysterium
548 718 844 798 Cosmographicnm.
891 716 992 796 Atque
1014 715 1072 777 hoc
1096 715 1194 796 ipsum
1218 733 1255 776 en
1286 713 1409 790 laudas,
1442 711 1506 775 nisi
1535 731 1580 775 me

224 809 341 873 moulte
365 809 442 869 forte
465 815 555 869 netas
579 816 613 869 nt
634 810 877 887 πολιιιραγμωα,
912 804 962 887 qui
993 803 1151 886 physicam
1181 803 1212 865 in
1234 803 1421 865 astronomia
1442 808 1578 864 ιῐιιιειι.
1615 860 1622 866 .

224 898 292 963 Vos
315 896 501 979 lychoniaui
524 897 692 959 astronomi
714 897 886 978 physicam,
907 896 975 975 jure
999 893 1162 975 spoliatam
1185 890 1340 955 soliditate
1365 891 1500 965 orbium,
1530 909 1580 972 per

224 987 364 1069 injuriam
388 984 555 1047 destituitis
579 985 609 1047 in
632 985 764 1048 maxima
787 983 1019 1048 incredibilitate
1043 991 1076 1044 et
1096 981 1299 1063 perplexitate
1332 981 1453 1043 volatus
1476 980 1580 1062 plane-

226 1086 324 1141 tarum
346 1082 527 1137 versantem
570 1075 631 1138 Cur
653 1094 712 1137 non
730 1094 785 1155 ego
801 1076 910 1137 iterum
923 1073 1008 1134 illam
1026 1072 1140 1152 juvem,
1164 1071 1277 1133 formas
1292 1070 1436 1152 physicas
1450 1076 1580 1132 motuum

225 1186 279 1248 per
303 1164 448 1245 liquidum
471 1182 553 1225 mare
574 1164 747 1245 inquirens?
784 1168 897 1228 Fateor
912 1163 967 1226 tibi
984 1161 1169 1235 Christiane,
1192 1180 1239 1224 me
1255 1179 1292 1221 ex
1310 1161 1368 1222 hoc
1383 1158 1580 1242 quinquennio

223 1254 380 1319 dimidiam
403 1252 558 1315 minimum
580 1262 698 1335 partem
721 1253 787 1333 ejus
801 1253 956 1334 temporis,
982 1251 1061 1332 quod
1076 1249 1150 1313 mihi
1164 1271 1183 1310 a
1198 1249 1463 1312 sollicitationibus
1478 1246 1580 1311 aulicis

227 1344 379 1410 residuum
397 1342 463 1416 fuit,
486 1341 621 1424 physicis
642 1342 946 1425 contemplationibus
961 1348 1095 1402 motuum
1110 1339 1221 1403 Martis
1236 1337 1434 1418 transegisse.
1472 1339 1582 1400 Verum

229 1435 273 1497 its
289 1431 438 1512 implexas
452 1439 525 1512 puto
548 1432 702 1507 scientias,
726 1442 760 1494 ut
782 1441 890 1495 neutra
913 1432 978 1493 siue
1001 1430 1098 1491 altera
1120 1429 1257 1509 perfecta
1279 1447 1347 1490 esse
1369 1424 1479 1509 possit.
1525 1425 1581 1489 Sed
1635 1475 1639 1478 .

227 1523 326 1603 rideo,
352 1527 383 1582 te
407 1518 457 1580 hic
479 1539 538 1581 non
563 1539 744 1602 magnopere
768 1521 934 1584 adversari.
964 1520 1581 1595 (Lougomoumnmze1hisea[oralttasasl

228 1612 321 1679 igitur,
351 1615 377 1659 et
394 1614 542 1672 praeterea,
570 1610 591 1658 si
619 1604 677 1674 quid
702 1611 811 1661 metricis
838 1611 934 1660 virtutis
959 1616 985 1661 et
1011 1608 1172 1674 proportionis
1200 1607 1299 1657 divinae
1326 1612 1422 1658 oenum
1439 1607 1465 1656 ln
1484 1605 1582 1671 singulfi

227 1681 361 1738 inveneris,
380 1680 444 1744 quod
462 1687 488 1729 te
503 1680 646 1733 mehercule
665 1681 787 1735 divinitati
805 1684 831 1732 iu
848 1681 897 1731 hac
916 1682 1067 1746 professione
1092 1680 1226 1743 proximum
1245 1680 1330 1736 lactet,
1358 1678 1384 1727 id
1402 1677 1435 1728 sd
1453 1677 1583 1729 eremus

230 1754 351 1805 motiones
370 1773 404 1784 -
423 1749 489 1818 qued
507 1751 591 1801 facere
609 1754 717 1818 quisquis
736 1760 871 1817 potest-
889 1755 927 1802 ita
943 1752 1046 1803 tandem
1064 1764 1164 1802 revoces
1182 1750 1269 1807 aelim,
1294 1757 1323 1799 ut
1339 1748 1516 1813 phaenomena
1530 1748 1585 1819 ipss

231 1824 294 1877 eceli
312 1821 406 1873 nullam
424 1829 494 1871 tuam
512 1823 560 1871 rim
577 1824 671 1874 nullam
690 1825 832 1874 violentiam
845 1826 962 1874 sentiant.
1001 1823 1079 1874 Secus
1097 1823 1163 1872 euim
1183 1837 1212 1872 ex
1230 1821 1350 1884 prioribus
1368 1819 1436 1870 haud
1453 1818 1587 1891 procedam
1621 1816 1634 1855 ἲ

231 1909 312 1962 usqae
329 1895 449 1945 musicam
462 1893 626 1953 Platonicam,
645 1910 695 1961 qua
714 1897 798 1946 anima
822 1896 907 1946 mundi
925 1897 1001 1962 riget,
1021 1896 1156 1960 attingens,
1175 1895 1340 1961 nostiucertos
1357 1893 1383 1941 iu
1400 1891 1587 1956 suspicionihu,

220 1967 344 2021 ·tenebris
363 1978 394 2016 ιι
413 1965 533 2015 erroribus
551 1967 633 2017 adhuc
652 1965 902 2030 errabamus)...

323 2037 412 2107 Quod
436 2056 507 2098 vero
529 2036 847 2119 prosthaphaeresium
879 2038 1000 2101 tabulas
1030 2037 1155 2111 attinet,
1189 2034 1280 2110 scito,
1313 2054 1360 2100 me
1383 2041 1482 2097 totum
1512 2033 1588 2097 hunc
1621 2092 1624 2097 .

232 2146 353 2200 aunum,
376 2131 435 2207 qula
456 2133 547 2209 pam,
567 2148 586 2188 a
608 2129 712 2190 morbo
736 2138 809 2212 eta
832 2129 912 2191 curis
936 2128 978 2190 lui
1000 2146 1130 2200 naeuus,
1153 2126 1184 2188 in
1207 2125 1295 2189 unius
1318 2133 1345 2196 ὁ
1366 2123 1589 2206 prosthaphae·

230 2216 350 2281 renibus
373 2208 505 2277 ecceutri
528 2217 660 2291 versari,
693 2237 748 2280 nec
761 2264 764 2271 .
777 2218 870 2299 pudet
890 2218 1007 2291 dicere,
1032 2235 1086 2285 ,me
1119 2234 1242 2296 scopum
1273 2216 1405 2278 nondum
1437 2212 1590 2293 attigisse.

231 2303 424 2388 Hypothesin
446 2304 558 2382 habeo,
586 2306 652 2385 jam
675 2311 746 2369 ante
768 2296 796 2370 d‘
814 2326 909 2370 annos
933 2313 1153 2380 constructam,
1184 2322 1259 2386 quae
1287 2305 1362 2368 mihi
1382 2299 1590 2386 planetamin

231 2393 401 2459 eccentrico
424 2391 535 2466 debitis
559 2395 635 2457 locis
659 2395 743 2458 sistit
765 2396 1037 2477 scrupulosissime.
1084 2394 1145 2458 Sed
1175 2413 1235 2456 non
1265 2394 1369 2475 placet
1398 2391 1490 2467 mihi,
1523 2390 1592 2474 quis

232 2504 292 2548 uon
315 2491 364 2547 est
384 2482 526 2565 physica,
552 2485 607 2546 sed
629 2505 700 2546 vere
723 2487 753 2547 id
777 2486 855 2566 quod
878 2485 1002 2560 dicitur,
1035 2483 1274 2567 hypothesis.
1319 2485 1425 2564 Itaque
1448 2482 1501 2544 hic
1522 2498 1591 2542 vere
1629 2512 1632 2517 ·

233 2581 267 2636 ιι
289 2570 371 2636 mihi·
386 2571 502 2641 dixisti,
525 2572 586 2635 ιὀι
609 2592 678 2637 esse
703 2576 833 2638 omnium
854 2575 1045 2657 planetamm
1071 2573 1218 2636 rationem
1248 2573 1384 2635 eandem.
1430 2571 1513 2634 Nam
1535 2567 1592 2632 etsi
1629 2562 1639 2583 ⁴

234 2663 272 2725 de
295 2663 383 2726 Luna
406 2661 481 2742 nihil
504 2663 635 2738 affirmo,
660 2664 686 2726 si
708 2665 834 2748 physice
858 2665 1081 2727 examinaretur
1104 2682 1142 2725 ex
1163 2663 1318 2744 professo,
1343 2661 1423 2743 quod
1445 2661 1591 2723 hacteuus
1626 2650 1633 2681 ²

233 2753 295 2816 ιιι
318 2751 376 2812 leci
400 2770 438 2812 ex
460 2771 519 2833 quo
542 2773 560 2813 a
583 2762 614 2815 te
638 2753 753 2830 absum,
772 2756 834 2817 hoc
852 2762 953 2816 tamen
972 2753 1027 2814 tibi
1043 2753 1153 2827 fateor,
1175 2772 1225 2814 me
1238 2753 1268 2814 iu
1283 2754 1385 2814 Marte
1404 2750 1488 2811 viam
1500 2748 1589 2828 -lmge

236 2841 329 2904 aliam
352 2840 411 2914 ire,
435 2858 525 2921 quam
548 2841 578 2902 in
601 2844 867 2907 transformatione
890 2843 1054 2906 Lunarium
1077 2841 1185 2903 institi.
1230 2843 1301 2905 ,lam
1331 2848 1362 2903 et
1385 2838 1491 2901 illudis
1523 2834 1592 2913 mhi
1638 2848 1639 2854 ’

150 2951 154 2960 ’
236 2928 374 3009 exemplo
397 2929 521 2991 Rhetioi
545 2933 795 3004 (Longomoutanuss'
808 2940 950 2998 meministi,
968 2941 1002 2989 ml
1020 2940 1100 2989 amice
1117 2938 1242 3003 Keplere,
1261 2939 1399 2990 Bausticse
1416 2936 1475 2987 olim
1495 2948 1594 3002 qepun

237 3020 302 3070 luter
319 3031 364 3066 uos
382 3017 458 3066 inisse
476 3016 592 3074 olivitam,
611 3032 646 3067 sc.
666 3025 695 3069 ιι
712 3026 740 3069 ιι
754 3019 874 3076 Martem,
894 3034 940 3084 ego
959 3026 1044 3070 autem
1062 3019 1160 3069 Lunam
1177 3020 1223 3069 sub
1246 3020 1345 3069 arbitrio
1367 3019 1453 3083 magui
1471 3014 1596 3080 ’l'yehem's
1638 3013 1639 3016 ’

236 3102 362 3144 curnem
382 3096 414 3136 au
432 3101 498 3137 nuno
517 3088 578 3137 iorte
591 3094 636 3137 tua
653 3090 679 3138 iu
695 3105 726 3139 eo
745 3098 790 3140 aut
808 3089 946 3142 diffidentia
964 3097 1008 3140 aut
1027 3090 1166 3154 desperatio
1187 3085 1298 3156 [ignosce
1317 3091 1376 3141 nihil
1394 3091 1518 3140 hactenus
1535 3088 1596 3138 inihi

236 3159 282 3210 ahs
300 3165 325 3208 te
344 3158 489 3222 praestitum
506 3154 667 3224 intelligenti]
688 3160 756 3211 casui
775 3160 808 3210 D.
827 3160 936 3222 Rhetiei,
955 3161 1028 3212 modo
1046 3169 1105 3212 reta
1123 3161 1154 3212 de
1173 3177 1202 3212 eo
1220 3169 1328 3222 narrent,
1355 3161 1493 3218 simillima,
1519 3172 1597 3210 ιιιιι

236 3238 281 3290 tihi
300 3238 332 3304 ad
345 3237 443 3288 Lunam
455 3252 532 3304 nsque
553 3240 695 3305 resurgendi
710 3236 819 3301 assati),
850 3233 955 3295 ridebo
992 3240 1100 3298 tecum.
1152 3235 1195 3296 Te
1228 3253 1301 3296 sane
1333 3241 1386 3296 tua
1413 3233 1523 3308 Luna,¹
1549 3250 1596 3295 me

235 3318 413 3403 quaudoque
437 3326 618 3399 spectatore,
639 3321 748 3384 misere
768 3320 945 3404 exagitavit,
961 3323 1137 3405 quandoque
1152 3331 1183 3385 et
1198 3343 1255 3398 me,
1277 3323 1349 3385 seio.
1383 3324 1444 3396 Me,
1466 3322 1492 3383 si
1507 3323 1596 3384 Mars

236 3416 321 3473 meus
344 3407 423 3471 male
447 3407 549 3483 habet,
573 3408 660 3472 decet
683 3419 713 3473 te
734 3411 995 3478 commiseratione
1014 3412 1099 3493 tangi
1115 3413 1220 3474 eadem
1235 3431 1368 3493 passum.
1408 3410 1474 3475 Sed
1494 3419 1597 3481 tamen

238 3493 382 3578 temporis
413 3497 470 3560 tibi
501 3497 649 3562 rationem
680 3501 819 3576 reddam,
853 3502 925 3582 quia
955 3501 986 3562 id
1018 3491 1121 3582 petere
1153 3501 1289 3584 videris.¹
1313 3502 1422 3564 'Auno
1458 3494 1554 3564 1600.
1579 3521 1599 3562 s

237 3587 401 3652 Februario
431 3588 462 3648 iu
484 3587 601 3665 Majum
627 3589 756 3670 primum
786 3591 977 3671 potissimam
1007 3599 1125 3672 partem
1158 3592 1307 3672 sperando
1340 3598 1372 3652 et
1402 3590 1599 3693 imaginando

239 3678 400 3745 oonsumsi.
440 3675 634 3754 Scissum,
666 3697 713 3741 me
745 3680 824 3742 iutra
856 3681 1009 3745 octiduum
1041 3680 1096 3742 sub
1127 3679 1264 3761 pignoris
1295 3679 1429 3760 periculo
1461 3678 1599 3741 voluisse

240 3789 352 3833 arcana
375 3765 475 3829 omnia
498 3764 666 3829 absolvere.
712 3769 834 3831 Proieci
856 3777 957 3832 autem
980 3777 1113 3843 tantum,
1137 3777 1173 3831 ιι
1193 3770 1325 3832 ecceutri
1347 3768 1606 3849 inaequalitatem„

239 3854 430 3923 mediocriter
449 3855 599 3917 salvarem
618 3857 690 3928 (nisi
706 3858 785 3938 quod
799 3879 858 3923 uua
874 3857 1143 3921 fundamentalium
1159 3858 1402 3920 observationum
1417 3854 1471 3921 20
1485 3857 1600 3919 vitiose

240 3947 299 4012 luit
320 3946 472 4017 assumta)
495 3953 528 4005 et
548 3945 740 4008 minuendam
768 3967 835 4009 esse
858 3947 942 4011 Solis
974 3947 1228 4010 eccentricitatem
1255 3948 1422 4011 callerent·
1452 3946 1482 4009 A
1504 3947 1599 4010 ,lunio

241 4030 272 4100 i'u
296 4035 458 4100 Octobrem
482 4053 548 4096 sum
569 4037 779 4116 peregrinatus
803 4045 834 4101 et
857 4037 1003 4099 familiam
1026 4037 1178 4099 haustuli.
1225 4037 1274 4101 Ab
1294 4035 1419 4100 Octobri
1446 4031 1541 4098 1600.
1566 4036 1599 4099 in

240 4123 412 4204 Augdstum
429 4118 522 4187 1601.
544 4131 693 4204 quartana
714 4145 761 4187 me
785 4127 890 4189 tenuit.
932 4125 1058 4190 Interim
1080 4125 1187 4207 scripsi
1210 4135 1315 4190 contra
1328 4127 1450 4200 Ursum,
1469 4125 1599 4205 jubente

240 4214 400 4296 Tychone,
433 4219 465 4274 et
496 4212 558 4275 alia
580 4214 676 4294 ipsius
706 4214 807 4276 studia
828 4235 883 4296 pro
916 4215 1012 4298 ipsius
1044 4216 1169 4278 arbitrio
1192 4224 1224 4278 et
1244 4217 1321 4278 meis
1343 4215 1458 4278 viribus
1481 4213 1598 4296 adjuvi,

241 4302 423 4386 Speculatus
455 4321 520 4364 suru
551 4302 726 4383 'mdignante
750 4304 891 4387 Tychone
920 4305 950 4367 in
973 4306 1108 4380 Venere,
1137 4306 1304 4381 Mercurio,
1332 4306 1436 4379 Luna;
1469 4304 1500 4365 iu
1532 4301 1599 4365 illis

242 4391 367 4467 utiliter,
389 4391 421 4452 in
435 4391 523 4454 Luna
544 4392 634 4473 plane
657 4395 770 4468 fustra3
795 4395 968 4474 speculatus
992 4413 1058 4456 snm
1080 4394 1160 4457 etin
1173 4396 1285 4469 Marte,
1308 4390 1426 4457 correxi
1449 4393 1598 4474 inaequa-

236 4482 361 4545 litatem
383 4479 525 4562 primam,
558 4490 694 4545 correcta
726 4483 837 4546 vitiosa
870 4484 1086 4545 fundamentali
1118 4484 1345 4558 observatione3
1378 4483 1528 4562 etiamque
1555 4479 1596 4542 ab

241 4570 343 4654 Aprili
366 4569 397 4631 in
419 4571 508 4632 linem
530 4572 662 4651 Augusti
685 4572 908 4653 peregrinatum
931 4573 992 4634 abii
1015 4572 1044 4635 iu
1061 4573 1204 4656 Styriam,
1228 4572 1334 4634 relicta
1349 4574 1467 4651 Pragae
1489 4588 1595 4632 uxom.

241 4664 274 4729 A
296 4658 466 4740 Septembri
489 4660 520 4723 in
543 4661 656 4725 Julium
684 4658 775 4725 1602.
800 4662 870 4723 dedi
899 4674 1022 4743 operam
1054 4662 1158 4735 liberis
1188 4669 1219 4724 et
1246 4663 1413 4724 fabricatus
1437 4679 1502 4722 sum
1524 4659 1598 4739 pul-

243 4749 421 4826 cherrimam
452 4749 585 4812 filiolam.
630 4754 661 4816 A
692 4750 877 4832 Septembri,
900 4749 1035 4832 inquam,
1067 4731 1163 4832 coepi
1176 4751 1413 4814 laboriosissime
1444 4749 1603 4830 inquirere

241 4839 465 4928 proportionem
488 4839 636 4905 secundae
661 4840 896 4907 eccentricitatis
918 4839 1016 4917 Solis,
1048 4839 1080 4904 in
1111 4861 1184 4929 quo
1198 4841 1301 4930 labqre
1324 4839 1428 4922 Tycho
1458 4844 1596 4901 mortuus
