3278 5550
143 304 208 381 406
624 307 664 365 ns
681 312 789 366 uocum
808 307 1007 369 sarulsus·
1359 304 1395 405 'g

143 493 298 576 opsidibus
326 493 369 566 A,
395 490 420 554 C
450 492 672 554 innocentibus:
707 502 792 555 tanto
821 493 978 574 pauciores
1006 493 1139 556 calculus
1170 494 1288 575 colligit
1316 496 1454 571 distaul‘rss,

143 593 246 663 utpote
271 603 289 643 a
310 582 428 662 magnis
452 601 539 644 arcus
562 582 699 663 partibus
721 582 936 645 emendicatas.
982 584 1049 647 lllic
1072 583 1100 644 in
1124 583 1165 657 A,
1190 583 1226 657 0,
1250 586 1329 665 quod
1350 586 1459 666 singulas

142 664 202 735 iron
224 680 351 752 possunt
383 670 564 744 distantiae,
589 671 626 733 ob
650 671 831 735 brevitatem
855 672 882 733 in
907 672 1041 747 calculo,
1069 672 1101 733 id
1130 672 1295 735 crebritate
1321 681 1461 754 praestant,

143 769 176 823 ut
194 763 294 842 justas
318 779 417 822 moras
446 762 650 839 accumulent:
683 761 749 833 hic,
775 762 852 841 quod
883 762 1085 840 longitudine,¹
1111 758 1206 842 qnam
1227 763 1256 823 in
1280 764 1393 826 calculo
1411 770 1461 827 m

144 860 261 923 nactae,
285 856 454 928 peccarent,
480 850 510 910 id
534 850 625 912 latius
649 860 680 911 et
703 850 802 913 laxius
826 850 970 929 dispersis
993 869 1109 912 rursum
1133 848 1267 931 eripitur.

229 938 301 1000 Dixi
325 939 361 998 de
385 937 470 999 initio
494 947 526 999 st
548 940 620 1012 tine,
646 940 724 1018 quod
748 939 851 1000 eadem
875 938 1079 1021 proportione,
1095 932 1185 1021 jquao
1209 944 1258 1025 est
1280 938 1338 1002 ΕΗ
1360 940 1397 1002 sd
1416 940 1461 1003 ΗΒ

34 1044 38 1051 ·
142 1017 285 1110 incipiant
315 1027 433 1088 dill'erre
466 1034 497 1087 et
529 1046 616 1088 arcus
648 1027 749 1089 circuli
783 1028 821 1089 ab
851 1029 991 1108 ellipticis
1019 1027 1049 1089 in
1072 1031 1102 1091 A
1131 1035 1162 1089 et
1186 1028 1232 1104 O,
1266 1035 1301 1091 et
1327 1022 1461 1091 distantia

138 1119 251 1198 justae,
276 1117 314 1177 ab
339 1116 388 1189 iis,
421 1135 494 1195 quas
519 1135 590 1177 area
614 1115 730 1197 ellipsis
760 1117 890 1198 colligit,
922 1118 951 1178 in
973 1118 1000 1179 B
1025 1124 1057 1178 et
1079 1116 1248 1205 oppositod
1270 1118 1377 1181 cadem
1398 1119 1461 1181 edu

141 1205 334 1288 proportione
359 1205 499 1266 desinant
517 1206 644 1278 differre,
670 1206 806 1267 nimirum
821 1206 1012 1286 proportione
1036 1200 1240 1286 aequalititis,
1264 1225 1355 1269 arcus
1369 1208 1461 1288 quidm

143 1298 174 1359 in
197 1297 233 1370 B,
256 1296 293 1368 Ε,
319 1290 483 1357 distantiae
507 1313 577 1355 vero
601 1294 629 1355 in
654 1295 692 1368 A,
718 1292 753 1357 C.
1151 1280 1184 1359 Ψ

230 1383 398 1446 Dicendum
422 1401 498 1443 nunc
522 1392 571 1444 est
594 1383 670 1443 idem
695 1384 786 1444 etiam
810 1383 846 1444 de
870 1402 1032 1462 progressu
1055 1374 1245 1447 interdisdio.

228 1472 358 1535 Etersim
380 1470 482 1533 lineae
502 1471 571 1545 NA,
586 1470 643 1533 AC
668 1493 688 1533 a
707 1474 818 1553 parcis
840 1473 944 1535 initiis
959 1493 1021 1555 per
1044 1470 1158 1534 celeria
1172 1472 1376 1551 passm
1395 1490 1461 1557 altpt

140 1571 216 1628 rant
238 1561 345 1642 aliquo
367 1558 503 1623 notabili
530 1559 634 1623 lineas
656 1562 759 1634 AllC;
790 1570 820 1625 et
840 1561 995 1634 sicisss'm,
1028 1563 1083 1623 nbi
1103 1546 1243 1677 111ωῆ
1267 1569 1461 1647 summata

141 1654 196 1714 rm
220 1651 324 1734 qaam
340 1650 404 1722 uu,
428 1650 473 1711 ns
486 1650 677 1713 insama
698 1653 814 1713 senam
836 1651 1049 1713 mantas:
1071 1650 1107 1712 s·
1120 1636 1461 1717 mennwmaasu

144 1744 231 1805 circa
263 1736 457 1802 anornaliam
489 1740 654 1801 eccentrira'
676 1736 745 1799 45⁰.
791 1741 888 1803 Putet
910 1739 947 1801 id
969 1738 1200 1819 quadamtenus
1227 1760 1268 1803 aa
1296 1740 1461 1821 masuam

141 1828 256 1912 anqulo
280 1835 309 1890 ct
330 1829 516 1889 secaratibns.
567 1830 728 1904 Quantum
758 1830 840 1890 naim
866 1847 978 1890 secans
1006 1826 1116 1909 anquli
1144 1830 1345 1911 osqaotiortia
1371 1828 1461 1910 nan

143 1920 247 2001 differt
270 1940 292 1981 a
313 1919 386 1979 sinn
407 1924 484 1990 toto,
514 1910 706 1997 tardnndffl
719 1919 794 2000 sere
822 1918 928 2000 differt
949 1917 1003 1997 Bp
1027 1934 1051 1979 c
1071 1916 1129 1977 BH
1139 1964 1146 1989 ‚
1180 1919 1335 2001 oppositis
1363 1912 1461 1999 σιμὰ

143 2009 364 2089 aequationem
386 2026 419 2067 se
440 2013 548 2069 mntem
572 2005 616 2067 ad
637 2007 719 2067 banc
736 2002 1223 2091 propademus-adjuvantibus.
1266 2007 1367 2088 Atq1ci
1391 2009 1398 2023 '

143 2105 248 2174 arcenda
270 2102 429 2158 secantem
451 2096 649 2174 capitationis
676 2097 797 2175 optione
820 2080 905 2157 cirin
929 2088 991 2157 45·
1010 2100 1084 2156 saint
1103 2086 1178 2181 seps
1203 2097 1369 2170 manicam·
1401 2094 1433 2111 ''

144 2195 173 2250 ec
187 2188 255 2269 fine
277 2184 468 2266 quadrantis
490 2183 594 2246 tarda.
640 2184 720 2247 Vide
743 2184 782 2245 de
804 2186 854 2246 bis
867 2180 1057 2267 jincnqs'ccp.
1075 2178 1217 2263 xum.
1257 2188 1362 2266 Atque
1380 2203 1412 2245 eo

146 2278 183 2339 in
198 2274 404 2359 proportione
424 2273 674 2352 proqredinntur
696 2275 791 2335 etium
813 2266 1157 2359 incrernmstastdunn
1185 2272 1391 2355 auspicantia
1404 2274 1459 2354 pfl?

143 2362 405 2446 pcndicnlarn'bns
437 2361 494 2421 KL
524 2361 752 2425 distinctorum.
799 2362 887 2423 Nam
914 2363 950 2422 in
972 2352 1146 2442 principiis
1167 2363 1214 2435 A,
1248 2362 1275 2425 C
1304 2382 1409 2424 arcam--

146 2473 268 2535 seraper
291 2453 330 2514 ob
355 2454 381 2511 A
406 2451 562 2529 inceptus,
586 2449 631 2510 ad
653 2451 876 2512 incrementum
902 2469 997 2513 mum
1017 2457 1077 2523 est,
1101 2456 1137 2511 nt
1159 2450 1215 2511 LK
1238 2451 1285 2514 cd
1307 2451 1377 2512 Ru.-

147 2545 216 2625 ipse
240 2561 336 2604 arcias
359 2546 442 2601 totns
470 2559 607 2618 parcns,
639 2538 738 2621 iqitur
758 2542 900 2619 parram*
915 2546 944 2600 et
965 2539 1196 2601 incramerstnm.
1242 2538 1287 2602 In
1300 2542 1378 2622 fine,

146 2633 183 2705 B,
205 2629 367 2711 proportio
390 2628 447 2688 ΑΕ
471 2627 515 2688 ad
538 2627 592 2687 AB
610 2624 693 2715 ffl
708 2627 753 2691 ad
775 2626 998 2709 aequalitatem
1017 2626 1187 2706 rediqr‘tur,
1212 2630 1273 2690 etsi
1292 2644 1415 2710 magnas

149 2739 244 2783 orons
258 2717 325 2789 AB,
345 2723 450 2798 utpote
463 2717 596 2779 nanas.
740 2718 748 2729 '
764 2716 787 2777 ⁶:
801 2725 836 2778 ut
848 2717 895 2778 ita
908 2734 1037 2778 caream
1053 2734 1190 2796 parvam
1202 2717 1244 2779 eit
1259 2719 1332 2781 incr

147 2809 189 2872 In
210 2806 313 2871 medio
337 2807 435 2886 iqitur
458 2803 545 2866 circa
566 2796 914 2887 452.3fflsrstissinsum
936 2811 981 2866 est
1001 2803 1226 2868 incrementvm
1247 2826 1385 2871 arescunt
1439 2854 1442 2859 -

156 2906 168 2925 ·
236 2897 327 2955 Patet
349 2894 449 2971 igitur,
474 2894 565 2953 etiam
589 2894 618 2954 in
633 2894 803 2973 'progressu
826 2894 969 2972 aequales
993 2894 1228 2969 esse-rationes,
1253 2905 1391 2976 quantum
1453 2964 1457 2971 ,

149 2986 195 3046 tili
219 2982 457 3044 consideratione
481 2981 552 3041 licet
573 2982 731 3062 inquirere.
1247 3022 1250 3027 -
1315 3058 1321 3065 .
1446 2986 1460 3047 l

240 3070 468 3134 Denroustratio
501 3078 534 3130 ut
557 3071 725 3132 certissima
762 3070 805 3131 ita
826 3067 947 3150 ἄτεχνος
970 3076 1018 3130 est
1041 3077 1072 3130 et
1094 3065 1329 3153 dyanqisae'pqtoc,
1352 3092 1416 3151 quau

152 3161 270 3240 quidem
304 3159 413 3219 attinet
444 3159 520 3218 lianc
551 3171 688 3238 partem,
720 3161 756 3220 de
784 3177 944 3238 progressu
977 3158 1234 3221 intermediomm¹
1254 3171 1408 3242 augmento

155 3242 321 3328 Cuperem,
357 3257 389 3307 ot
412 3257 527 3320 cetera,
560 3248 603 3308 sic
631 3248 707 3308 hano
738 3267 852 3328 quoque
881 3246 1061 3326 particulam
1091 3243 1270 3327 geometrice
1301 3259 1332 3313 et
1358 3250 1400 3314 tn

152 3337 305 3416 expediri;
336 3337 380 3397 sic
408 3349 440 3396 ut
472 3336 562 3396 etiam
590 3336 761 3416 Apolloniis
793 3335 931 3397 satisfiat.
983 3335 1106 3396 Interim
1137 3334 1316 3413 damalius
1347 3338 1426 3422 quisp'

150 3428 226 3495 hauc
251 3425 399 3487 invenerit
419 3431 452 3487 et
469 3412 675 3499 bdoruaverit,
699 3433 819 3505 oportet
840 3442 896 3487 nos
919 3424 974 3485 hac
998 3444 1065 3486 esse
1089 3422 1258 3489 contentos.

161 3498 189 3527 ²*
238 3515 310 3577 XV.
357 3484 632 3593 S'c'b'pcrtexamus
656 3513 950 3586 demonstrationem,
983 3532 1083 3574 arcum
1108 3514 1259 3593 ellipseos,
1283 3517 1368 3597 cujus
1390 3535 1412 3576 n

150 3605 271 3665 metitur
294 3602 487 3677 areanum,
512 3603 620 3664 debere
645 3603 796 3664 terminari
820 3603 850 3663 in
873 3603 939 3674 LK,
964 3612 997 3663 ut
1020 3603 1062 3662 sit
1083 3603 1157 3665 AM.
1188 3626 1191 3637 ¹

133 3726 144 3747 .
219 3694 392 3754 'Hactenus
416 3691 492 3752 enirn
517 3710 673 3752 versamur
693 3692 792 3753 inhao
816 3691 942 3765 fictione,
968 3691 1073 3771 siquis
1093 3701 1208 3753 tantum
1231 3693 1395 3755 abundaret
1431 3686 1439 3703 ⁸

152 3792 185 3844 ut
208 3800 309 3843 aream
333 3780 438 3859 ellipse
460 3800 475 3839 s
501 3780 592 3841 vellet
616 3789 801 3859 computare,
827 3781 955 3841 futurum
979 3799 1062 3855 esse,
1084 3787 1118 3840 ut
1141 3800 1213 3843 area
1235 3782 1375 3862 ellipseos
1438 3846 1442 3853 ,

151 3892 224 3934 usus
247 3871 313 3932 loco
337 3870 460 3961 dlfittgss„
483 3888 547 3930 rum
571 3871 664 3950 ipsius
681 3870 744 3930 AM
771 3869 907 3942 totidem,
932 3877 1006 3949 quot
1023 3878 1093 3930 suut
1107 3869 1136 3929 in
1150 3871 1211 3932 ΑΚ
1233 3890 1323 3933 arcus
1342 3867 1461 3961 sequfflq

155 3979 214 4022 non
237 3960 279 4020 sit
301 3980 320 4019 a
344 3962 442 4051 s'co'ppj¹
460 3958 667 4045 aberraturus.
696 3959 796 4019 ·Haec
820 3958 861 4018 sit
885 3957 972 4018 nobis
1002 3957 1098 4020 instar
1127 3960 1341 4038 propositionis
1370 3950 1461 4038 majori

151 4049 295 4131 hactenus
319 4042 554 4127 dsmbnlhstae.
1458 4050 1461 4061 '

240 4126 391 4198 Minoreni'
408 4134 476 4214 'jaro
510 4135 686 4214 subjungam
711 4153 749 4194 ex
771 4135 1013 4214 protheoremate
1036 4134 1096 4210 ΠΙ,
1118 4133 1149 4196 in
1173 4130 1229 4213 quo
1258 4145 1404 4202 ostensum

152 4227 195 4288 uti
219 4246 291 4287 area
314 4223 399 4286 AKO
425 4245 457 4285 se
486 4224 578 4285 habet
600 4225 639 4284 ad
669 4243 769 4285 aream
793 4222 897 4296 AMC,
929 4224 973 4285 sic
998 4225 1085 4285 etiam
1117 4240 1184 4284 esse
1214 4243 1318 4289 aream
1338 4225 1439 4296 ΑΚΝΙ

155 4334 255 4376 aream
274 4314 376 4376 AMN.
416 4312 613 4374 Concluditur
632 4313 731 4390 igitur,
752 4332 816 4373 cum
834 4311 1134 4391 aequemultiplicium
1152 4315 1306 4393 proportio
1320 4317 1389 4379 site
1438 4304 1441 4311 ¹

154 4404 184 4485 ip
202 4423 249 4465 am
274 4403 364 4463 etiam
388 4420 487 4463 aream
512 4400 613 4462 circuli
636 4402 724 4463 ΑΚΝ
749 4401 845 4462 metiri
870 4420 1016 4462 summam
1039 4400 1247 4466 distantiarum
1271 4404 1302 4465 di
1407 4404 1426 4479 ᾗ

154 4498 169 4564 t
225 4492 291 4563 ΚΤ,
316 4493 372 4564 TI)
397 4511 449 4552 seu
477 4489 673 4569 ellipticarum
713 4490 807 4569 ipsius
838 4491 903 4551 AM
936 4490 1076 4563 totidem,
1108 4498 1180 4568 quot
1206 4490 1309 4554 insunt
1334 4486 1425 4575 partas

153 4581 222 4643 AK.
269 4580 356 4642 Unde
379 4587 482 4658 patet,
516 4587 596 4639 recte
626 4577 762 4658 partibus
794 4579 934 4658 ellipseos
962 4578 1042 4640 circa
1064 4580 1103 4651 A,
1129 4576 1154 4639 C
1178 4581 1372 4645 confertiores
1404 4590 1407 4595 '

154 4669 327 4742 distantias,
362 4669 488 4730 totidem
509 4686 627 4748 nempe,
657 4674 728 4748 quot
759 4669 979 4729 constituuntur
1001 4667 1031 4728 in
1054 4687 1092 4729 ea
1114 4666 1266 4731 sectiones
1286 4689 1340 4751 per
1358 4680 1461 4755 perp*

154 4758 302 4839 diculares
326 4755 391 4823 K-L,
416 4756 454 4816 ab
477 4756 650 4837 aequalibus
675 4756 800 4818 arcubus
824 4756 916 4835 ipsius
940 4756 1000 4817 ΑΚ
1023 4755 1187 4817 venientes.

176 4836 194 4849 ''
209 4845 295 4933 ‚sslt'e
311 4845 378 4926 quis
393 4845 430 4906 de
454 4844 580 4907 veritate
602 4845 646 4906 rei
669 4842 794 4919 dubitet,
817 4845 929 4907 diffisus
953 4843 1112 4937 subtilitati
1131 4851 1163 4906 et
1184 4845 1374 4927 perplexitas·
1392 4862 1456 4927 til*
