3278 5550
785 308 951 377 mmuh

679 487 836 552 Scribatur
858 488 936 550 eninr
959 485 1088 549 circulus
1111 494 1216 548 centro
1244 486 1281 561 P,
1303 487 1448 551 intervallo
1463 487 1502 563 ln

589 598 675 660 quem
697 587 781 640 secet
802 578 853 641 Pr
873 576 1024 658 producta
1044 577 1075 637 in
1098 576 1137 647 N,
1158 575 1199 647 Q„
1248 575 1326 640 Cum
1347 579 1430 658 igitur
1447 575 1503 649 till

490 687 508 737 n
589 669 630 730 eit
652 678 764 742 rectus,
787 667 967 749 quadratum
981 666 1038 728 AB
1061 665 1190 746 aequale
1213 667 1279 729 erit
1294 666 1455 747 asangm
1470 668 1503 730 roi

438 771 478 846 χ
590 757 660 830 ΟΛ,
684 757 754 819 AN.
800 756 862 819 Sed
886 753 947 826 QA
970 763 1019 817 eet
1041 755 1177 835 aequalis
1209 755 1274 835 ipsi
1294 753 1372 831 EO,
1398 756 1503 836 quialll

455 840 457 848 '
484 863 491 879 ·
590 855 639 909 est
661 848 840 909 clementum
863 843 980 924 utrique
1002 862 1167 916 commune,
1189 842 1255 908 Ao
1276 864 1351 907 vero
1371 845 1416 907 rel
1431 846 1502 909 lle

402 946 404 960 '
590 934 649 1007 EQ
670 936 718 997 rel
742 934 795 998 LB
828 934 1012 996 constitutae
1044 934 1164 995 luerunt
1192 935 1349 1013 aequales.
1392 934 1444 999 tol
1458 952 1502 997 rau

489 1028 506 1047 ’
536 1058 551 1106 c
593 1033 641 1086 eet
670 1024 805 1104 aequalis
837 1023 1024 1102 compositae
1054 1042 1094 1085 ex
1121 1021 1180 1086 ΕΟ
1210 1032 1246 1085 et
1275 1023 1335 1085 ΔΡ
1364 1023 1417 1085 tie.
1451 1020 1502 1093 ω

593 1113 670 1176 enim
693 1112 749 1177 EO
781 1123 892 1194 aequat
912 1109 984 1185 Ao,
1007 1110 1068 1183 ΑΟ
1097 1130 1170 1172 uero
1201 1122 1236 1174 et
1263 1113 1320 1175 ΔΡ
1350 1120 1445 1195 aequat

594 1222 684 1283 qnare
708 1212 739 1264 et
762 1200 819 1267 ΕΟ
842 1221 909 1265 cum
924 1200 981 1264 ΑΡ
1004 1211 1114 1282 uquat
1134 1198 1202 1276 ΡΟ,
1226 1203 1259 1264 h.
1274 1221 1301 1264 e.
1325 1203 1395 1265 PN:

594 1293 685 1373 igitur
715 1292 754 1352 ad
777 1291 832 1353 ΡΝ
864 1291 932 1373 ipsa
954 1290 1010 1352 ΑΡ
1041 1289 1193 1353 secundo:
1227 1299 1296 1353 tota
1316 1292 1375 1354 AN
1402 1290 1507 1372 ceurfl'

198 1382 255 1448 EO
278 1389 311 1444 et
335 1382 410 1444 duas
433 1379 497 1442 ΑΡ.

717 1538 916 1601 Problema
936 1537 1025 1601 XIII.

202 1650 303 1712 Data
330 1643 547 1727 quantitate
580 1644 754 1706 delectus
784 1654 821 1706 et
846 1645 1092 1726 proportione
1123 1644 1393 1707 semidiametri
1413 1644 1507 1729 Lnuaa

199 1738 244 1801 ad
267 1754 395 1798 arcum
417 1733 590 1795 dimidiae
614 1733 845 1808 durationis,
887 1733 1050 1797 invenire
1073 1734 1354 1815 proportionem
1381 1733 1507 1814 ejusde!

244 1822 516 1889 semidiametri
545 1823 572 1894 I
607 1823 652 1884 ad
685 1823 1002 1887 semidiametrum
1041 1823 1187 1885 umbrae
1221 1831 1258 1884 et
1289 1823 1335 1884 ad
1366 1823 1476 1884 latitu-

320 1987 325 2000 ,
740 1911 840 1974 dinis
873 1931 1004 1974 arcum.

290 2000 390 2064 Datur
411 1998 565 2080 proportio
590 1998 644 2063 OF
667 2009 699 2062 et
721 2002 761 2064 ad
783 2000 837 2065 OE
862 2003 1029 2076 (schemate
1044 2001 1082 2074 4)
1105 2008 1222 2079 partem
1247 1999 1468 2061 deficientemet

202 2092 258 2155 AB
283 2109 383 2153 arcum
407 2086 549 2152 dimidiae
573 2089 747 2152 durationis.
793 2091 889 2172 Igitur
912 2091 1089 2171 quadratum
1113 2087 1169 2152 ΟΕ
1192 2089 1388 2152 auferatura

201 2182 268 2257 AB,
292 2178 443 2242 residuum
457 2178 690 2241 transformetur
711 2181 740 2242 in
762 2179 978 2256 rectungulum,
1003 2178 1088 2258 cujus
1111 2178 1240 2240 alterum
1260 2178 1344 2240 latus
1365 2185 1461 2256 aequet

202 2270 265 2343 bis,
294 2269 439 2349 reIIquum
463 2268 541 2329 latus
566 2267 623 2330 erit
645 2268 719 2342 ΡΑ,
748 2270 794 2331 cui
824 2270 954 2331 addatur
981 2267 1052 2342 AB,
1082 2267 1253 2329 differentia
1278 2265 1359 2329 inter
1379 2264 1445 2341 AO,

202 2359 252 2421 vel
277 2358 405 2420 alterum
434 2356 514 2418 latus
538 2366 646 2437 aequet
667 2357 733 2434 EO,
758 2359 902 2438 reliquum
926 2356 984 2419 erit
1006 2357 1062 2420 ΡΑ
1084 2355 1142 2418 bis.
1192 2353 1275 2426 Quia
1297 2356 1376 2418 euim
1392 2356 1507 2437 Bnqn

204 2449 322 2510 drotum
345 2453 457 2526 aequat
480 2448 685 2523 rectangulum
709 2466 747 2509 ex
766 2444 821 2509 ΟΕ
845 2456 876 2509 et
898 2447 1061 2525 composito
1086 2465 1123 2507 ex
1142 2443 1198 2507 ΟΕ
1221 2454 1253 2506 et
1265 2445 1321 2509 PL
1335 2445 1429 2526 duplo,
1446 2446 1507 2526 qud

201 2536 350 2600 communi
378 2535 526 2617 quadrato
550 2533 605 2598 OE
633 2536 771 2616 utrinque
800 2537 919 2611 ablato,
958 2536 1142 2616 relinquetur
1176 2532 1239 2596 illic
1274 2532 1438 2597 differentia
1457 2538 1507 2614 μ’

202 2622 763 2699 emmeramensem.
789 2622 875 2701 aen,
900 2624 1025 2687 vernn
1051 2671 1058 2687 .
1083 2621 1171 2689 aon.
1237 2660 1241 2669 -
1498 2602 1507 2725 l

283 2730 321 2782 Sit
344 2730 386 2781 I'O
405 2747 440 2774 =
458 2726 501 2778 ³⁴⁴
538 2727 573 2777 21¹
693 2731 820 2782 Deficiant
855 2727 899 2780 ³³⁴
918 2727 970 2779 20“
1216 2728 1251 2778 Et
1268 2731 1303 2778 sit
1319 2728 1366 2778 ΒΔ
1383 2725 1423 2778 54'
1439 2724 1477 2775 W
1505 2744 1507 2763 =

256 2804 322 2870 Ergo
344 2802 389 2853 ΡΔ
407 2820 442 2846 =
460 2798 502 2850 2⁷.
540 2799 556 2850 6
670 2801 844 2868 Logarlthmut
881 2799 969 2852 58790
1245 2799 1385 2867 legaritlrm.
1425 2794 1478 2847 9872

342 2867 556 2924 AE=16.19
862 2870 968 2923 117580
1003 2897 1037 2908 -
1077 2865 1168 2919 18.31

345 2962 387 3015 pp:
404 2977 441 3005 =
458 2957 500 3012 43,
520 2941 603 3009 25*
1073 2937 1118 2991 49.
1139 2938 1172 2989 15
1244 2939 1385 3006 logulthm.
1411 2933 1477 2991 ¹97ss

1046 3010 1207 3082 W
1243 3057 1276 3067 -
1314 3053 1350 3064 -
1410 3025 1477 3078 ocem

1009 3103 1052 3154 ro
1072 3100 1115 3152 aa.
1152 3101 1169 3152 2
1241 3126 1276 3138 -
1313 3124 1350 3135 —
1409 3096 1475 3151 soro

885 3190 994 3256 Duplum
1011 3173 1201 3244 PaW
1243 3216 1278 3229 -
1315 3171 1474 3242 ——lilll

701 3314 910 3378 Theorema
932 3316 1052 3382 XVIII.

204 3426 243 3491 Si
266 3424 439 3488 circulum
471 3422 643 3501 majorem
676 3422 906 3504 contigerint
936 3425 1003 3488 dno
1035 3424 1167 3488 circuli
1195 3420 1359 3487 minores
1382 3425 1462 3486 inter

204 3516 391 3598 aequales,
429 3513 530 3576 alter
569 3511 682 3586 intra,
722 3513 818 3574 alter
854 3521 963 3577 extra
994 3516 1038 3577 ab
1070 3513 1195 3575 eadem
1230 3512 1345 3593 plaga
1376 3534 1394 3575 a
1420 3527 1465 3574 cen
1498 3584 1500 3589 ³

204 3604 369 3686 majoris,
404 3601 648 3682 connexiaque
677 3602 817 3663 centris
849 3605 1094 3667 minornmet
1125 3620 1202 3663 cum
1237 3599 1470 3679 centrpunajo
1498 3598 1507 3636 ²

205 3703 242 3758 et
263 3695 359 3756 inter
382 3711 420 3754 ee
443 3711 507 3773 per
528 3700 662 3754 rectam
687 3691 959 3762 continuatam,
984 3693 1145 3755 ducatur
1168 3709 1212 3751 ex
1237 3674 1373 3756 cencio
1393 3674 1468 3775 filil

204 3780 537 3867 perpendicularis
560 3780 595 3841 in
619 3780 740 3854 illam,
763 3783 1021 3861 rectangulum
1044 3782 1109 3844 sub
1137 3778 1231 3842 dille
1261 3768 1367 3859 ''trtia
1386 3772 1462 3875 dap}

206 3893 298 3955 qnae
330 3879 457 3934 centra
485 3869 660 3932 minorum
691 3888 766 3932 cum
796 3877 923 3933 centro
955 3871 1110 3951 majoris
1143 3886 1209 3931 con
1267 3870 1461 3955 ctnnt,·et·'
1503 3931 1507 3945 ,

205 3961 415 4044 composita
437 3967 665 4039 exutraque,
685 3959 813 4038 juncto
837 3960 1021 4038 quadrato
1041 3961 1136 4039 ejus,
1161 3957 1369 4053 quqeinter
1388 3974 1423 4038 ce
1459 3954 1463 3963 '
1503 3962 1507 3970 '

206 4049 404 4116 interioris
428 4048 840 4130 etperpendicularem,
863 4050 1018 4129 aequale
1042 4049 1116 4111 erit
1139 4045 1322 4131 quadrato
1345 4048 1429 4129 ejus,
1445 4044 1472 4121 'll

310 4138 407 4201 inter
435 4144 597 4201 centrum
625 4135 824 4200 exterioris
847 4147 883 4199 et
905 4138 1055 4201 eandem
1078 4130 1435 4217 perpendillu'la'rem

295 4227 373 4291 Vel:
407 4227 433 4289 si
460 4226 539 4289 latus
572 4246 661 4289 unum
688 4225 831 4303 trianguli
861 4227 1027 4308 rectanguli
1064 4226 1194 4289 secuerit
1225 4231 1314 4287 recta
1345 4244 1382 4287 ex
1408 4237 1439 4300 op

183 4319 327 4399 ‘angula
351 4310 532 4396 triangulum
555 4314 651 4377 minua
680 4314 869 4377 constituens
892 4316 972 4378 intra
993 4317 1107 4399 majus,
1141 4312 1290 4377 communi
1314 4310 1423 4392 angulo·
1502 4334 1507 4341 ·

207 4408 519 4489 parallelogrammum
549 4404 754 4485 rectangulum
777 4403 832 4466 sub
855 4405 1024 4468 differentia
1055 4406 1313 4488 hypotenusamm
1335 4410 1368 4464 et
1387 4397 1434 4463 snb

149 4494 152 4498 ’
208 4496 309 4575 posita
332 4514 370 4557 ex
391 4502 526 4575 utraque,
551 4514 610 4556 una
632 4513 699 4558 cunr
721 4494 867 4576 quadrato
890 4494 994 4558 lateris
1016 4495 1048 4557 in
1066 4494 1217 4574 triangulo
1240 4491 1355 4566 minori,
1378 4503 1427 4566 aeq

209 4585 386 4667 quadratum
405 4583 514 4657 ‚latens
536 4583 568 4646 in
590 4583 739 4664 triangulo
763 4583 879 4661 majori.
1025 4584 1033 4652 ζ
1363 4608 1370 4620 ·

296 4672 450 4753 Triangnli
471 4670 558 4736 ABD
582 4673 663 4738 latus
683 4673 741 4736 BD
771 4679 889 4733 secetur
910 4672 941 4734 in
964 4669 990 4736 Ο
1013 4689 1067 4751 per
1096 4674 1212 4731 rectam
1234 4664 1304 4738 Ac,
1326 4663 1410 4729 οιΑ
1476 4736 1482 4751 ,

210 4759 348 4843 opposito
371 4762 510 4838 ductam,
542 4759 585 4825 nt'
598 4761 640 4831 sit
662 4762 759 4825 minna
782 4764 818 4830 Δ
840 4759 945 4837 Bac,
974 4758 1124 4823 communi
1155 4754 1267 4835 angulo
1287 4753 1430 4837 roctoB:
1447 4750 1491 4807 el!

210 4851 270 4925 nn
295 4849 510 4917 coeminen-
536 4850 598 4935 opu
619 4850 677 4918 ac
699 4849 836 4935 aanor·
855 4849 926 4930 au,
948 4848 1016 4915 orco
1045 4845 1254 4928 racemum
1267 4841 1410 4923 ,su-ro
1425 4822 1491 4901 aar
