3278 5550
166 268 233 341 320
646 274 687 331 na
705 275 813 329 noenu·
833 274 926 327 sonu
943 273 1033 327 uam·

167 453 261 518 etiam
283 456 457 537 repelleret:
482 456 560 536 quod
581 464 697 537 pugnat
720 473 786 519 cum
809 455 1004 536 simplicitate
1027 453 1146 519 Solaria
1169 453 1316 537 corporis.
1339 453 1422 543 ,Qui
1443 472 1481 519 rer

168 544 311 624 peculiari
335 540 462 626 quadarn
486 545 602 608 ratione
626 546 705 608 hanc
728 547 958 609 translationem
989 545 1018 607 in
1042 564 1220 611 consensum
1243 552 1382 623 mutum
1403 564 1481 627 corpo

167 633 249 697 Solis
274 644 305 695 et
326 636 468 714 planetae
492 635 601 710 refert,
634 634 660 696 is
684 644 780 699 totam
803 635 890 715 hujus
919 635 1027 715 capitis
1051 634 1207 697 materiam
1236 635 1328 697 aliter
1355 634 1481 699 informat

168 743 261 805 eoque
285 724 402 785 nornine
426 724 602 803 deputatum
625 734 674 786 est
695 725 774 787 inira
796 725 863 787 huic
886 725 929 787 rei
951 724 1102 805 peculiare
1126 732 1218 804 caput
1239 724 1342 787 LVII.
1438 761 1447 775 ·

256 813 352 875 Vides
384 814 481 875 lector
513 814 702 876 considerate
725 822 757 876 et
780 814 949 895 ingeniose,
982 815 1058 894 quod
1088 815 1163 875 haec
1186 813 1289 894 opinio
1317 814 1357 877 de
1384 813 1481 894 perfect

168 901 277 964 circulo
311 902 479 964 ecceutrico
510 902 627 966 itineris
659 903 819 983 planetarii
852 904 946 966 multa
979 902 1167 965 incredibilia
1198 903 1228 964 iu
1261 902 1481 982 speculationibr

167 990 300 1073 physicis
323 991 474 1066 involvat3
498 1012 557 1054 uon
576 992 695 1073 quidem
718 994 796 1073 quod
820 992 902 1056 Solis
927 993 1104 1054 diametrum
1128 991 1219 1055 menti
1243 991 1432 1074 planetariae
1458 1010 1481 1074 pr

167 1079 252 1160 signo
282 1081 383 1161 ponit:
418 1080 509 1144 saciet
538 1081 616 1143 eninr
647 1081 678 1144 id
707 1082 833 1144 forsitan
863 1082 930 1162 ipsa
956 1081 1048 1145 etiarn
1078 1081 1238 1144 verissima
1266 1082 1433 1157 seutentia3
1461 1100 1481 1145 st

167 1169 245 1250 quod
267 1169 457 1232 incredibilia
479 1171 679 1233 transscribat
702 1179 732 1233 et
754 1172 847 1234 menti
870 1180 902 1233 et
925 1171 1042 1233 animae
1066 1171 1192 1235 metrici.

253 1260 386 1333 Atros,
410 1259 459 1340 qui
483 1279 554 1321 vero
572 1260 730 1341 propinqui
753 1279 865 1335 sumus,
885 1262 949 1341 jam
971 1280 1061 1341 porro
1085 1260 1308 1342 speculationes
1332 1259 1421 1332 istas,
1441 1278 1481 1322 nur

169 1348 239 1410 dum
262 1348 335 1410 licet
357 1348 485 1429 undique
508 1351 669 1429 periectas,
692 1350 816 1411 idoneas
840 1359 942 1413 tamen
965 1350 1096 1413 motibus
1112 1348 1205 1424 Solis,
1227 1350 1257 1412 iu
1282 1368 1424 1413 uumerus
1445 1368 1481 1412 cu

162 1436 256 1518 jicere
285 1437 445 1499 discemus.
491 1438 630 1501 Proderit
661 1440 783 1521 taudem
814 1442 853 1502 ad
883 1440 1067 1503 exactiorem
1098 1440 1162 1502 ueri
1191 1438 1413 1515 inventionem,
1445 1458 1481 1521 qu

165 1533 337 1591 reservatur
359 1527 388 1590 iu
412 1535 504 1611 caput
525 1528 626 1603 LVII,
650 1548 706 1592 nos
729 1529 779 1591 hic
803 1530 896 1593 fuisse
919 1529 1002 1615 prius
1025 1528 1219 1595 exercitatos.

744 1760 935 1773 ...φη-...-

704 1932 845 2039 ¹Caput
877 1939 959 2018 XL.

168 2096 337 2162 Methodua
360 2100 553 2183 imperfecto,
578 2100 782 2182 aequantium
804 2120 845 2163 ern
853 2102 992 2184 physico
1014 2100 1178 2184 hypothesi
1201 2098 1419 2182 computandi,
1442 2118 1481 2182 pa

476 2197 581 2253 tomen
603 2190 714 2272 sufficit
734 2190 874 2252 theoriae
898 2188 985 2253 Solia
1006 2189 1054 2252 oel
1078 2190 1208 2252 Tmao.

205 2387 207 2391 .
257 2330 333 2393 Tam
365 2331 483 2411 prolixa
511 2330 714 2411 disputatione
739 2351 814 2412 opus
844 2331 914 2405 fuit,
950 2339 982 2392 ut
1009 2333 1060 2395 via
1088 2339 1253 2394 strueretur
1281 2330 1320 2390 ad
1356 2328 1481 2416 naturale

168 2420 377 2500 aequatiouum
402 2422 538 2496 fotinum,
562 2423 599 2482 de
623 2441 680 2502 qua
702 2431 789 2501 parte
812 2428 921 2502 quarta
943 2423 1030 2501 plura
1053 2441 1117 2484 sum
1141 2429 1272 2483 acturus.
1320 2419 1411 2481 Nunc
1432 2416 1481 2499 red

168 2509 278 2572 undum
311 2510 569 2593 adaequationes
601 2511 731 2572 ecceutri
755 2512 837 2574 Solis
870 2511 901 2572 iu
924 2511 1036 2591 specie,
1071 2530 1146 2591 quac
1170 2509 1330 2589 potissima
1354 2516 1403 2570 est
1433 2505 1481 2587 huit

167 2598 264 2678 partis
294 2599 404 2661 tertiae
432 2601 573 2673 materia,
607 2607 638 2661 et
660 2600 744 2681 cujus
777 2599 878 2680 gratia
899 2600 1066 2679 praemissa
1099 2608 1168 2661 suut
1199 2598 1355 2679 generalia
1387 2598 1481 2679 illap

169 2687 315 2769 capitati
338 2690 559 2769 praecedentia.
1121 2711 1132 2721 ·
1221 2704 1225 2713 ·

255 2778 374 2841 Primus
397 2798 480 2841 meus
504 2798 587 2842 error
610 2779 683 2853 fuit,
705 2778 787 2839 viam
809 2777 951 2859 planetae
973 2778 1139 2857 perfectum
1164 2795 1231 2839 esse
1256 2775 1411 2849 circulum,
1434 2782 1481 2837 tau

169 2867 325 2931 nocentior
340 2869 485 2948 temporis
509 2869 564 2943 fur,
589 2876 701 2949 quanto
717 2875 784 2929 erat
798 2867 835 2928 ab
853 2865 1032 2929 auctoritate
1048 2867 1176 2929 omnium
1198 2864 1447 2947 philosophorum
1465 2862 1481 2925 l

169 2956 313 3021 structior
340 2965 373 3019 et
398 2957 624 3039 metaphysicae
656 2956 687 3017 in
714 2956 813 3036 specie
838 2955 1069 3019 convenientior.
1116 2956 1166 3019 Sit
1197 2973 1268 3035 ergo
1298 2954 1352 3015 ria
1381 2955 1481 3034 planch

168 3046 321 3128 perfectus
345 3047 545 3109 ecceutricus:
570 3066 640 3107 nam
662 3045 803 3107 insensile
828 3047 927 3108 estin
951 3047 1067 3108 theoria
1090 3043 1181 3121 Solis,
1206 3052 1350 3126 quantum
1373 3044 1401 3105 ei
1425 3030 1481 3105 onai

170 3136 266 3196 forma
288 3134 429 3197 detrahit.
469 3133 554 3205 Quae
578 3154 648 3196 vero
671 3144 792 3214 propter
815 3135 892 3197 hanc
909 3135 1109 3196 deviationem
1133 3145 1203 3196 sunt
1225 3133 1481 3196 necessariaiam

171 3222 200 3284 in
225 3223 356 3303 planetis
379 3225 499 3300 ceteris,
525 3224 604 3285 infra
628 3232 788 3303 sequentur
811 3244 877 3305 cap.
902 3224 976 3285 LIX
991 3232 1022 3286 et
1042 3225 1109 3289 LX.
1149 3224 1224 3289 Cum
1248 3243 1321 3303 ergo
1337 3223 1399 3285 sint
1419 3236 1481 3284 mun

170 3313 310 3394 planetae
338 3312 369 3374 iu
399 3313 575 3392 aequalibus
599 3313 729 3374 ecceutri
752 3314 889 3394 partibus
914 3314 952 3375 ad
980 3315 1107 3376 invicem
1130 3314 1159 3376 in
1183 3333 1220 3374 ea
1247 3306 1481 3393 proportione,0i

171 3421 231 3487 qua
253 3409 323 3464 sunt
345 3402 430 3482 ipsae
453 3404 582 3483 partium
605 3404 723 3465 illarum
748 3404 927 3478 distantiae,
951 3410 985 3464 at
1005 3412 1117 3484 puncta
1140 3402 1259 3480 singula
1282 3403 1312 3463 iu
1336 3411 1403 3463 toto
1425 3384 1481 3462 aad

189 3490 198 3507 ⁶
252 3490 281 3555 lu
305 3493 435 3554 ecceutri
459 3492 637 3555 distantiam
660 3501 791 3566 mutent,
824 3511 882 3554 uon
904 3493 999 3553 levem
1024 3511 1145 3572 operam
1168 3491 1239 3554 mihi
1263 3492 1375 3565 sumsi,
1407 3485 1481 3551 utu

125 3588 129 3593 “
161 3624 166 3631 -
209 3599 327 3657 urerern,
352 3582 498 3661 quomodo
522 3582 704 3661 singularum
728 3581 938 3644 distantiarum
962 3600 1094 3642 summae
1124 3581 1228 3643 haberi
1259 3588 1397 3661 possent.
1438 3574 1481 3639 Νι

172 3669 230 3733 uisi
247 3689 392 3733 summam
408 3671 549 3745 omniurn,
572 3691 646 3752 quae
671 3680 742 3732 sunt
764 3681 865 3733 tamen
882 3670 1023 3746 infinitae,
1050 3669 1249 3744 habuerimus,
1275 3690 1335 3732 nou
1358 3665 1481 3749 poterit!¹

172 3759 281 3834 dicere,
306 3768 420 3841 quanta
434 3760 476 3822 sit
498 3760 639 3840 cujusque
663 3778 762 3822 mora:
787 3781 879 3842 quare
894 3760 1032 3840 aequatio
1055 3759 1251 3840 ignorabitur.
1288 3759 1333 3822 Ut
1355 3759 1431 3821 euim
1448 3754 1481 3817 td

171 3867 287 3912 summa
301 3848 512 3913 distantiarum
525 3859 574 3911 est
588 3850 625 3911 ad
642 3858 759 3930 tempus
778 3858 874 3912 totum
894 3849 1085 3930 periodicum,
1103 3848 1146 3911 sic
1161 3868 1233 3929 pars
1250 3867 1386 3910 summae
1401 3822 1481 3908 diet&

171 3938 280 4001 tiaram
295 3939 461 4018 quotalibet
477 3939 515 4000 ad
530 3958 615 4001 suum
630 3946 759 4019 tempus.
791 3939 886 4020 Igitur
900 3939 985 4000 initio
1001 3947 1170 4001 ecceutrum
1185 3937 1267 4000 secui
1280 3937 1311 3999 iu
1325 3946 1429 4019 partes
1442 3922 1481 3997 Μ

173 4027 259 4107 quasi
283 4027 339 4089 hae
363 4037 466 4090 esseut
489 4027 627 4090 minimae
651 4028 831 4108 particulae,
855 4037 887 4089 et
909 4029 1011 4107 posui,
1036 4027 1217 4109 quodjutra
1239 4045 1330 4089 uuam
1352 4014 1481 4106 hujusmet

169 4124 287 4198 purtem
318 4116 467 4180 distantia
498 4117 572 4179 nihil
603 4124 742 4179 mutetur.
788 4117 960 4181 Distantias
992 4117 1085 4197 igitur
1117 4117 1155 4178 ad
1186 4115 1274 4179 initia
1303 4114 1481 4197 partiumtt

170 4206 314 4286 graduum
337 4207 479 4269 methodo
503 4206 612 4288 capitis
627 4206 748 4269 XXIX.
764 4205 953 4287 iuvestiffitvi
977 4226 1087 4290 easque
1112 4207 1141 4268 in
1164 4226 1253 4270 uuam
1277 4222 1423 4269 summam
1442 4214 1481 4265 en

168 4294 240 4374 jeci.
286 4295 400 4358 Postea
422 4296 549 4377 tempori
573 4295 763 4371 revolutorio‚
789 4296 925 4377 quamvis
948 4296 1101 4358 definitum
1124 4304 1206 4358 esset
1229 4291 1294 4360 365
1318 4296 1423 4359 diebus
1442 4290 1481 4355 ati

170 4383 263 4458 horis,
286 4384 367 4447 aliud
390 4395 422 4447 et
444 4385 603 4449 rotundum
625 4403 731 4447 nomen
753 4385 851 4467 posui,
874 4384 994 4465 dixique
1018 4386 1092 4448 illud
1115 4386 1216 4447 valera
1242 4386 1357 4465 gradum
1380 4380 1442 4448 360
1458 4394 1481 4441 ut

170 4472 318 4554 integrum
332 4473 483 4550 circulum,
506 4475 555 4556 qui
579 4482 628 4536 est
639 4474 719 4555 apud
733 4483 922 4537 astronomos
941 4474 1093 4537 anomalia
1115 4474 1224 4538 media.
1261 4474 1305 4538 Ut
1320 4494 1393 4555 ergo
1406 4468 1481 4536 aran!¹

173 4562 383 4624 distantiarum
406 4565 443 4625 ad
467 4582 612 4626 summam
635 4565 791 4645 temporis,
814 4565 858 4627 sic
881 4563 993 4626 habere
1017 4563 1074 4625 leci
1097 4563 1261 4646 quamlibet
1282 4562 1481 4627 distantiam

173 4671 259 4716 suum
283 4658 410 4733 tempus.
447 4653 584 4734 Denique
607 4661 745 4734 tempora
766 4672 821 4733 per
843 4653 978 4734 singulos
993 4653 1104 4734 gradus
1128 4652 1325 4729 accumulari,
1342 4651 1481 4729 collatiaqt]

75 4753 78 4757 ’
171 4742 218 4804 his
247 4740 447 4822 temporibus,
481 4761 534 4805 seu
561 4743 704 4822 gradibus
736 4742 905 4805 anomaliae
936 4743 1053 4805 mediae
1083 4762 1149 4806 curn
1176 4743 1321 4824 gradibus
1352 4734 1481 4827 mom-lq

172 4830 318 4910 ecceutri,
352 4848 500 4899 seucum
531 4850 654 4903 numero
679 4832 827 4919 partium,
860 4822 901 4895 ad
922 4852 997 4916 quas
1025 4828 1118 4916 usque
1141 4831 1344 4916 quaerebatur
1365 4821 1481 4897 distantil
