3278 5550
540 322 601 378 rm
618 323 711 375 roma.
748 327 831 394 cmm
847 330 958 382 xxxiv.
1362 308 1427 396 ebt

118 501 189 566 Sole
212 503 312 566 virtus
336 523 460 567 movens
483 511 569 566 tanto
585 500 850 584 videtur‘fortior,
875 509 955 591 quod
970 506 1133 571 verisimile
1157 507 1209 581 sit,
1232 527 1341 591 corpus
1364 508 1430 590 ejus

109 612 141 654 se
162 591 260 657 totius
284 593 388 657 muudi
409 593 630 656 densissimum.
848 596 851 603 '

158 682 202 743 Et
220 689 289 745 ute
311 692 451 763 magnete
482 683 578 745 virtus
606 683 769 747 attractiva
793 684 864 746 ferri
892 684 1101 748 orbiculariter
1133 686 1300 768 spargitur,
1324 686 1369 749 ita
1391 692 1426 750 ut

109 778 187 832 ntum
206 771 344 834 obtineat
357 773 469 846 orbem,
493 772 573 833 iutra
587 791 674 853 quem
689 774 883 836 constitutum
898 775 1008 837 ferrum
1024 774 1166 850 allicitur,
1190 775 1300 838 lortius
1315 782 1427 851 tamen,

131 860 243 923 lerrnm
269 860 394 942 propius
422 861 501 922 intra
532 863 718 942 complexum
747 862 830 925 illius
853 864 936 925 orbis
965 864 1082 925 veniat:
1117 863 1155 925 ad
1183 865 1309 927 eundem
1337 865 1428 945 plane

109 948 193 1012 udum
216 948 315 1012 virtus
338 950 479 1029 planetas
511 970 636 1012 movens
665 971 703 1012 ex
726 951 799 1014 Sole
822 959 1008 1033 propagatur
1029 952 1061 1013 in
1085 953 1202 1029 orbern,
1237 961 1268 1014 et
1290 954 1428 1034 partibus

109 1038 287 1101 mutieribus
310 1039 392 1101 illius
416 1039 497 1101 orbis
520 1045 568 1101 est
595 1039 780 1103 imbecillior.
827 1042 871 1104 Ut
898 1061 969 1104 vero
993 1060 1118 1122 magnes
1148 1061 1207 1104 non
1236 1041 1315 1104 omni
1342 1050 1429 1124 parte

109 1126 177 1203 ubit,
196 1128 252 1190 sed
270 1129 423 1190 filamenta
441 1129 489 1201 (ut
508 1128 552 1189 ita
570 1128 683 1202 dicam)
698 1150 751 1192 seu
766 1131 856 1193 fibras
873 1131 1033 1203 (motoriae
1056 1131 1177 1194 virtutis
1192 1132 1309 1204 sedem)
1329 1138 1430 1195 rectas

109 1217 167 1279 ibet
187 1236 244 1298 per
267 1218 389 1297 longum
413 1225 566 1293 extensas,
591 1218 682 1280 itaut
705 1219 777 1281 ferri
801 1219 955 1300 lingulam,
980 1221 1006 1282 si
1029 1220 1128 1282 medio
1143 1220 1209 1283 loco
1233 1220 1313 1282 inter
1327 1220 1429 1301 capita

109 1308 223 1386 agnetis
248 1327 267 1367 a
291 1308 385 1368 latere
409 1306 572 1382 consistat,
600 1328 659 1369 uon
683 1309 832 1384 attrabat,
862 1310 916 1371 sed
939 1310 1146 1372 tantummodo
1169 1309 1339 1391 parallelon
1363 1308 1427 1372 suis

109 1395 156 1457 tris
183 1395 313 1476 diuigat:
347 1396 391 1456 ita
419 1396 561 1458 credibile
585 1405 647 1470 est,
682 1399 710 1458 in
739 1397 811 1461 Sole
840 1418 899 1459 non
927 1418 995 1461 esse
1027 1399 1120 1461 ullam
1152 1399 1212 1461 vim
1239 1398 1428 1480 planetarum

109 1485 293 1559 auctoriam,
317 1493 351 1546 nt
372 1485 404 1546 in
427 1493 565 1564 magnete
580 1486 774 1559 (accederent
792 1488 870 1549 euim
885 1488 923 1548 ad
940 1488 1042 1551 Solem
1065 1487 1224 1568 tantisper,
1248 1488 1343 1549 donec
1362 1506 1428 1549 cum

109 1594 140 1637 so
162 1574 416 1653 conjungerentur
437 1575 584 1654 penitus),
609 1575 661 1636 sed
687 1582 804 1638 tanturn
828 1577 1030 1652 directorium,
1053 1576 1178 1659 ideoque
1201 1577 1294 1639 fibras
1316 1576 1428 1639 habere

109 1663 236 1725 rcnlares
260 1663 291 1725 in
308 1681 374 1723 cam
388 1663 508 1743 plagam
525 1663 803 1745 circumponentes,
827 1686 903 1746 quae
917 1673 1137 1728 monstratura
1156 1664 1267 1728 circulo
1291 1664 1426 1728 zodiaco.

109 1753 146 1815 »lc
160 1753 264 1833 itaque
289 1770 355 1814 sese
375 1759 512 1814 vertente
526 1754 709 1832 perenniter,
733 1755 918 1817 convertitur
942 1755 1026 1817 etin
1050 1755 1152 1817 orbem
1177 1754 1224 1816 vis
1239 1754 1352 1816 motrix
1375 1773 1428 1817 sen

109 1842 209 1905 durus
233 1842 286 1902 ille
311 1841 421 1921 speclei
446 1862 465 1901 a
487 1842 569 1903 fibris
589 1843 670 1904 Solis
693 1844 882 1922 magneticis,
906 1863 960 1925 per
980 1845 1079 1906 omnia
1101 1844 1292 1925 planetarum
1311 1843 1428 1906 diaste-

109 1938 155 1993 ιιι
179 1931 324 2005 diffusae,
358 1938 389 1992 et
416 1931 601 1992 convertitur
629 1933 735 1993 eodem
758 1942 892 2012 tempore
923 1953 989 1995 cum
1013 1933 1099 1997 Sole:
1133 1922 1192 1994 uo'n
1221 1952 1309 1995 secus
1338 1938 1427 2014 atque

108 2020 537 2099 ltranslatiouem'magnetis
562 2020 629 2100 ipsa
652 2042 768 2103 quoque
792 2023 888 2086 virtus
911 2022 1082 2102 magnetica
1109 2022 1294 2085 transfertur
1316 2029 1347 2084 et
1363 2041 1428 2090 ¹una

109 2128 181 2173 rrum
204 2110 304 2189 ipsam
328 2109 387 2169 vim
410 2109 610 2188 magnetioam
634 2111 804 2191 insequens.

158 2199 332 2279 l’erbellum
346 2198 482 2278 equidem
507 2199 594 2277 attigi
620 2202 788 2280 exemplum
812 2201 961 2280 magnetis
977 2207 1008 2261 et
1022 2199 1142 2260 omnino
1165 2200 1209 2260 rei
1233 2198 1426 2273 conveniens,

109 2306 236 2371 sparum
260 2287 348 2348 abest
370 2287 438 2366 quin
463 2307 511 2348 res
536 2287 602 2367 ipsa
619 2289 677 2349 dici
700 2290 808 2375 possit.
847 2291 926 2351 Nam
950 2288 1021 2369 quid
1045 2306 1100 2367 ego
1121 2288 1157 2348 de
1181 2294 1331 2368 magnete,
1354 2296 1426 2350 tan-

109 2394 161 2457 pm
181 2377 220 2440 de
248 2376 405 2456 exemplo?
436 2396 502 2437 curu
530 2376 598 2456 ipsa
621 2379 735 2453 Tellus,
761 2378 944 2440 Gulielmo
974 2376 1145 2440 Gilberto
1168 2377 1271 2456 Anglo
1299 2376 1426 2438 demon-

109 2470 195 2535 hte,
223 2485 350 2545 magnus
374 2465 495 2546 quidam
523 2466 564 2527 sit
596 2486 735 2546 magnes,
769 2468 932 2547 eademque
961 2465 1066 2527 eodem
1095 2475 1232 2540 auctore,
1266 2464 1426 2545 copcmici

109 2555 238 2639 utura,
273 2554 470 2615 convolvatur
494 2554 523 2616 in
547 2555 612 2618 dics
638 2556 789 2635 singulos,
824 2557 867 2617 uti
891 2574 946 2635 ego
971 2555 1074 2618 Solem
1109 2556 1190 2616 volvi
1214 2553 1361 2633 conjicio:
1396 2561 1427 2616 et

109 2638 171 2707 ss
185 2645 297 2725 ipsum,
321 2642 391 2723 quia
414 2643 504 2705 libras
527 2645 628 2706 habeo
643 2645 839 2724 magnetibus,
864 2645 975 2706 lineam
996 2645 1137 2706 motionis
1162 2662 1234 2705 suae
1259 2641 1351 2704 rectis
1368 2662 1425 2704 an-

109 2730 409 2813 flintcrsecantes,
437 2731 506 2794 ideo
530 2732 601 2794 illae
633 2735 724 2796 fibrae
749 2734 843 2796 variis
867 2733 988 2795 ciconiis
1009 2733 1136 2795 motioni
1158 2731 1315 2813 parallelis
1338 2732 1426 2811 polos
1450 2746 1453 2751 '

109 2816 201 2895 *ris
230 2821 468 2883 circumsistant:
503 2830 536 2883 nt
558 2823 622 2901 jam
646 2823 714 2902 jure
743 2825 855 2903 optimo
884 2823 1001 2884 Lunam
1028 2822 1065 2883 ab
1095 2823 1153 2884 bac
1176 2823 1287 2884 Terrae
1311 2839 1425 2882 convo-

109 2904 184 2981 !Ioue
207 2911 401 2993 ejusdemque
425 2910 547 2972 vlrtutis
571 2913 758 2992 magneticae
782 2912 982 2974 translatione
1005 2911 1072 2992 rapi
1096 2910 1268 2986 statuerim,
1301 2909 1425 2990 trIginta

109 3016 173 3062 men
194 3002 312 3060 vicibus
335 2999 509 3062 tardiorem.

138 3090 239 3163 ¹Scio,
271 3089 382 3150 Terrae
414 3088 567 3150 filameuta
595 3089 787 3170 ejusdemque
810 3098 909 3151 motus
940 3095 1134 3170 aequatorem
1157 3088 1295 3170 signare,
1319 3089 1424 3151 Lunae

109 3192 150 3241 mo
171 3179 313 3241 circuitus
336 3178 459 3239 zodiaco
485 3198 551 3239 sese
576 3178 754 3239 familiarius
778 3178 946 3260 applicare:
981 3198 1039 3259 qua
1062 3178 1099 3238 de
1122 3197 1154 3239 re
1177 3179 1209 3239 in
1232 3177 1429 3258 sequentibus
1469 3238 1472 3249 ,

109 3280 147 3347 ip
165 3268 333 3331 XXXVII.
359 3276 390 3327 et
418 3275 503 3347 parte
527 3269 565 3328 V.
591 3268 658 3329 Hoc
681 3288 739 3329 uuo
763 3276 889 3348 excepto
920 3275 1020 3329 cetera
1050 3266 1244 3337 conveniunt:
1279 3269 1374 3329 Terra
1396 3267 1427 3328 in

109 3352 178 3419 'lino
199 3358 357 3437 complexu
385 3365 433 3417 est
455 3356 585 3417 Lunaris
607 3357 734 3436 periodi,
759 3365 791 3419 ut
814 3357 869 3419 Sol
893 3357 922 3417 in
946 3366 1112 3419 ceterorum
1140 3356 1339 3437 planetarum.
1385 3357 1428 3418 Et

109 3447 267 3525 {planetae
287 3467 306 3506 a
320 3445 391 3508 Sole
416 3447 490 3507 fiunt
508 3446 678 3520 eccentrici,
703 3447 745 3507 sic
761 3448 847 3508 Luna
866 3467 884 3506 a
904 3448 1013 3508 Terra:
1038 3453 1072 3508 ut
1089 3453 1201 3507 certum
1218 3446 1267 3520 sit,
1288 3446 1426 3507 aLuuae

109 3543 189 3597 more
202 3537 328 3598 Terram
351 3554 404 3612 oen
421 3535 570 3615 quandam
589 3554 766 3617 cynosuram
791 3536 932 3616 spectari,
957 3535 1000 3596 uti
1016 3534 1069 3597 Sol
1094 3543 1280 3616 spectatura
1297 3535 1425 3597 motori-

109 3612 349 3705 ¹&planetarum
381 3632 548 3686 ceterorum
580 3624 724 3704 propriis;
758 3626 795 3686 de
826 3625 933 3705 quibus
961 3625 1060 3704 capite
1089 3622 1273 3687 XXXVIII.
1319 3626 1425 3705 Itaque

109 3708 233 3789 inediis
257 3720 316 3788 est,
340 3733 406 3775 cum
425 3715 519 3775 Terra
537 3714 653 3775 Lunam
677 3714 757 3774 cient
778 3733 833 3794 per
857 3714 997 3794 speciem,
1022 3713 1120 3795 sitque
1143 3733 1251 3794 corpus
1275 3711 1425 3793 magneti-

113 3814 164 3878 mu,
183 3813 212 3866 et
225 3804 279 3867 Sol
303 3804 443 3883 planetas
467 3802 546 3864 cieat
569 3802 708 3865 similiter
730 3822 784 3883 per
808 3804 950 3865 emissam
966 3802 1116 3883 speciem:
1151 3802 1274 3866 Solem
1297 3803 1423 3884 itaque

115 3886 255 3955 similiter
277 3910 415 3973 corpus
438 3911 520 3953 esse
543 3891 796 3972 magneticum.

673 4125 841 4134 -—...---—-

592 4301 711 4400 Caput
743 4299 905 4375 XXXV.

147 4463 190 4525 ria
208 4471 243 4526 at
265 4461 395 4525 laminis
416 4460 463 4524 oio
485 4469 515 4524 et
535 4459 798 4568 maturescere
819 4463 981 4623 {mdiopat
998 4463 1138 4547 privatio
1160 4464 1197 4525 in
1216 4457 1364 4543 planetis,

632 4571 672 4614 eor
693 4569 818 4630 αηιωρα
837 4574 869 4612 a.

164 4696 230 4757 Jam
261 4701 428 4775 opportune
461 4712 609 4754 resumam
643 4703 675 4756 et
702 4691 887 4773 objectiones
916 4695 1013 4774 capite
1036 4693 1187 4757 XXXIII.
1211 4693 1341 4768 allatas;
1373 4690 1422 4754 ubi

109 4783 249 4867 ignationi
276 4783 352 4846 lucis
382 4790 413 4844 et
440 4782 561 4844 virtutis
578 4783 723 4846 'metricis
752 4784 956 4863 opponebatur
984 4783 1080 4865 primo
1104 4782 1262 4845 offuscatio
1293 4780 1423 4847 siderum

109 4884 185 4952 ttna,
208 4872 317 4936 deinde
340 4872 444 4956 dispar
462 4873 629 4956 specierum
651 4874 804 4954 utriusque
827 4873 987 4940 emanatio.

1153 4974 1215 5029 20*
