3278 5550
266 275 333 345 672
867 275 909 331 ⁰·
928 276 1009 331 ¹⁴¹¹*

268 480 392 524 sensnm
421 459 671 540 deprehendisse,
701 458 778 520 unde
811 444 1001 521 latitudinem
1031 456 1191 521 maximam
1224 458 1354 539 colligit
1383 454 1435 523 5⁰.
1487 458 1599 526 cerem

269 562 366 615 totum
388 551 445 613 boc
466 549 618 629 negotium
643 567 701 610 non
726 567 785 609 nna
807 548 923 610 ratione
945 556 1117 627 suspectum
1139 547 1286 610 reddidit.
1326 548 1417 611 Nam
1439 558 1473 612 nt
1489 550 1599 615 Lmsir

269 642 388 705 Cancro
403 639 525 701 boreum
544 638 669 702 limitem
688 634 845 711 inveniret,
859 637 923 698 heri
937 655 995 699 non
1011 636 1132 717 ssepius
1153 637 1246 699 semel
1264 638 1353 701 intra
1367 658 1463 702 nnnrn
1479 636 1515 704 19
1526 661 1599 704 anuo

268 750 333 792 rum
352 729 453 791 orbem
471 728 589 809 potuit:
614 728 701 791 annis
724 726 843 788 scilicet
859 724 908 789 10.
927 734 958 787 et
975 725 1022 788 ll.
1040 725 1170 789 Adriani
1186 725 1350 790 Caesaris.
1387 727 1434 791 Et
1448 746 1600 811 cousnrpmt

269 819 387 900 quidem
410 817 637 879 observationes
657 815 871 887 Ptolemaicne,
895 823 1036 895 qnantum
1058 833 1160 877 earnm
1184 824 1233 877 est
1255 816 1288 877 in
1312 818 1438 898 Magno
1457 817 1599 901 Operesb

268 928 347 971 anno
370 904 401 970 9.
426 906 499 969 dicti
522 907 676 988 principis,
700 905 754 967 sed
776 910 898 986 praeter
921 903 1037 965 unicam
1060 903 1186 983 eclipsin
1208 906 1282 967 anni
1309 903 1365 969 10.
1396 906 1434 970 11
1461 916 1493 970 et
1511 910 1598 990 aliqud
1629 984 1631 993 Ι

269 1005 430 1077 sequentes
454 996 573 1058 omnino
597 997 683 1059 vacui
706 993 994 1073 praetermittuntur.
1032 992 1147 1055 Ultima
1168 1012 1239 1057 vero
1264 994 1449 1059 observatio
1471 998 1598 1061 inanum

269 1084 301 1149 3.
324 1085 472 1150 Antonini
495 1086 588 1148 cadit.
622 1088 728 1167 Itaque
752 1101 846 1145 annos
868 1102 926 1145 non
950 1082 1018 1162 plus
1044 1081 1082 1146 15
1106 1083 1360 1162 complectuntur.
1401 1087 1451 1149 Ac
1473 1086 1597 1169 relinqu»

268 1195 335 1237 mus
357 1195 431 1236 sane
455 1184 571 1237 taumm
594 1174 642 1236 his
664 1171 926 1237 observationibus
958 1171 1148 1234 culminantis
1170 1173 1277 1235 Lunae
1309 1175 1596 1256 amplitudinen,nt

268 1265 365 1327 nodus
388 1263 519 1326 evehens
543 1286 561 1326 a
587 1262 692 1337 15⁰3<
715 1264 744 1324 in
770 1255 829 1324 15⁰
850 1260 886 1338 Υ
909 1270 1074 1335 moventur,
1095 1261 1170 1324 tient
1190 1262 1312 1325 omnino
1339 1263 1501 1345 ingressus
1520 1266 1595 1328 hue

268 1354 297 1415 in
322 1353 469 1418 Cancrum
497 1350 546 1416 18.
592 1354 677 1416 Inter
700 1353 755 1414 hos
778 1370 866 1413 unum
889 1358 1006 1413 tanturn
1029 1358 1078 1411 est
1099 1350 1309 1430 plenilunium,
1335 1354 1450 1434 reliqui
1474 1352 1529 1417 snb
1547 1354 1595 1419 ss

267 1443 378 1521 partim
410 1442 523 1513 latent.
555 1442 719 1523 partimin
744 1440 943 1523 quadraturas
972 1447 1004 1500 et
1026 1447 1144 1501 ceteras
1175 1441 1290 1519 pheses
1322 1443 1510 1507 concedunt
1548 1442 1594 1507 ln

268 1532 325 1594 bac
347 1539 453 1593 nostra
475 1539 657 1612 tempestate
676 1530 799 1612 Tycho
823 1528 973 1591 infallibili
992 1528 1107 1590 ratione
1130 1529 1341 1609 deprehendit,
1362 1532 1486 1595 Lunam
1504 1533 1593 1617 inqu

267 1621 400 1683 draturis
433 1621 525 1682 tertia
555 1630 642 1701 parte
674 1621 785 1699 gradus
815 1618 944 1699 amplius
968 1617 1005 1679 sd
1029 1617 1151 1680 boream
1174 1628 1205 1681 et
1227 1630 1369 1683 austrum
1404 1623 1593 1686 connsdsrsir

245 1709 427 1773 ’latitudine
458 1710 607 1781 maxima,
640 1728 729 1790 quam
760 1710 787 1770 si
815 1706 1008 1792 plenilunium
1031 1706 1081 1769 sit
1126 1707 1206 1770 Fieri
1238 1727 1310 1789 ergo
1347 1730 1409 1772 non
1442 1712 1595 1792 potuit,nt

268 1817 414 1877 semper
436 1799 708 1878 deprehenderetur
732 1797 866 1879 aequalis
882 1797 985 1860 Lunae
1009 1795 1155 1858 distantia
1178 1799 1338 1872 avertice,
1361 1800 1426 1863 nisi
1450 1800 1539 1865 hodie
1558 1801 1595 1865 elie

267 1888 311 1951 sit
334 1890 431 1949 torma
453 1897 588 1951 motuum
610 1886 789 1962 Lunarium,
821 1887 907 1968 cujus
930 1906 1035 1948 ansam
1057 1884 1237 1966 suspicionis
1260 1887 1356 1950 sliam
1380 1909 1445 1952 non
1468 1890 1594 1955 habena

268 1976 467 2051 Crediderim,
490 1997 549 2039 non
573 1978 652 2057 qnod
674 1978 788 2039 iactum
811 1976 860 2051 sit,
886 1976 940 2038 sed
964 1975 1042 2056 quod
1064 1974 1126 2036 lieri
1150 1975 1301 2059 debuerit,
1324 1997 1348 2040 a
1370 1978 1595 2043 Ptolemaeus

267 2066 464 2139 inculcatum,
491 2067 656 2129 adhibitam
679 2086 750 2129 vero
774 2065 964 2129 latitudinem
986 2084 1068 2139 eam,
1091 2081 1181 2143 qnam
1202 2065 1360 2146 inpriore
1386 2087 1483 2149 opere
1505 2068 1595 2133 alme

268 2164 512 2218 transsnmserat.
560 2154 696 2218 Obsecro
720 2156 815 2228 enim,
839 2155 957 2236 qnando
980 2153 1054 2215 illud
1077 2152 1151 2227 tuit,
1182 2173 1248 2216 cum
1272 2155 1519 2235 speciosioribns
1538 2158 1596 2223 hire

268 2244 411 2306 insistens
435 2245 573 2325 vestigiis
596 2246 713 2326 priores
736 2264 825 2307 curas
847 2243 999 2307 correxit?
1023 2241 1137 2323 Opinor
1153 2250 1226 2325 post
1248 2242 1339 2307 initia
1363 2266 1494 2311 suarum
1516 2248 1595 2311 obser·

267 2333 433 2402 vstionum,
466 2344 538 2414 post
563 2333 646 2397 illam
678 2334 770 2414 igitur
790 2336 895 2396 Lunae
927 2330 1117 2394 culminantis
1150 2332 1348 2399 occasionem.
1395 2336 1447 2399 At
1468 2335 1595 2417 principis

266 2423 297 2484 h.
322 2440 348 2485 e.
373 2441 440 2485 cnm
464 2424 625 2486 observare
658 2422 821 2505 inciperet,
845 2423 927 2485 circa
949 2440 1057 2484 anunm
1082 2420 1112 2486 9.
1135 2420 1273 2497 Adriani,
1297 2422 1521 2505 Hipparchicis
1540 2425 1595 2489 inis

267 2520 428 2575 conmotus
459 2514 660 2576 astronomiae
688 2512 830 2575 incubuit
875 2511 1045 2576 Admodum
1068 2509 1159 2590 igitur
1190 2508 1320 2591 diligens
1353 2513 1471 2591 inerit,
1504 2516 1530 2578 si
1548 2514 1594 2577 itu·
1627 2580 1630 2585 ,

267 2620 383 2683 quoqne
407 2600 634 2665 observationes
665 2601 896 2682 conscripserit,
925 2600 1030 2682 quibus
1053 2608 1123 2662 tunc
1145 2617 1204 2661 non
1228 2609 1376 2665 uteretur.
1426 2604 1499 2669 Uno
1520 2603 1594 2676 verbs
1627 2622 1631 2655 :

267 2688 293 2751 si
316 2709 386 2753 vere
410 2691 593 2767 observavit,
618 2710 670 2754 cur
692 2710 750 2753 uon
773 2709 862 2753 unum
886 2709 902 2751 e
926 2689 1097 2751 lectissimis
1120 2689 1384 2754 observationibus
1407 2692 1566 2773 apposnit?

354 2781 466 2861 Atque-
479 2780 555 2843 haec
577 2782 615 2842 de
637 2780 777 2843 methodo
801 2777 978 2841 latitudinis.
1024 2778 1120 2842 Sexto
1143 2776 1250 2840 iisdem
1278 2778 1400 2843 insidiis
1425 2783 1594 2847 Ptolemssu

267 2876 299 2931 et
315 2868 493 2934 diametrum
515 2870 638 2933 umbrae
662 2869 872 2932 circumvenit:
898 2868 996 2930 electa
1013 2867 1117 2949 eclipsi
1132 2868 1247 2941 Lunae,
1270 2868 1380 2951 inqua
1392 2872 1596 2935 semidismstn

267 2960 439 3024 defecisset.
502 2961 585 3022 Tune
617 2958 694 3021 enim
726 2957 756 3021 in
785 2957 879 3038 priori
910 2958 1063 3019 schemate
1095 2965 1230 3020 centrum
1263 2958 1370 3021 Lunae
1404 2959 1439 3023 in
1471 2960 1500 3023 B
1528 2960 1596 3024 sedit

1009 3047 1146 3109 Ducatur
1167 3064 1204 3107 ex
1226 3047 1253 3109 Β
1275 3047 1447 3128 parallelos
1473 3049 1530 3130 ipsi
1548 3046 1596 3121 lli,

479 3117 533 3186 rig.
556 3115 597 3168 ¹⁶·
1012 3135 1080 3216 quia
1109 3153 1213 3214 parum
1250 3137 1363 3212 refert,
1398 3147 1467 3202 tam
1495 3156 1596 3220 pertun

1012 3224 1191 3304 triangulum
1215 3224 1247 3287 in
1268 3226 1360 3305 plsno
1389 3227 1485 3308 fingi,
1512 3245 1597 3291 sees!

1012 3314 1180 3395 eclipticam
1209 3314 1239 3377 in
1270 3314 1309 3377 Η.
1355 3315 1431 3379 Erit
1463 3318 1494 3380 Η
1522 3317 1597 3380 nndm

1011 3403 1040 3464 in
1057 3402 1115 3466 hac
1128 3401 1233 3465 Lunae
1255 3402 1430 3467 lstitndine.
1469 3405 1519 3470 Ex
1537 3416 1597 3469 tet-
1629 3484 1631 3495 Ι

1011 3510 1082 3570 pore
1113 3491 1204 3567 initur
1233 3501 1266 3555 et
1292 3500 1365 3554 ante
1397 3494 1597 3559 demonstrnt'v

1010 3581 1104 3659 scitur
1126 3580 1230 3643 Lunae
1256 3582 1383 3645 remotio
1412 3584 1454 3646 ab
1477 3584 1508 3646 Η
1527 3584 1597 3655 node

846 3702 967 3767 -Ἳ
1010 3676 1073 3733 tum
1095 3679 1126 3732 et
1149 3671 1277 3750 angnlnt
1297 3670 1395 3747 ΒΗΑ,
1421 3692 1480 3754 per
1500 3672 1597 3736 doctri·
1629 3670 1631 3687 '

1009 3778 1079 3821 uam
1101 3758 1191 3839 igitur
1220 3758 1451 3841 sphaericorum
1479 3763 1598 3843 bisogn-

1009 3844 1103 3911 lnrum
1118 3847 1244 3912 scibitnr
1258 3856 1291 3912 et
1302 3849 1361 3913 BA
1373 3850 1509 3916 Lunaris
1522 3850 1599 3917 cenni
1629 3918 1631 3929 ,

1009 3937 1154 4000 distantia
1190 3939 1228 4001 ab
1265 3938 1408 4023 ecliptica
1451 3942 1485 4005 in
1518 3942 1600 4005 medis
1629 3934 1631 4021 !

1009 4026 1131 4109 eclipsi,
1163 4047 1255 4108 quare
1278 4037 1309 4090 et
1331 4027 1460 4093 umbrae
1487 4031 1599 4096 latitudo

1009 4136 1063 4179 sen
1093 4117 1323 4181 semidiameter.
1382 4117 1514 4201 Optima
1541 4138 1599 4185 sant

266 4201 356 4275 ratio,
380 4199 407 4264 si
431 4206 463 4262 et
483 4199 586 4280 priora
608 4208 701 4276 certa.
727 4203 834 4283 quibus
856 4204 905 4268 hic
927 4204 1021 4268 utitur
1043 4205 1250 4281 Ptolemsens,
1275 4215 1306 4268 et
1328 4207 1459 4289 eclipsis
1488 4210 1598 4275 talisir

266 4297 401 4371 promtu,
425 4297 457 4351 et
478 4289 654 4353 aestimator
686 4291 821 4356 detectus
851 4286 1038 4370 certns'est,
1068 4295 1150 4358 nulla
1179 4295 1295 4358 ratione
1323 4296 1390 4360 falli
1425 4318 1519 4380 posse
1540 4318 1599 4365 suos

267 4378 385 4454 oculos,
420 4378 489 4440 dnm
522 4379 638 4441 Lunam
668 4379 699 4444 in
732 4383 816 4446 coelo
850 4384 1023 4447 haerentem
1056 4384 1121 4447 sine
1158 4385 1268 4447 circino
1301 4384 1431 4449 dimidia
1459 4409 1500 4454 ex
1527 4400 1598 4474 parte

267 4466 392 4530 definere
416 4476 550 4530 censent.

354 4554 489 4638 Septimo
513 4557 675 4619 diametros
698 4557 834 4621 visibiles
849 4556 930 4622 Solis
949 4570 980 4624 et
994 4561 1098 4624 Lunae
1113 4560 1305 4626 Ptolemaeus
1325 4562 1388 4626 ullo
1413 4564 1598 4632 instrumento

266 4643 364 4709 metiri
388 4645 578 4726 desperavit,
612 4645 670 4708 nisi
694 4649 772 4728 qnod
795 4647 851 4710 hoc
875 4667 913 4710 ex
936 4649 1147 4713 observatione
1179 4649 1289 4727 sumit,
1324 4653 1436 4717 Lunae
1466 4658 1598 4721 visibilem

266 4734 451 4811 diametrum,
476 4754 543 4797 cnm
565 4736 595 4798 in
620 4754 754 4816 apogaeo
778 4745 827 4800 est
853 4737 979 4821 epicycli
1013 4739 1078 4803 Soli
1107 4741 1264 4823 opposita,
1293 4742 1435 4821 proxime
1460 4749 1597 4828 aequales

264 4844 333 4891 esse
356 4825 502 4888 diametro
516 4823 609 4890 Solis.
647 4822 771 4898 Qnsnts
788 4845 859 4891 vero
874 4837 959 4911 esset
978 4836 1116 4921 utraque,
1138 4830 1247 4897 maluit
1266 4848 1323 4915 per
1345 4832 1597 4907 umbram-rous
