3278 5550
638 301 679 354 De
696 301 804 354 Motibus
822 299 915 353 Stellae
932 299 1021 354 aaa·

720 539 839 640 Caput
864 541 933 616 IX.

384 703 441 763 De
462 701 641 764 reductione
663 699 726 763 loci
748 699 884 784 ecliptica
906 700 950 763 nd
972 696 1124 762 areolum
1147 699 1275 762 Martio.

213 906 217 915 ,
239 842 307 916 18εό
331 851 450 920 tempus
465 850 523 919 est,
539 851 572 905 ut
586 843 622 903 de
637 844 694 904 hac
713 842 883 905 reductione
899 841 938 903 ad
952 841 1121 921 eclipticam
1140 841 1189 902 vel
1205 840 1336 902 orbitam
1349 838 1461 918 planetu

154 951 228 1014 quae
253 931 438 993 fundamenti
462 932 527 993 loco
552 941 608 1006 est,
634 940 774 995 accurate
798 931 994 1012 disputemus.

240 1021 373 1084 Primum
406 1020 463 1082 hoc
492 1021 578 1082 nobis
607 1023 700 1084 refert
722 1021 797 1083 haec
821 1021 924 1084 tabula
947 1039 984 1082 ex
1008 1015 1286 1083 observationibus:
1311 1015 1461 1079 latitudincr

153 1112 274 1173 boream
296 1127 476 1188 consurgere
491 1110 529 1170 ab
553 1105 612 1173 18⁰
634 1111 670 1185 ὅ,
695 1111 725 1172 in
741 1130 798 1191 quo
814 1111 871 1171 luit
892 1109 932 1184 5⁴,
956 1109 1023 1170 inde
1040 1109 1202 1171 maximam
1218 1106 1317 1168 risam
1336 1107 1364 1168 in
1379 1098 1461 1181 21⁰u

151 1207 223 1279 post
246 1200 416 1261 decrevisse
440 1207 473 1260 et
495 1200 524 1260 iu
550 1195 588 1262 3ο
610 1210 646 1277 1η
669 1199 761 1262 luisse
780 1200 877 1260 adhuc
901 1199 1021 1279 quidem
1045 1193 1100 1281 1²1,
1113 1195 1134 1273 ⁰,
1160 1198 1213 1259 sed
1229 1195 1336 1258 statim
1352 1195 1380 1256 in
1394 1190 1461 1267 2⁷⁸,

154 1308 221 1350 esse
252 1289 449 1349 meridianam
472 1296 505 1349 et
527 1289 615 1350 valde
638 1307 777 1368 magnam
801 1285 853 1362 l⁰;
877 1289 1022 1367 majorem
1046 1288 1136 1348 etiam
1160 1287 1190 1347 in
1218 1277 1277 1347 13⁰
1299 1291 1338 1359 ᾖε.
1378 1283 1461 1366 aaa

152 1377 302 1457 colligitur
338 1376 478 1438 crassiori
511 1377 663 1451 Minerva,
702 1379 811 1439 nodum
840 1378 1051 1440 ascendentem
1076 1397 1144 1438 esse
1167 1376 1258 1454 paulo
1282 1385 1353 1437 ante
1379 1369 1461 1450 iss'll

152 1467 384 1528 descendentem
408 1468 501 1527 multo
524 1475 595 1545 post
619 1464 658 1528 3⁰
679 1477 724 1543 tlt.
770 1467 850 1545 Ergo
874 1468 954 1528 circa
980 1462 1037 1530 17⁰
1059 1466 1087 1541 ὅ
1111 1475 1143 1528 et
1168 1460 1228 1528 17ο
1249 1476 1286 1542 1η
1309 1471 1396 1526 erunt
1414 1462 1461 1529 nol

152 1557 233 1617 circa
260 1550 317 1616 17⁰
340 1560 415 1630 tlet
437 1573 483 1617 a:
508 1554 628 1617 limites.
682 1556 789 1635 Itaque
823 1576 887 1616 cum
919 1556 1040 1636 planum
1069 1553 1228 1617 eccentrici
1251 1554 1365 1616 Martis
1386 1551 1461 1614 sith

153 1646 295 1706 clinatum
327 1644 366 1704 ad
398 1645 517 1723 planum
552 1645 723 1724 eclipticae‚
755 1645 872 1705 accidet
901 1646 981 1707 idem
1016 1645 1077 1706 iere
1108 1643 1185 1724 quod
1215 1643 1247 1704 in
1270 1632 1461 1704 ascensioni&

151 1734 244 1794 rectis
269 1734 397 1812 partium
422 1734 590 1812 eclipticas,
615 1742 649 1794 ut
673 1733 800 1795 arcubus
823 1733 897 1795 visis
920 1733 1022 1795 circuli
1048 1734 1132 1795 unius
1155 1752 1213 1795 non
1235 1730 1327 1794 iidem
1342 1729 1461 1793 arcad

151 1824 187 1883 de
212 1823 322 1884 circulo
346 1824 442 1884 altero
466 1824 682 1901 respondeant,
716 1823 772 1883 nisi
797 1823 845 1903 qni
870 1844 889 1883 a
912 1823 998 1885 nodis
1022 1822 1134 1901 incepti
1157 1821 1186 1882 in
1210 1821 1323 1883 limites
1346 1819 1461 1895 desid!

150 1912 226 1972 Dico
251 1920 351 1972 autem
375 1930 462 1972 arcus
485 1914 577 1986 visos,
605 1912 674 1991 quia
697 1912 745 1973 hic
775 1921 894 1991 oportet
923 1912 1021 1973 animo
1055 1929 1214 1990 segregare
1241 1900 1461 1973 eccentricitatff

150 2003 301 2079 planetae,
327 2010 358 2061 et
380 2001 502 2080 perinde
527 2020 625 2080 agere,
652 2020 686 2061 ac
711 2002 736 2061 si
760 2001 817 2062 iter
840 2002 950 2062 Martis
974 2021 1066 2081 aeque
1091 2001 1119 2060 in
1135 2000 1205 2061 orbe
1224 1999 1351 2061 fixarum
1366 2006 1440 2061 esser

150 2090 299 2169 ecliptica,
330 2089 469 2168 illamque
493 2110 563 2150 rere
587 2098 714 2151 secaret.
761 2090 803 2152 Et
826 2091 945 2170 quidem
969 2109 1034 2152 curn
1059 2074 1326 2170 quaeritur‚⁰quis
1351 2087 1394 2149 ait

148 2179 289 2258 planetae
313 2179 479 2256 eclipticus,
505 2178 667 2240 astronomi
687 2177 813 2239 siceum
837 2179 989 2252 definiunt,
1014 2198 1081 2240 esse
1105 2195 1211 2257 nempe
1234 2184 1378 2257 punctum
1401 2194 1432 2240 ac

149 2269 245 2342 ricae,
277 2267 305 2328 in
331 2287 387 2348 quo
411 2267 538 2329 circulus
564 2267 732 2328 latitudinis
757 2269 810 2339 (ad
835 2269 1001 2347 eclipticam
1027 2269 1141 2339 rectus)
1164 2285 1218 2345 per
1242 2267 1338 2327 locum
1363 2284 1399 2327 co

147 2358 287 2436 planetae
312 2356 367 2417 sub
390 2357 457 2418 fixis
480 2357 631 2418 transiens
657 2357 825 2437 eclipticam
850 2366 941 2441 secet.
984 2363 1071 2436 (Loco
1091 2365 1218 2436 ecliptico
1245 2366 1397 2436 opponitur

147 2448 263 2512 orbitae,
285 2463 334 2501 scu
354 2447 430 2500 locus
452 2447 559 2502 ratione
580 2448 688 2502 orbitae
709 2446 919 2514 consideratus.)

222 2526 328 2588 ‘Patet
350 2526 440 2605 igitur
462 2546 516 2607 per
539 2527 744 2588 demonstrata
759 2528 920 2589 Theodosii
937 2528 973 2587 de
993 2526 1130 2606 Sphaera
1143 2521 1194 2602 ⁸⁸),
1219 2523 1276 2586 nisi
1299 2526 1348 2587 hic
1369 2520 1461 2587 circ&

147 2635 201 2696 per
226 2616 378 2695 utriusque
402 2616 504 2678 circuli
529 2616 700 2695 (eclipticae
725 2625 757 2678 et
779 2615 894 2677 itineris
908 2616 1083 2696 planetarii)
1102 2616 1188 2695 polos
1203 2623 1354 2690 transeat,
1379 2626 1461 2695 sempr

146 2704 328 2767 sectionibus
352 2705 414 2766 auis
438 2705 613 2785 inaequales
637 2725 724 2767 arcus
749 2726 768 2766 a
790 2705 936 2767 communi
960 2705 1138 2766 circulorum
1165 2704 1299 2766 sectione
1320 2708 1461 2777 numer*

146 2793 388 2874 intercepturum.
434 2795 559 2855 Etcum
582 2795 622 2856 sit
646 2795 671 2855 is
695 2795 822 2856 circulus
844 2793 1014 2856 latitudinis
1033 2794 1072 2854 ad
1094 2793 1264 2874 eclipticam
1285 2802 1400 2868 rectus,
1421 2802 1461 2875 q

146 2885 173 2944 si
206 2902 263 2943 non
296 2902 350 2961 per
381 2883 466 2962 polos
495 2883 612 2944 orbitae
639 2883 827 2962 planetariae
860 2883 984 2957 transit,
1019 2883 1076 2944 erit
1109 2883 1148 2943 ad
1180 2883 1311 2945 orbitam
1345 2882 1461 2963 obliqu]

146 2970 271 3050 Semper
296 2971 387 3050 igitur
410 2971 505 3050 major
529 2992 616 3033 arcus
641 2982 689 3032 est
712 2974 790 3033 inter
814 2974 908 3033 locum
932 2972 1073 3051 planetae
1097 2972 1126 3033 in
1151 2991 1206 3034 sua
1229 2971 1330 3033 orbita
1344 2964 1461 3033 etuoffi

145 3060 327 3138 propiorem,
353 3078 441 3138 quam
464 3061 541 3120 inter
565 3061 661 3123 locum
685 3062 751 3138 ejus
775 3061 943 3140 eclipticum
968 3072 1000 3123 et
1023 3061 1147 3122 eundem
1163 3061 1280 3124 nodum.
1312 3056 1461 3140 Gumigh

145 3149 284 3226 planetas
318 3146 529 3223 observamus,
563 3169 620 3210 non
651 3150 732 3229 prius
763 3151 849 3211 nobis
873 3151 1087 3229 persuademus
1110 3157 1194 3212 certa
1217 3169 1319 3211 eorum
1348 3146 1461 3211 locadr

146 3236 271 3310 finiisse,
303 3236 360 3297 nisi
394 3238 432 3297 ad
466 3237 634 3316 eclipticam
667 3258 719 3298 eos
744 3239 949 3313 retulerimus3
983 3239 1166 3313 indicantes,
1195 3240 1224 3301 in
1249 3258 1307 3319 quo
1333 3237 1461 3319 eclipsin

144 3333 254 3403 puncto
287 3325 456 3386 inveniatur
488 3327 615 3388 circulus
645 3328 814 3389 latitudinis
845 3348 900 3407 per
930 3347 1036 3409 corpus
1060 3328 1198 3407 planetae
1222 3329 1387 3392 transiens.
1428 3323 1461 3387 h

144 3414 236 3493 igitur
260 3415 342 3475 locus
366 3415 522 3494 eclipticus
546 3416 583 3476 ob
608 3425 742 3478 nostram
767 3418 937 3478 memoriam
961 3428 993 3479 et
1016 3426 1146 3495 captum.
1194 3415 1310 3480 Contra
1333 3436 1401 3479 cum
1420 3414 1461 3496 pl!

144 3511 244 3563 netarn
270 3503 298 3563 in
323 3523 379 3563 sua
400 3505 561 3584 hypothesi
585 3514 801 3584 computamus,
826 3525 982 3567 versamur
1005 3525 1063 3567 nou
1088 3508 1116 3568 in
1141 3507 1292 3585 ecliptica,
1317 3508 1373 3569 sed
1388 3504 1461 3585 inipt

143 3593 285 3670 planetae
310 3591 429 3662 itinere,
463 3594 540 3672 quod
569 3602 617 3655 est
640 3595 679 3655 ad
703 3595 873 3674 eclipticam
896 3595 1082 3657 inclinatum.
1130 3595 1173 3658 Ut
1195 3596 1288 3675 igitur
1311 3586 1461 3659 observari

144 3681 227 3741 locus
256 3699 321 3740 curn
352 3690 525 3760 computato
548 3683 647 3762 possit
670 3685 854 3763 comparari,
879 3693 998 3762 oportet
1022 3693 1075 3746 aut
1096 3686 1276 3765 prolongare
1301 3696 1461 3762 arcumqt

143 3775 192 3829 est
215 3769 293 3830 inter
316 3769 484 3848 eclipticum
509 3772 605 3833 locum
629 3782 659 3834 et
681 3773 851 3852 propiorem
875 3774 1000 3848 nodum,
1032 3782 1085 3833 aut
1109 3775 1266 3835 decurtare
1292 3793 1409 3847 arcum,
1436 3785 1461 3851 qt

143 3866 191 3918 est
214 3856 293 3920 inter
315 3876 422 3938 corpus
445 3861 586 3940 planetae
611 3870 641 3922 et
671 3862 796 3923 eundem
827 3862 948 3936 nodum,
981 3869 1015 3923 ut
1043 3881 1080 3923 ex
1104 3863 1155 3924 illo
1178 3863 1231 3924 liat
1255 3864 1339 3925 locus
1365 3858 1461 3926 orbita

143 3965 181 4008 ex
203 3946 259 4009 hoo
283 3947 366 4009 locus
389 3948 557 4030 eclipticus.
604 3950 639 4012 Id
659 3959 760 4012 autem
773 3950 808 4012 fit
821 3950 869 4011 vel
884 3951 1020 4013 addendo
1036 3953 1083 4012 vel
1098 3952 1265 4021 minuendo,
1289 3959 1382 4032 prout
1396 3934 1461 4012 no&

142 4036 239 4098 locum
262 4037 402 4117 planetae
426 4039 476 4100 rel
499 4039 698 4102 antecesserit
722 4040 770 4101 vel
794 4048 915 4102 secutus
940 4040 1051 4118 fuerit·

229 4126 315 4187 Hanc
335 4146 440 4187 curam
463 4127 711 4190 Ptolemaeus
734 4128 815 4191 circa
837 4129 976 4207 planetas
992 4148 1049 4190 non
1064 4129 1258 4192 'ceusuiteose
1271 4120 1461 4203 necessaria!

142 4211 374 4294 Copernicus
402 4215 432 4276 in
455 4216 620 4279 Lunanon
646 4217 796 4298 neglexit:
825 4217 944 4301 Tycho
967 4218 1088 4280 Brahe
1119 4218 1300 4281 subtilitatis
1326 4212 1461 4281 causa!

140 4304 269 4385 ligenter
292 4310 342 4365 est
365 4306 530 4385 amplexus.

165 4438 171 4451 ,
230 4391 419 4456 Ceterum
444 4393 473 4454 in
497 4393 554 4455 hac
573 4395 639 4475 jam
663 4393 798 4455 adhibita
821 4393 993 4456 reductione
1017 4394 1073 4456 duo
1094 4395 1190 4456 habeo
1215 4415 1291 4476 quae
1311 4396 1461 4459 desidem

141 4501 264 4562 quorum
287 4476 571 4561 utrumquecodem
594 4483 718 4546 elencho
742 4492 773 4544 ct
796 4484 948 4546 schemate
978 4502 1116 4564 coarguo.
1150 4480 1153 4488 '
1244 4544 1246 4547 ,
1366 4501 1372 4510 “

231 4570 281 4633 Sit
303 4572 333 4632 A
363 4575 429 4644 (rig.
450 4576 496 4642 82)
520 4571 602 4633 locus
625 4571 696 4633 nodi
719 4572 879 4647 subdaris,
903 4572 961 4634 AB
985 4592 1072 4634 arcus
1103 4573 1279 4652 eclipticae:
1313 4574 1401 4657 eique
1422 4580 1461 4637 alr

142 4669 246 4722 tuatur
270 4659 406 4739 aequalis
430 4680 518 4722 arcus
541 4660 598 4724 Ac
623 4670 654 4722 et
677 4660 732 4724 sub
757 4659 781 4722 C
806 4661 943 4723 videatur
965 4661 1098 4740 planeta.
1136 4663 1272 4725 Ducatur
1295 4664 1390 4728 etiarn
1412 4671 1461 4729 οι(

141 4770 227 4812 arcus
251 4747 508 4828 perpendicularis
532 4749 561 4812 in
585 4750 764 4830 eclipticam,
789 4750 837 4830 qui
861 4750 901 4811 sit
925 4749 988 4813 OE.
1401 4766 1404 4772 “

230 4837 362 4900 Primum
386 4835 476 4915 igitur
499 4844 617 4900 veteres
640 4847 793 4919 putarunt,
817 4833 927 4901 cumE
951 4837 993 4899 sit
1014 4834 1098 4901 locus
1122 4837 1278 4920 eclipticus
1302 4847 1334 4904 et
1360 4836 1386 4907 C
1408 4834 1461 4906 lucr
