3278 5550
144 272 211 346 395
618 271 1005 329 mammeam-rrae·

142 464 236 541 petuo
263 456 339 519 fixas
367 452 495 533 dirigat:
523 452 582 515 nisi
610 461 757 534 qnatenus
781 472 922 517 successu
945 455 1113 518 seculomm
1136 472 1205 517 eum
1225 471 1334 535 parum
1354 451 1469 518 inclinat

142 548 265 612 Orietur
287 546 388 626 itaque
411 560 512 624 pugna
530 543 685 605 facultatis
702 543 841 611 animalis
856 563 923 607 cum
946 545 1090 608 facultate
1113 544 1296 624 magnetica,
1310 552 1344 607 st
1365 545 1471 607 victoris

142 635 294 699 animalis:
328 653 387 719 nqn
416 632 505 694 aliter
536 639 625 714 atque
653 649 718 711 cap.
750 632 902 696 XXXIV.
932 633 1119 709 dixeramus,
1152 652 1283 715 corpora
1302 634 1470 716 planetarm

142 725 318 788 naturaliter
339 722 471 806 quietem
493 729 652 801 appetere,
685 721 738 782 sed
770 722 884 784 moveri
915 743 935 784 a
956 722 986 784 vi
1018 731 1163 786 extranea
1186 723 1279 787 Solis.
1326 722 1387 785 Vel
1413 740 1469 803 cape

141 812 394 877 accommodatius
417 811 594 892 exemplum.
631 809 755 872 Brachii
776 811 898 873 humani
921 812 1059 875 naturale
1082 813 1200 892 pondus
1228 813 1371 875 deorsum
1391 811 1470 891 vergit

141 903 180 965 ad
194 904 306 966 Terrae
329 908 478 976 cenmum;
503 899 644 961 animalis
667 918 739 960 vero
763 898 894 962 facultas
917 900 974 963 hoc
996 908 1134 982 praestat
1155 901 1340 978 vexillifero,
1363 899 1471 964 utillud

141 1012 233 1074 supra
256 998 347 1072 caput
368 989 514 1051 extendat
536 997 567 1050 et
594 989 625 1051 in
647 1006 753 1070 gyrum
776 997 865 1071 agat:
890 988 941 1051 nbi
963 989 1058 1052 vincit
1084 990 1225 1054 animalis
1249 991 1381 1053 facultas
1401 995 1471 1052 natu-

140 1082 205 1145 rale
218 1080 345 1162 pondus,
361 1079 560 1160 ‚vinceretque
581 1086 738 1158 perpetuo,
761 1078 821 1140 nisi
843 1096 951 1159 corpus
974 1079 1137 1142 vexilliferi
1152 1099 1219 1143 cum
1234 1080 1372 1143 omnibus
1393 1077 1472 1141 facul·

141 1170 255 1233 tatibus
277 1169 405 1231 mortale
428 1167 580 1229 conditum
603 1174 695 1228 esset.
1470 1240 1475 1251 .

176 1326 179 1331 ,
229 1259 288 1322 His
310 1258 411 1339 itaque
433 1255 542 1336 positis
564 1256 706 1337 planetae
729 1274 814 1318 mens
838 1275 876 1318 ex
898 1256 983 1319 lucta
1003 1256 1158 1320 facultatis
1181 1256 1334 1333 animalis,
1358 1255 1396 1319 ad
1413 1254 1475 1317 reti·

142 1340 272 1411 nendum
295 1365 381 1408 axem
404 1345 604 1425 magneticum
627 1352 829 1427 comparatae,
853 1365 920 1408 cum
942 1345 1113 1426 magnetica
1134 1347 1243 1410 virtute
1268 1344 1477 1409 ammoniam

143 1438 257 1511 Solem,
279 1435 449 1515 intelligere
463 1442 495 1495 et
511 1433 667 1515 percipere
681 1434 794 1515 poterit
811 1434 1016 1498 fortitudinem
1030 1436 1216 1515 angulomm.
1255 1435 1299 1498 Et
1320 1435 1370 1499 hic
1390 1432 1479 1498 moda

143 1524 312 1591 confirmari
334 1523 452 1587 videtur
476 1522 568 1585 etiam
589 1541 643 1604 per
667 1524 835 1604 exemplum
854 1524 969 1600 Lunae,
993 1544 1082 1606 qnam
1105 1534 1219 1588 certum
1242 1534 1292 1588 est
1320 1525 1354 1587 in
1381 1524 1479 1586 diam

143 1614 215 1680 trali
238 1614 318 1678 linea
340 1613 424 1677 Solis
454 1620 485 1674 et
507 1614 619 1675 Terrae
648 1613 755 1675 fortius
786 1612 921 1689 incitari,
955 1613 992 1676 ob
1015 1614 1093 1676 hanc
1121 1615 1220 1696 ipsam
1247 1614 1377 1678 forsitan
1399 1630 1479 1693 ango·

145 1706 241 1768 lorum
264 1702 477 1766 fortitudinem.

232 1793 366 1857 Tandem
390 1791 481 1871 igitur
504 1810 619 1852 summa
646 1790 721 1851 haec
750 1790 827 1851 erit:
857 1791 982 1872 planeta
1013 1791 1197 1855 constitutus
1219 1791 1249 1854 in
1274 1790 1394 1872 aphelio
1423 1787 1479 1855 nihl

146 1884 185 1945 ad
208 1880 311 1945 Solem
333 1882 453 1953 nititur,
486 1880 541 1941 sed
562 1879 736 1962 provehitur
762 1898 817 1959 pro
845 1880 962 1943 ratione
995 1880 1158 1943 distantiae
1180 1881 1239 1945 AO
1263 1887 1332 1955 (lag.
1353 1877 1479 1956 111);11ῗ

143 1973 222 2034 banc
251 1970 466 2049 promotionem
499 1968 633 2049 sequitur
663 1968 791 2047 angulus
818 1968 926 2044 KDA3
960 1970 998 2031 ad
1022 1970 1123 2050 anguli
1153 1966 1243 2049 hujus
1274 1969 1479 2050 proportionsa

145 2060 327 2122 fortitudinis
351 2059 417 2138 ipse
432 2058 557 2138 planeta
572 2057 654 2120 Solis
677 2058 853 2120 diametrum
875 2066 967 2139 auget
989 2059 1159 2121 accedendo
1174 2060 1212 2121 ad
1227 2059 1353 2134 Solem,
1375 2072 1479 2121 m

144 2149 253 2212 minuit
275 2147 462 2223 distantiam,
485 2155 520 2209 nt
536 2146 576 2208 sit
589 2147 667 2221 AD;
692 2147 806 2209 minuta
828 2146 975 2209 distantia
998 2149 1125 2211 celerius
1151 2147 1344 2229 provehitur,
1372 2145 1479 2210 celeria

145 2238 237 2319 igitur
258 2245 391 2299 mutatur
412 2236 503 2298 ΚΒΑ
526 2237 662 2316 angulus,
688 2236 817 2298 celerius
839 2236 932 2317 igitur
951 2237 1076 2316 planeta
1098 2237 1225 2313 (ceteris
1242 2238 1386 2319 paribus)
1407 2242 1479 2315 suge

144 2328 226 2391 Solis
248 2327 435 2389 diametrum.
472 2326 522 2387 Ita
544 2325 672 2388 efficitur
694 2325 834 2406 perennis
857 2325 1022 2402 circulatio,
1046 2347 1105 2390 non
1127 2345 1183 2408 per
1202 2327 1378 2401 intervalla,
1400 2323 1479 2408 quob

144 2436 199 2479 nos
220 2417 252 2479 in
274 2415 387 2479 nostris
419 2414 652 2495 cogitationibus
675 2421 707 2477 et
729 2415 844 2477 calculo
879 2415 1056 2493 statuimus,
1091 2417 1281 2485 insensibilia
1311 2423 1414 2480 errata
1436 2430 1479 2477 nu

144 2505 378 2579 considerantes,
404 2505 458 2568 sed
480 2503 570 2584 plane
593 2503 743 2566 continua.

232 2594 305 2659 Dixi
327 2594 404 2657 haec
425 2594 572 2656 hactenns
595 2612 662 2655 cum
676 2591 857 2666 conditione,
882 2592 908 2655 si
931 2592 1063 2668 libratio,
1087 2595 1202 2676 quade
1224 2602 1379 2659 testantur
1393 2594 1479 2658 obser·

147 2684 299 2759 vationes,
329 2690 459 2766 nequeat
480 2682 582 2763 pertici
605 2704 624 2744 a
650 2682 761 2744 virtute
784 2681 886 2762 aliqua
914 2684 1085 2763 magnetica
1112 2683 1302 2765 planetarum
1325 2682 1479 2766 corporlbl

148 2775 250 2848 insita,
272 2783 306 2835 et
328 2773 354 2836 si
378 2772 496 2835 omnino
520 2790 643 2833 necesse
667 2770 768 2847 fuerit,
791 2789 848 2832 uos
871 2770 910 2831 ad
931 2780 1063 2834 mentem
1086 2773 1259 2853 confugere.
1307 2774 1479 2839 Geternms

146 2881 321 2945 comparare
345 2862 441 2924 libeat
461 2861 545 2923 illam
568 2862 738 2923 naturalem
760 2867 791 2921 et
813 2859 891 2920 hanc
913 2862 1076 2924 mentalem
1099 2863 1279 2925 motionem:
1303 2864 1361 2927 illa
1382 2862 1479 2946 quiden

146 2972 200 3035 per
222 2972 256 3015 se
280 2958 352 3027 stat,
376 2950 450 3013 nihil
472 2949 629 3029 indigens;
662 2951 738 3011 haee
761 2968 833 3010 vero
855 2951 1006 3026 mentalis,
1033 2952 1300 3044 quomodocunque
1324 2953 1408 3016 illam
1428 2948 1479 3014 ani

146 3041 219 3105 mali
243 3040 387 3103 facultate
411 3039 549 3101 movendi
566 3040 700 3119 corporis
723 3039 866 3113 instruas,
890 3040 1097 3103 testimonium
1119 3042 1166 3103 illi
1187 3043 1379 3123 magneticae
1395 3036 1479 3125 perli-

145 3131 218 3194 bere
250 3131 373 3211 ejusque
406 3127 541 3190 subsidia
573 3147 728 3190 accersere
757 3128 885 3189 videtur.
933 3130 1065 3192 Primum
1099 3131 1178 3194 enim
1208 3151 1295 3195 mens
1327 3133 1396 3214 ipsa
1422 3124 1479 3193 adl

145 3227 249 3301 potest
270 3218 301 3281 in
324 3236 440 3298 corpus.
480 3217 610 3299 Oportet
631 3216 723 3297 igitur
745 3216 838 3279 menti
861 3217 1024 3298 adjungere
1047 3220 1225 3284 facultatem
1239 3220 1420 3303 exsequendi
1439 3232 1479 3281 11

146 3308 247 3373 munia
269 3306 300 3369 in
324 3325 448 3386 corpore
471 3305 611 3386 planetae
640 3305 788 3368 librando.
832 3307 977 3368 Facultas
1007 3306 1062 3370 illa
1091 3316 1145 3372 aut
1174 3310 1317 3373 animalis
1340 3311 1412 3387 erit,
1439 3310 1477 3368 art

146 3397 293 3461 naturalis
312 3405 343 3458 et
365 3395 544 3476 magnetica.
582 3394 733 3458 Animalia
749 3413 817 3457 esse
840 3415 900 3457 non
922 3403 1041 3476 potest:
1066 3397 1172 3479 nequit
1186 3399 1265 3461 enim
1283 3399 1413 3463 facultas
1425 3392 1474 3459 ari·

146 3488 236 3550 malis
258 3493 465 3566 transportare
489 3502 596 3564 corpus
620 3504 706 3546 soum
724 3485 760 3545 de
784 3485 851 3546 loco
875 3484 905 3547 in
929 3485 1027 3548 locum
1050 3489 1100 3561 (ut
1121 3488 1282 3569 requiritur
1306 3488 1339 3552 in
1360 3489 1415 3551 bac
1433 3482 1473 3549 lh·

147 3577 279 3649 ratione)
302 3576 367 3638 sine
396 3580 549 3656 potestate
577 3574 701 3635 alterius
725 3572 860 3654 corporis
889 3574 1144 3638 adminiculantia.
1190 3578 1261 3640 Erit
1290 3577 1384 3660 igitur
1409 3590 1473 3653 mat·

146 3667 248 3729 netica
269 3665 408 3739 facultas,
433 3664 491 3727 hoc
506 3670 554 3726 est
575 3663 723 3725 naturalis
741 3681 907 3726 consensus
936 3663 1014 3726 inter
1037 3684 1163 3746 corpora
1185 3665 1328 3748 planetae
1352 3672 1385 3730 et
1403 3662 1471 3731 Sab

146 3756 253 3839 Itaque
276 3774 361 3818 mens
383 3760 521 3817 naturam
544 3758 575 3815 et
596 3760 753 3832 magnetes
776 3752 806 3814 in
830 3751 996 3814 subsidium
1018 3763 1117 3818 vocat

235 3845 353 3908 Deinde
376 3862 460 3905 mens
483 3842 559 3904 haec
581 3843 621 3904 ad
640 3839 795 3904 dimidium
819 3841 977 3903 decursum
1000 3845 1122 3924 regulae
1152 3862 1224 3906 suae
1255 3864 1309 3908 seu
1332 3841 1473 3907 monulus

148 3943 344 4019 coaequatae,
368 3934 437 3995 dum
460 3931 612 3995 dimidium
634 3931 752 4013 perficit
775 3930 875 4011 operis
890 3931 946 4005 sni,
971 3935 1050 4011 qnod
1074 3932 1216 3997 consistit
1237 3933 1268 3995 in
1291 3934 1428 4015 augenda
1442 3924 1474 3989 tf

148 4026 309 4089 minuenda
341 4022 488 4085 diametro
517 4019 618 4096 Solis,
652 4039 744 4100 supra
778 4019 897 4100 quidem
927 4042 966 4100 γυ
991 4026 1056 4097 (bbg.
1077 4028 1142 4093 116)
1178 4020 1351 4087 librationis
1382 4028 1474 4106 pata

149 4114 282 4178 absolvit
302 4111 455 4192 majorem,
478 4110 558 4172 infra
579 4129 651 4172 vero
676 4105 714 4183 οζ
734 4109 888 4172 minorem.
935 4111 1040 4191 Neque
1063 4133 1112 4192 yo,
1136 4107 1178 4184 οἱ
1194 4113 1383 4193 respondent
1400 4105 1474 4194 part·

43 4245 48 4252 -
148 4204 204 4266 bns
231 4202 385 4285 temporis.
431 4201 510 4262 Nam
541 4201 608 4281 plns
641 4218 743 4261 morae
774 4199 957 4260 eonsumitur
989 4200 1020 4261 in
1047 4223 1094 4279 70,
1127 4220 1216 4283 quam
1246 4203 1312 4283 ejus
1344 4186 1477 4283 suprad

149 4312 291 4356 excessus
309 4289 490 4373 requirebat.
530 4290 635 4370 Neque
657 4288 796 4350 continue
816 4295 963 4367 augentur
980 4297 1086 4370 partes
1105 4311 1125 4351 a
1136 4287 1163 4363 -ζ
1172 4309 1278 4353 versus
1296 4315 1322 4374 y,
1348 4291 1403 4355 sed
1418 4280 1474 4370 apel

148 4407 174 4464 7,
188 4406 204 4445 s
217 4386 282 4457 (rig.
302 4385 365 4450 111)
379 4385 451 4442 sont
463 4377 603 4452 minores,
619 4384 655 4439 ut
673 4386 704 4439 et
719 4376 798 4457 apud
813 4400 844 4452 rt,
866 4373 889 4449 ζ-
927 4378 973 4440 At
985 4378 1097 4442 mentis
1118 4397 1211 4460 opera
1225 4380 1329 4445 solent
1341 4398 1409 4445 esse
1422 4393 1475 4442 cot·

152 4471 275 4536 stantia.
320 4470 486 4550 Propterea
507 4467 593 4530 nohis
616 4466 674 4528 fuit
696 4484 785 4546 opus,
808 4466 892 4527 illam
914 4465 1064 4530 instruere
1094 4468 1243 4543 facultate
1263 4469 1388 4533 animali
1408 4475 1475 4548 aaa

150 4557 335 4641 magnetica,
372 4564 404 4619 et
433 4575 562 4638 pugnam
592 4555 745 4635 utriusque
776 4555 975 4632 comminisci,
1015 4576 1074 4637 qua
1102 4576 1188 4620 mens
1220 4550 1475 4622 admoneretur-lt

150 4649 251 4713 officio
280 4666 350 4720 sno,
381 4646 418 4707 de
447 4665 504 4725 qno
532 4664 587 4708 nec
619 4643 761 4725 temporis
789 4663 844 4706 nec
880 4647 1047 4724 spatiorum
1079 4647 1284 4710 confectorum
1317 4646 1475 4730 aequalina

151 4736 304 4802 admoneri
318 4735 426 4815 potnit.
465 4736 571 4816 Itaque
587 4752 702 4798 rursum
721 4732 815 4795 menti
838 4733 1003 4798 subsidium
1018 4743 1161 4798 enatura
1183 4736 1354 4817 petivimus.
1385 4734 1474 4800 cm

151 4830 209 4891 hae
232 4822 468 4892 modificationes
492 4839 594 4886 omnes
615 4821 717 4886 insunt
739 4839 772 4884 rs
788 4838 861 4883 vera
874 4823 957 4904 operi
980 4823 1103 4888 virtutis
1125 4824 1316 4908 mgneticae
1338 4830 1472 4891 aaa*
