3278 5550
142 289 186 356 90
562 289 662 341 uerae
679 290 782 355 Kepleri
800 290 951 356 aberamque
969 295 1071 341 ιιιιιιιιιι

142 463 225 543 ιΘ
250 467 299 529 νει
322 466 387 547 ejus
411 484 545 547 apogaeo
568 467 760 546 pendentem.
808 467 887 538 Quin
913 469 1018 544 etiam,
1051 465 1102 529 ubi
1128 466 1194 547 jam
1226 473 1328 529 certus
1362 484 1433 527 enm
1463 462 1499 525 de

142 555 369 617 eccentricitate
393 554 443 633 Θ,
467 570 590 634 possum
609 557 687 635 jam,
723 557 749 620 si
781 558 909 620 maxime
934 556 1123 638 acronychiis
1147 574 1296 631 carerem,
1330 552 1500 617 eccentfics

143 645 211 707 loca
233 645 417 725 investigare
441 654 628 724 quotcunque
652 664 726 724 opus
751 656 860 708 estex
884 647 961 708 binis
985 645 1181 728 acronychiis.

231 733 294 796 Sed
317 753 409 814 pergo
434 735 463 796 in
497 734 656 796 eccentrici
688 734 858 809 distantiis3
891 737 941 799 uhi
972 736 1085 798 multas
1118 734 1283 796 distantias
1312 751 1370 813 ρει
1403 737 1496 793 totum

143 823 302 885 eccentrici
326 824 470 885 ambitum
493 823 727 903 investigavero,
752 824 842 887 facile
866 834 953 904 petet
976 834 1009 886 ει
1031 824 1080 887 ιιι
1101 825 1142 886 sit
1156 841 1325 903 apogaeum
1339 828 1496 902 etqnanta

144 912 352 975 eccentrieitas
375 920 408 974 et
430 932 468 973 an
492 913 542 973 via
565 912 671 974 uvalis.
714 914 797 975 Tunc
820 913 913 994 igitur
935 913 1113 996 hypothesis
1136 912 1316 974 invenienda
1340 917 1401 983 est,
1425 927 1494 990 quae

146 1020 250 1063 ornnes
274 1003 365 1063 hasce
385 1001 549 1064 distantias
566 1010 785 1081 repraesentet.
823 1002 909 1065 Hanc
925 1002 1116 1084 hypothesin,
1140 1001 1218 1085 quod
1240 1010 1322 1065 recte
1338 1008 1372 1062 tu
1386 1017 1493 1073 mones,

143 1099 265 1171 oportet
285 1090 330 1153 sic
345 1110 413 1155 esse
428 1099 645 1179 comparatam,
670 1100 703 1152 ιιι
717 1099 846 1168 constet,
871 1112 961 1173 posse
984 1111 1039 1172 per
1059 1092 1185 1154 eandem
1199 1091 1291 1153 etiam
1307 1091 1376 1153 loca
1391 1106 1492 1150 accan-

143 1181 222 1243 trica
249 1180 344 1242 reddi
390 1179 436 1242 At
458 1201 515 1243 non
546 1188 594 1242 est
623 1200 737 1242 summe
766 1181 970 1244 necessarium
1001 1189 1033 1243 et
1055 1180 1207 1244 calculari.
1255 1179 1356 1242 Multa
1385 1176 1491 1240 eminus

143 1268 337 1349 adspicimus,
371 1270 409 1331 sd
440 1289 517 1350 quae
540 1269 578 1330 oh
602 1270 753 1332 desectum
774 1270 938 1333 mediorum
962 1291 1021 1334 non
1043 1269 1252 1350 pertingimus
1298 1267 1365 1348 Ego
1399 1274 1491 1329 tamen

142 1358 301 1439 plurimum
324 1358 444 1433 laboro,
476 1366 510 1421 ut
539 1359 654 1421 calculo
684 1359 752 1421 loca
774 1359 959 1432 eccentrica,
992 1359 1023 1420 id
1047 1368 1096 1422 est
1118 1359 1253 1421 tabulam
1288 1356 1492 1438 aequationem

144 1448 276 1509 eccentri
299 1467 336 1510 ex
360 1447 571 1511 distantiarum
594 1448 756 1530 hypothesi
779 1450 915 1512 condam.
953 1448 1090 1529 Despero
1105 1449 1223 1530 quidem
1239 1446 1359 1527 singula
1374 1443 1491 1508 seorsim

142 1555 264 1613 eruere,
298 1544 332 1599 ιιι
362 1536 430 1600 aliis
453 1536 669 1620 hypothesibus
693 1539 757 1600 fieri
780 1546 892 1621 potest.
940 1536 1051 1600 Omnia
1073 1558 1145 1600 vero
1169 1537 1272 1600 ordine
1302 1535 1342 1597 ab
1372 1531 1492 1615 apogaei

143 1626 238 1706 gradu
262 1644 350 1707 spero
373 1644 420 1688 me
445 1626 513 1689 olim
538 1636 768 1689 exstructurum.
1488 1664 1491 1675 ·

235 1713 296 1779 Cur
318 1735 357 1777 ex
379 1715 645 1797 prosthaphaeresi
668 1724 693 1787 d
717 1734 854 1797 apogaeo
869 1714 950 1778 Solis
971 1716 1103 1797 propiori
1128 1716 1215 1777 detur
1238 1713 1370 1794 simplex
1394 1730 1493 1774 eccen-

143 1803 262 1868 tricitas
285 1805 391 1886 major,
415 1806 535 1886 quaeris
562 1813 596 1876 (v.
616 1829 635 1864 r.
655 1830 679 1878 p.
709 1811 776 1877 ιι).
824 1805 890 1886 Ego
920 1824 992 1869 vero
1022 1805 1125 1867 duhito
1149 1806 1186 1867 de
1211 1805 1267 1866 hoc
1291 1812 1342 1865 tuo
1366 1820 1493 1883 pronun·

144 1894 235 1958 oiato.
281 1895 347 1956 Hoc
371 1894 443 1969 scio,
468 1895 495 1957 si
518 1903 661 1976 tanquam
686 1896 713 1957 in
737 1895 868 1975 simplici
891 1894 1041 1975 triangulo
1066 1894 1161 1956 utaris
1184 1890 1496 1974 prosthaphaeresid

144 1983 340 2063 longitudinis
363 1984 490 2053 mediae,
514 1985 656 2064 majorem
680 1983 815 2046 iuvenies
839 1983 1094 2046 eccentricitatem
1110 1983 1197 2063 quasi
1212 1982 1390 2062 simplicem,
1415 1996 1497 2061 quarn

144 2071 171 2133 ai
194 2072 289 2135 utaris
312 2073 635 2153 prosthaphaeresibns
660 2092 794 2154 apogaeo
814 2074 888 2147 (non
904 2069 944 2150 Q
960 2074 1030 2148 sed)
1045 2081 1071 2144 (ς
1086 2072 1287 2135 vicinioribus.
1324 2070 1398 2133 Jam
1421 2085 1497 2144 ιιιι,

84 2177 88 2187 ’
144 2180 211 2223 cnm
234 2161 264 2223 in
281 2161 316 2266 5
340 2171 372 2225 et
394 2166 427 2236 Π
449 2163 491 2225 ιιι
514 2162 668 2243 longitudo
684 2171 709 2233 ο·
724 2162 833 2236 media,
859 2159 898 2264 Θ
924 2181 1090 2243 apogaeum
1114 2162 1143 2224 in
1168 2174 1212 2237 ee,
1237 2159 1348 2223 accidit
1371 2167 1408 2221 ιιι
1429 2157 1500 2221 haec

144 2249 198 2314 sit
209 2247 250 2328 Θ
275 2251 383 2314 vicina.
431 2251 493 2316 Cur
515 2260 616 2314 autem
639 2251 735 2314 minor
758 2260 789 2314 et
812 2251 909 2330 major
932 2250 988 2313 hoc
1020 2261 1111 2332 pacto
1143 2252 1256 2313 evadat
1279 2247 1501 2323 ειιειιιιιιιιιι,

144 2349 309 2416 causaest,
335 2340 405 2422 quia
421 2341 530 2403 salsum
543 2341 824 2423 praesupponimue,
848 2341 1014 2421 simplicem
1029 2349 1061 2403 et
1082 2341 1314 2425 geometricam
1323 2334 1503 2400 eccentrioi·

144 2436 250 2532 tatem,
275 2449 352 2511 quae
374 2437 479 2494 tamen
502 2450 540 2493 ex
563 2430 687 2493 dimidia
713 2438 800 2512 parte
829 2438 876 2492 est
899 2430 1027 2511 physica
1050 2430 1220 2511 aequantia
1266 2429 1303 2491 Id
1326 2425 1482 2491 uberius
1472 2438 1501 2489 ιιι

144 2518 289 2599 proximis
312 2519 409 2582 literis
423 2520 572 2623 ⁸explicui

232 2608 281 2669 Ex
303 2608 431 2690 apogaei
456 2607 496 2686 Θ
521 2610 602 2672 linea
624 2609 729 2672 nihil'
721 2629 750 2670 m
775 2616 801 2679 d
825 2608 1024 2671 eccentricum
1048 2605 1206 2682 redundat,
1232 2606 1259 2668 si
1282 2606 1321 2668 ad
1346 2600 1415 2684 Θ
1406 2620 1501 2685 ipsun

127 2697 269 2760 'toleras
304 2697 366 2760 Sed
388 2698 414 2762 si
438 2700 477 2760 ad
499 2709 642 2779 punctum
665 2718 718 2761 seu
732 2699 829 2761 locum
850 2698 979 2760 medinm
996 2696 1053 2775 Q:
1079 2697 1197 2759 omnino
1213 2696 1366 2758 redundat
1381 2692 1499 2776 aliquid,

146 2795 179 2849 at
201 2786 234 2849 id
257 2805 315 2849 non
339 2806 481 2868 magnum
503 2789 583 2869 quod
606 2786 673 2850 loca
697 2787 823 2860 attinet,
846 2789 943 2868 majus
980 2788 1060 2867 quod
1094 2786 1266 2849 distantias.
1313 2784 1412 2864 quue
1448 2800 1498 2865 ego

143 2875 222 2938 inter
245 2895 355 2940 causas
377 2876 478 2947 habui,
510 2896 562 2940 cur
594 2877 742 2939 theoriam
775 2877 853 2937 hanc
877 2876 1046 2939 ordinarem
1077 2877 1116 2938 ad
1148 2894 1251 2938 verum
1284 2871 1325 2950 Θ
1356 2882 1497 2948 centrum.

142 2964 309 3028 Praeterea
338 2965 487 3028 redundat
514 2967 606 3028 etiam
630 2966 743 3045 aliquid
772 2984 810 3025 ex
837 2983 973 3045 apogaeo
998 2963 1038 3042 Θ
1064 2965 1092 3026 in
1117 2965 1215 3045 ipsum
1238 2963 1341 3027 orbem
1364 2980 1501 3039 annum,

143 3062 177 3116 ut
196 3055 260 3134 jam
284 3054 406 3134 saepius
430 3054 552 3127 dietum,
577 3055 656 3135 quod
680 3054 831 3115 diversum
856 3062 904 3117 εει
927 3055 1030 3136 ajam
1053 3056 1141 3116 modo
1167 3055 1257 3117 dicto.

231 3142 277 3204 De
300 3142 495 3206 Martialibus
518 3143 668 3226 Tychoois
693 3143 840 3222 quomodo
863 3144 1048 3222 processerit
1070 3143 1142 3206 nihil
1167 3143 1248 3213 scio,
1282 3141 1382 3203 solum
1405 3139 1502 3222 hypo-

143 3230 243 3296 thesin
268 3240 300 3293 st
323 3232 548 3294 observationes
573 3232 770 3313 acronychias
795 3230 904 3294 habeo.

233 3319 365 3383 Schema
386 3322 474 3402 ponis
498 3330 529 3383 et
551 3321 581 3383 in
606 3341 640 3383 eo
661 3321 762 3384 sarias
782 3322 1016 3402 speculationes,
1041 3341 1117 3424 quas
1131 3339 1178 3382 me
1194 3317 1389 3381 considerare
1403 3300 1501 3398 juboa¹

145 3411 268 3474 Literas
291 3430 349 3473 non
372 3430 495 3491 possum
518 3412 731 3485 internoscere,
756 3431 810 3473 nec
835 3411 904 3491 quid
924 3411 1000 3472 velis
1020 3411 1093 3473 scio
1102 3405 1144 3487 ¹³)
1180 3408 1246 3471 Nec
1264 3427 1339 3488 opus
1355 3416 1413 3483 est,
1440 3424 1503 3469 curn

146 3500 189 3564 nil
212 3500 340 3563 habeam
364 3501 442 3580 quod
466 3499 609 3563 dubitem.
655 3500 779 3564 Summa
802 3512 903 3562 tamen
928 3520 964 3561 eo
988 3499 1077 3576 redit,
1102 3498 1249 3579 quasdam
1268 3496 1502 3577 inaequalitates

133 3610 185 3653 -ex
207 3608 342 3670 apogaeo
368 3586 407 3666 Θ
433 3589 462 3650 in
486 3590 685 3652 eccentricum
710 3589 871 3666 (tranire,
896 3590 975 3669 quod
995 3590 1060 3668 jam
1084 3587 1257 3668 expeditum
1279 3586 1359 3648 dedi.

234 3679 292 3741 Ad
315 3677 457 3741 tertias
483 3676 539 3741 lt.
564 3680 655 3758 Aug.
686 3684 725 3748 (v.
744 3703 768 3751 p.
789 3684 857 3751 ιι).
904 3678 989 3740 Nihil
1016 3697 1063 3749 me
1094 3686 1195 3738 movet
1224 3675 1371 3754 ἀνομαλια
1392 3673 1503 3737 'laeua

146 3768 248 3831 diuum
277 3775 316 3842 d,
350 3774 384 3829 ut
414 3786 523 3829 novarn
550 3767 580 3828 in
613 3768 812 3834 eccentricum
842 3768 1024 3830 anomaliam
1059 3767 1258 3829 introducam.
1310 3762 1437 3827 Etenim
1468 3779 1504 3825 ex

147 3856 372 3938 simplicissima
393 3855 587 3919 inclinatione
611 3865 653 3933 ὀ,
684 3856 797 3919 additis
820 3856 1028 3937 parallaxibus
1052 3865 1145 3918 antea
1167 3854 1336 3937 requisitis,
1370 3852 1505 3935 seqnitur

146 3947 222 4009 haec
245 3946 342 4008 omnis
365 3945 526 4010 anomalia
572 3944 652 4008 Ecce
682 3945 760 4008 enim
787 3945 844 4008 hoc
877 3947 942 4025 ipso
974 3965 1052 4007 anno
1082 3943 1135 4007 27.
1159 3944 1248 4007 Febr.
1280 3940 1503 4007 ve18.Mart.

148 4035 268 4099 octiduo
300 4044 371 4099 ante
404 4042 436 4098 ει
466 4042 536 4114 ροει
567 4035 625 4097 ειίι
656 4035 786 4097 maxima
814 4035 943 4098 latitudo
975 4043 1053 4114 sept.
1089 4029 1128 4096 2⁰
1156 4030 1227 4108 45‘3
1257 4031 1310 4097 27.
1341 4028 1435 4114 Sept:
1456 4030 1505 4095 ιιι

148 4124 181 4190 7.
195 4123 266 4189 Oct.
290 4125 422 4188 maxima
443 4124 581 4186 austrina
598 4118 716 4186 1⁰36⁴·
742 4126 821 4205 quod
838 4124 929 4205 plane
952 4143 1012 4185 non
1035 4125 1166 4205 quadrat
1188 4141 1254 4185 cum
1267 4124 1305 4196 '00
1324 4122 1374 4184 vel
1394 4123 1506 4199 doum

150 4212 190 4293 Θ
214 4234 269 4278 uec
291 4234 359 4278 cum
381 4213 510 4277 transitu
533 4220 560 4283 d
581 4231 636 4292 per
658 4231 824 4293 apogaeum
847 4222 878 4276 et
900 4213 1072 4294 perigaeum
1095 4212 1229 4275 eccentri
1251 4231 1307 4275 nec
1329 4230 1399 4275 cum
1416 4219 1506 4274 tran·

100 4336 103 4342 ·
149 4305 211 4368 situ
232 4323 287 4386 per
307 4304 430 4381 limites,
454 4303 619 4366 miscentur
642 4301 752 4364 omnia.

236 4392 294 4456 Ad
325 4402 478 4475 quartas
508 4389 561 4455 22.
593 4391 668 4455 Dea.
716 4392 750 4452 In
781 4390 934 4453 schemate
966 4399 1038 4454 ate
1066 4391 1192 4472 primum
1228 4389 1340 4471 scripto
1374 4384 1510 4472 quaeris,

152 4483 298 4566 quomodo
328 4482 390 4544 ΑΚ
412 4501 450 4543 ex
478 4480 737 4544 observationibus
761 4479 953 4541 innotescat?
994 4480 1191 4560 Respondeo,
1221 4498 1260 4543 ex
1292 4478 1372 4542 binis
1400 4478 1508 4561 paral-

150 4572 268 4638 laxibus
304 4571 430 4646 annuis,
469 4580 501 4632 et
535 4570 768 4651 praesupposita
805 4570 1031 4631 eccentricitate
1069 4566 1110 4645 Q
1149 4569 1361 4650 distantiisquc
1401 4564 1443 4646 Q
1478 4576 1509 4631 at

150 4662 271 4726 Terrae.
317 4660 389 4724 Sint
418 4659 486 4737 AB,
509 4661 566 4722 AF
589 4659 752 4722 distantiae
777 4655 817 4734 Q
849 4666 880 4718 et
904 4658 1024 4722 Terrae.
1069 4656 1156 4721 'EAF
1186 4660 1313 4739 angulus
1335 4659 1417 4722 iuter
1441 4658 1510 4741 loos

150 4751 271 4815 Terrae.
316 4749 398 4830 Ergo
421 4768 459 4813 ex
478 4708 627 4812 lateribus
650 4757 683 4813 et
704 4748 814 4827 angulo
838 4747 948 4810 dantur
962 4746 1064 4829 anguli
1078 4747 1172 4825 AEF,
1196 4748 1280 4812 ΔΒΕ
1299 4745 1399 4811 etEF
1413 4747 1510 4811 latus.

148 4839 215 4907 Sed
235 4839 334 4919 Rus,
352 4838 440 4903 Kos
461 4846 533 4903 sunt
554 4836 659 4920 eugub
679 4838 759 4903 inter
781 4838 850 4903 loca
871 4836 939 4905 visa
962 4835 1003 4916 Θ
1027 4845 1060 4902 ει
1083 4843 1125 4914 d,
1150 4838 1235 4903 aufer
1250 4835 1337 4904 ιἘΔ
1360 4844 1395 4902 ει
1410 4834 1510 4910 EM,
