3278 5550
529 302 591 353 ru·
609 302 713 364 oum.
751 216 834 373 caza
850 306 941 359 xrrv.
1345 304 1410 373 337

115 483 141 548 ω’
160 481 300 546 diminuti
322 481 444 563 aphelio
468 489 501 544 et
520 481 666 563 peribolio
688 486 843 565 proximae
865 488 1025 569 metientur
1053 494 1172 566 tempus
1195 486 1310 567 majus,
1342 483 1411 566 quia

115 573 137 635 n
158 573 230 637 illas
251 572 353 635 tenuis
368 581 416 634 est
431 571 600 647 diminutio;
624 573 679 634 sed
697 583 800 653 partes
823 577 853 637 iu
872 576 1108 656 longitudinibus
1126 576 1234 637 mediis
1250 573 1411 639 metientur

115 681 154 725 ius
180 669 301 741 tempus
324 679 414 742 quam
436 669 546 736 autea,
575 661 645 742 quia
667 662 697 723 in
724 664 784 726 illis
817 666 927 727 accidit
958 665 1117 745 potissima
1139 665 1232 726 totius
1254 663 1338 744 plani
1361 664 1410 726 di-

115 751 191 814 utio.
237 751 309 815 Jam
332 749 432 830 igitur,
457 750 483 811 si
502 759 620 812 utamur
639 752 693 815 hoc
713 753 857 816 dimiuuto
873 756 961 833 plano
981 755 1019 815 ad
1036 754 1234 815 moderandas
1250 754 1409 834 aequatio-

116 840 217 915 ,tiet
252 841 379 942 planeta
410 840 491 902 circa
521 840 672 921 aphelium
701 851 733 905 et
760 843 935 922 perihelium
966 843 1092 917 tardior,
1130 861 1218 944 qnam
1251 843 1280 903 in
1317 841 1411 921 priori

115 947 171 991 osa
192 928 405 1009 aequationuru
421 929 525 1004 forma,
550 930 630 991 circa
645 930 846 1010 longitudines
869 933 983 995 medias
998 933 1137 1007 volocior,
1162 933 1231 1012 quia
1245 931 1409 993 distantiae

127 1018 343 1091 diminuuntur.
389 1019 496 1080 Morae
525 1018 616 1098 igitur
643 1019 712 1082 hinc
740 1022 961 1085 abstractae
953 1043 982 1084 m
1007 1022 1211 1101 aphelinmet
1233 1019 1409 1100 perihelinm

115 1110 174 1171 nim
203 1108 402 1187 deorsumque
439 1108 683 1187 compensatione
717 1110 799 1171 lacta
822 1111 1096 1184 accumulabantur‚
1130 1129 1187 1172 non
1211 1128 1298 1170 secus
1323 1128 1358 1170 ac
1383 1108 1409 1170 si

115 1216 123 1259 ι
143 1197 290 1259 botellum
313 1196 515 1259 ventricosum
538 1197 567 1259 iu
592 1198 689 1259 medio
713 1201 900 1279 comprimat,
926 1219 1021 1281 eaque
1045 1198 1267 1278 compressione
1282 1197 1409 1260 minutal

115 1294 217 1349 retum
240 1306 257 1347 e
279 1292 385 1348 ventre
408 1286 505 1365 magis
535 1287 565 1346 in
595 1296 737 1368 utrasque
771 1291 982 1352 extremitates
1011 1290 1090 1351 iufra
1117 1307 1266 1368 supraque
1290 1307 1410 1348 manum

115 1383 224 1438 nautea
248 1374 397 1454 exprimat
419 1384 452 1438 et
474 1374 576 1437 elidat.

139 1464 240 1545 Atqui
261 1463 287 1526 si
311 1465 464 1526 contraria
487 1464 646 1527 contrariis
670 1466 837 1540 medentur,
862 1466 936 1528 haec
959 1467 1050 1546 plane
1073 1465 1232 1544 aptissima
1247 1469 1295 1526 est
1310 1463 1409 1525 medi-

115 1552 349 1633 texpurgaudia
372 1553 465 1628 vitiis,
489 1553 595 1633 quibus
619 1572 710 1633 supra
735 1573 801 1632 cap.
826 1557 943 1617 XLIII.
968 1555 1095 1637 physica
1113 1565 1217 1615 nostra
1230 1552 1408 1635 hypothesis

115 1661 191 1705 trare
224 1642 513 1722 deprehendebatur.
565 1642 707 1707 Velocior
737 1643 815 1704 euim
846 1645 964 1706 tuturus
993 1652 1042 1706 est
1069 1644 1193 1723 planeta
1220 1643 1250 1703 in
1274 1642 1409 1721 longitu-

115 1731 171 1793 bus
202 1732 330 1805 mediis,
359 1749 425 1793 cum
459 1730 542 1810 prius
570 1731 612 1794 ibi
636 1733 907 1811 deprehenderetur
926 1735 1010 1813 justo
1034 1732 1162 1805 tardior,
1187 1731 1409 1794 retardabitur-

121 1839 217 1900 eupra
233 1827 264 1882 et
277 1819 357 1882 iufra
374 1822 455 1882 circa
472 1821 607 1900 apsidas,
630 1822 679 1883 ubi
700 1822 782 1901 prius
797 1823 976 1900 pernicitate
995 1821 1088 1883 nimia
1101 1821 1232 1883 nocebat
1250 1819 1408 1900 aequatio-

115 1930 136 1971 ιε
166 1909 198 1970 iu
222 1916 350 1971 octavas
373 1920 539 1988 temporum
566 1910 814 1973 redundantibus.

135 1998 205 2061 Hoc
226 1997 318 2078 igitur
334 1999 461 2061 alterum
478 2009 685 2078 argumentum
702 2008 759 2072 est,
779 2019 836 2079 qno
856 1999 1089 2074 demonstratur,
1114 1997 1243 2060 orbitam
1267 1998 1408 2076 planetae

115 2086 208 2151 trime
239 2109 258 2150 a
286 2085 396 2150 circulo
425 2088 564 2151 instituto
596 2089 755 2151 deflectere
783 2096 816 2150 et
842 2091 881 2150 ad
912 2090 1010 2150 latera
1033 2095 1226 2167 centrumque
1250 2085 1409 2148 eccentrici

115 2176 178 2241 idi.
213 2174 356 2240 Ceterum
380 2176 435 2239 hoc
459 2187 666 2256 argumentum
691 2197 783 2258 penes
808 2197 928 2240 menon
948 2176 1027 2239 tanti
1047 2178 1112 2251 suit,
1136 2184 1170 2237 ut
1184 2196 1221 2237 ex
1238 2196 1272 2237 eo
1288 2177 1324 2237 de
1339 2176 1409 2254 pla-

115 2284 137 2335 ρ
163 2265 388 2327 exorbitatione
412 2267 546 2345 cogitare
568 2287 700 2348 possem.
747 2267 925 2329 Diutissime
950 2266 1081 2328 enimin
1106 2264 1300 2327 conciliandis
1321 2265 1408 2345 hujus

115 2372 163 2419 tte
188 2353 421 2435 aequationibus
445 2374 512 2421 cum
536 2357 742 2428 desudassem,
766 2357 888 2418 tandem
913 2356 1050 2417 absurdit
1037 2363 1100 2417 tate
1125 2373 1280 2415 mensurae
1305 2353 1409 2415 deter-

115 2462 125 2509 t
151 2452 257 2506 totum
287 2444 440 2524 negotium
470 2446 603 2518 deserui,
644 2446 742 2525 quoad
772 2445 925 2506 distantiis
954 2446 990 2505 de
1019 2444 1137 2505 exorbit
1125 2443 1240 2507 tatione
1271 2438 1361 2504 edoct
1348 2451 1406 2517 tus,

115 2532 216 2605 mdo,
252 2551 308 2612 quo
333 2552 399 2612 cap.
423 2534 506 2597 XLI.
533 2536 661 2611 f,actum
692 2542 801 2614 postea
823 2535 880 2596 hoc
905 2533 997 2595 etiam
1021 2554 1118 2613 aequa
1120 2543 1231 2594 ionum
1256 2532 1408 2647 negotium

115 2623 186 2689 Ιί.

131 2711 244 2791 Atque
280 2730 317 2772 ex
347 2710 404 2773 boc
435 2730 550 2793 quoque
580 2713 717 2774 demonst
704 2719 829 2780 tratum,
860 2712 939 2791 quod
967 2729 1059 2790 supra
1087 2728 1153 2788 cap.
1183 2709 1255 2772 XX.
1285 2706 1407 2771 XXIII

115 2798 175 2863 uisi
203 2818 254 2861 me
286 2801 449 2863 facturum:
484 2802 647 2863 orbitam
672 2801 863 2882 planetae
887 2820 958 2862 uon
987 2819 1077 2862 esse
1108 2799 1306 2873 circulum,
1343 2797 1408 2858 scd

115 2909 202 2953 rrae
230 2886 367 2952 uvalis.

596 3304 716 3451 capti
748 3348 862 3425 xxv

121 3527 238 3592 canoto
260 3525 464 3593 naturalibos
486 3530 581 3612 umas
603 3526 958 3679 deflectooiamploaetoe
976 3547 998 3589 o
1013 3525 1151 3592 circatio:
1169 3529 1280 3683 pmmta
1301 3530 1408 3613 opinio

634 3638 783 3681 caumana

135 3772 216 3840 Cum
241 3773 368 3853 primum
390 3773 421 3835 iu
443 3774 522 3859 hunc
545 3776 664 3838 modum
688 3774 868 3839 certissimis
882 3775 993 3838 Brahei
1010 3732 1269 3838 observationibus
1283 3773 1406 3838 edoctus

115 3884 158 3940 ru,
183 3863 318 3926 orbitam
338 3863 480 3944 planetae
503 3885 561 3928 uon
586 3885 654 3927 esse
669 3867 843 3928 clrcnlarem
863 3874 979 3939 exacte,
1005 3865 1057 3927 sed
1073 3866 1199 3927 deficere
1218 3865 1404 3939 alateribus,

115 3952 222 4033 ortigio
247 3960 280 4014 et
302 3971 424 4015 cansam
448 3955 615 4016 naturalem
646 3955 734 4034 hujus
767 3953 942 4015 deflexionis
972 3974 1019 4015 me
1043 3955 1120 4015 scire
1143 3974 1207 4015 sum
1232 3953 1406 4016 arbitratus.

115 4062 141 4107 ur
169 4041 252 4103 euim
282 4041 312 4103 in
326 4038 464 4103 ‘materia
495 4062 560 4123 cap.
583 4043 736 4107 XXXIX.
766 4044 959 4105 vehementer
981 4044 1141 4106 exercitus.
1188 4043 1229 4104 Et
1259 4042 1405 4105 admoneo

115 4149 214 4205 orem,
243 4137 278 4192 ut
304 4129 477 4211 priusquam
504 4133 553 4194 hic
575 4133 803 4212 progrediatur,
842 4140 933 4211 caput
964 4133 1039 4194 illud
1068 4133 1216 4211 integrum
1245 4132 1406 4211 diligenter

115 4230 177 4303 gat
227 4215 305 4283 Cum
328 4220 407 4281 enim
426 4220 477 4282 illo
497 4222 596 4302 capite
616 4241 738 4284 cansam
761 4221 994 4285 eccentricitatis
1016 4222 1292 4301 transsumpsissem
1315 4221 1405 4283 alicui

115 4309 163 4384 uti,
189 4316 266 4389 quae
290 4317 374 4371 esset
396 4309 426 4370 iu
448 4328 570 4389 corpore
595 4311 745 4390 planetae,
770 4311 968 4392 sequebatur,
1000 4317 1034 4372 ut
1062 4320 1093 4371 et
1117 4312 1204 4390 hujus
1227 4310 1404 4373 deflexionis

115 4398 283 4463 eccentrico
307 4397 416 4460 circulo
440 4418 533 4462 cansa
556 4400 652 4462 eidem
674 4400 815 4482 planetas
839 4398 953 4478 corpori
970 4400 1244 4463 transscriberetnr.
1282 4400 1405 4462 Accidit
1451 4440 1453 4444 ι

115 4507 152 4552 uu
174 4486 260 4589 mihi,
286 4487 364 4568 qnod
383 4489 538 4566 proverbio
551 4489 684 4569 jactant,
706 4508 810 4553 canem
838 4490 883 4550 fes
886 4489 980 4550 tinum
1006 4508 1113 4551 caecos
1142 4508 1248 4569 parere
1272 4489 1401 4554 catulos.

115 4576 230 4643 renim
253 4595 319 4656 cap.
342 4575 495 4642 XXXDI
521 4579 719 4643 laborassem
729 4577 952 4640 vehementer'
943 4598 973 4640 m
997 4597 1035 4638 ca
1049 4597 1089 4652 re
1115 4580 1193 4658 qnod
1208 4597 1267 4640 nou
1282 4597 1403 4660 possem

115 4664 331 4768 iprobabilem
350 4665 449 4728 dicere
469 4687 601 4741 causam,
618 4686 668 4730 cur
685 4686 725 4730 ex
742 4666 842 4730 orbita
855 4667 995 4746 planetae
1007 4669 1159 4746 perfectus
1175 4666 1259 4730 fieret
1274 4667 1402 4729 circulus

115 4773 184 4838 rper
208 4752 288 4818 enirn
311 4747 458 4837 quaedam
477 4742 635 4819 tribuenda
659 4764 747 4819 erant
760 4756 891 4819 absurda
906 4756 949 4818 illi
966 4755 1081 4831 virtuti,
1108 4757 1296 4838 qnaesedem
1311 4756 1402 4817 habet

115 4867 156 4911 us
170 4844 367 4927 planctae),
353 4864 419 4926 Jum
430 4845 615 4927 deprehenso
623 4865 661 4911 ex
671 4845 939 4917 observationibus
953 4845 1082 4909 orbitam
1095 4848 1236 4932 planetae
1254 4864 1313 4910 nou
1332 4863 1400 4909 osse

124 4950 217 5007 tom
230 4951 309 5004 om.
330 4950 367 4994 uu
1157 4951 1190 5002 aa
