3278 5550
455 316 517 371 rus
534 316 659 371 5555555
696 318 777 387 caput
794 319 860 373 xlx.
1268 312 1334 384 257

119 505 247 565 ¹sactae
268 496 334 564 DE.
379 496 567 582 Iunguntur
592 499 693 582 igitur
713 498 774 561 DA
801 492 928 563 163150
950 494 999 561 vel
1024 456 1153 562 167350

664 597 693 653 51
715 588 773 650 ΛΕ
800 585 929 654 139000
951 583 1175 685 ch

487 693 771 776 Τ51519115511Ε
795 693 927 760 302150
950 695 998 759 vel
1020 691 1152 758 304430

483 783 642 846 Dimidia
712 784 772 847 DK
798 781 926 849 151075
949 783 997 848 uel
1022 780 1151 848 152215

364 871 453 954 Ergo
477 871 539 934 ΑΚ
562 873 774 936 5555515151155
823 873 928 939 12075
951 872 999 937 cel
1046 868 1163 936 15135.

119 961 267 1026 adamar
284 959 319 1022 la'
338 960 464 1025 nom
477 962 513 1023 ia
528 960 695 1043 pristinos,
719 966 775 1028 adi
791 964 908 1029 radias
925 963 1089 1027 55555ιί55σί
1103 964 1174 1046 suit
1191 956 1329 1024 100000.

119 1073 147 1116 5·
172 1046 304 1114 151075
327 1050 373 1112 ud
398 1046 528 1113 100000
549 1051 597 1113 sic
623 1048 729 1116 12075
753 1053 798 1116 ad
820 1050 918 1128 8000,

119 1134 238 1207 ,52215
262 1139 307 1202 ad
333 1135 462 1203 100000
484 1139 532 1201 sic
557 1136 662 1204 15135
686 1141 731 1204 ad
754 1136 850 1207 9943.
868 1134 911 1215 ⁸⁸)

119 1227 288 1294 :eutricitas
319 1227 411 1308 igitur
442 1227 603 1291 eccentrici
634 1230 791 1295 verissime
822 1230 986 1306 (indicibus
1010 1226 1219 1290 latitudinibus
1243 1245 1332 1288 acro-

144 1326 284 1380 versatnr
313 1316 392 1379 inter
421 1314 508 1381 8000
531 1313 690 1394 519943,
716 1319 848 1402 qualium
870 1321 974 1383 radius
997 1318 1079 1381 orbis
1102 1314 1263 1379 eccentrici
1286 1323 1335 1377 est

166 1410 212 1471 At
233 1404 412 1488 hypothesis
435 1414 541 1468 nostra
563 1426 601 1468 ex
625 1408 886 1472 observationibus
909 1406 1099 1490 acronychiis
1114 1404 1334 1486 longitudinum

119 1520 136 1560 a
156 1497 305 1578 prodebat
328 1495 584 1557 eccentricitatem
607 1498 767 1560 eccentrici
794 1496 911 1574 11332,
936 1499 1088 1561 diversam
1110 1496 1199 1574 longe
1223 1493 1261 1556 ab
1285 1511 1332 1569 eo,

119 1596 132 1649 t
152 1588 230 1649 inter
253 1580 396 1649 8000-et
418 1580 505 1649 9943
530 1586 596 1648 1555
620 1586 683 1649 sere
706 1588 813 1651 medio.
867 1588 949 1669 Ergo
979 1586 1091 1648 falsum
1120 1590 1241 1665 oportet
1263 1601 1331 1645 esse

119 1695 222 1750 rorum,
247 1675 586 1756 quodassumseramus.
619 1676 910 1740 Assumtnmautem
933 1683 1008 1747 erat,
1027 1674 1166 1749 orbitam,
1189 1692 1249 1754 qua
1263 1672 1332 1753 pla-

119 1763 228 1840 nsiret,
253 1782 321 1825 esse
344 1763 510 1844 perfectum
533 1764 691 1827 circulum:
717 1786 785 1829 csse
809 1767 838 1831 in
862 1767 943 1829 linea
959 1764 1098 1844 apsidum
1110 1771 1254 1843 punctum
1272 1761 1332 1823 ali-

119 1854 211 1929 icum,
235 1853 265 1914 in
290 1858 371 1915 certo
395 1860 428 1914 et
449 1860 607 1914 constante
631 1852 792 1918 intervallo
807 1877 825 1918 a
841 1865 944 1919 centro
964 1854 1135 1927 eccentrici,
1158 1851 1239 1914 circa
1253 1850 1334 1934 quod

119 1970 122 2008 ι
150 1942 327 2025 aequalibus
354 1940 539 2020 temporibus
567 1942 653 2004 Mars
686 1945 828 2028 aequales
856 1946 984 2025 angulos
1015 1941 1162 2006 conficiat.
1216 1942 1333 2005 Horum

119 2034 272 2096 ltemtmm
294 2037 348 2092 ant
370 2030 449 2092 forte
472 2036 629 2111 utrumque
653 2034 764 2096 falsum
786 2042 843 2096 est.
889 2037 970 2098 Nam
991 2030 1218 2096 observationes
1242 2050 1332 2094 usur-

119 2122 189 2185 dsae
212 2141 272 2183 non
296 2125 375 2180 sunt.

119 2210 286 2273 letantem
309 2207 416 2269 eadem
438 2207 656 2271 demonstratio
680 2209 773 2272 etiam
796 2220 901 2274 contra
923 2210 1105 2293 hypothesin
1123 2206 1217 2282 illam,
1243 2227 1333 2290 quam

119 2308 166 2363 unt
195 2298 423 2361 observationes
450 2297 489 2358 ad
520 2298 691 2378 oppositum
720 2301 812 2362 medii
838 2309 939 2363 motus
962 2300 1044 2364 Solis
1067 2300 1227 2362 reductae:
1262 2297 1333 2379 quia

119 2408 156 2452 tes
186 2396 321 2469 ternpore
354 2387 433 2449 inter
464 2394 621 2469 utrumque
653 2388 813 2451 articulum
842 2389 1017 2451 intermedio
1046 2395 1169 2451 manent
1196 2387 1332 2467 proxime

119 2526 120 2533 ,
170 2478 272 2550 Quare
304 2477 343 2539 iis
375 2474 585 2538 eccentricitas
621 2479 782 2541 eccentrici
805 2480 973 2542 ostenditur
996 2474 1098 2552 9943,
1130 2495 1206 2558 5555
1229 2483 1331 2537 tamen

119 2570 184 2648 [cap.
209 2568 266 2640 V.)
297 2586 334 2626 ex
363 2563 555 2626 restitutione
586 2565 747 2629 Braheana
783 2577 918 2630 assumta
956 2568 1013 2631 fuit
1052 2563 1176 2641 12600,
1215 2564 1264 2626 551
1301 2565 1331 2627 15

119 2655 338 2719 rPtolemaico
373 2650 495 2730 12352,
534 2654 666 2734 qualium
693 2665 760 2719 tota
788 2658 955 2739 aequatorii
984 2655 1087 2739 puncti
1118 2653 1330 2717 eccentricitas

119 2739 321 2898 delaciieinidis
351 2829 448 2893 nostri
480 2831 746 2895 transformatione
774 2834 813 2895 ad
841 2836 968 2897 formam
994 2831 1265 2895 Ptolomaicam
1289 2830 1331 2893 sit

119 2944 144 2987 *a
171 2923 327 3004 apsidum,
356 2922 387 2984 A
410 2920 519 2995 Terra,
541 2920 585 2994 D,
611 2921 638 2982 D
671 2931 806 2985 centrum
838 2922 965 3007 epicycli
997 2921 1027 2983 in
1059 2943 1176 2985 summa
1206 2928 1238 2982 et
1270 2920 1330 2982 ima

134 3023 165 3076 et
201 3031 238 3072 ex
267 3011 296 3073 D
328 3006 466 3091 atqneE
498 3008 620 3088 punctis
653 3013 817 3075 educantur
850 3033 957 3076 versus
985 3014 1016 3075 A
1046 3012 1198 3075 Tellurem
1229 3018 1329 3073 rectae

147 3103 187 3165 ad
220 3098 274 3163 Bc
307 3099 428 3180 planum
465 3092 644 3180 ecliptica'e:
676 3100 708 3164 in
737 3103 843 3183 quibus
874 3109 1030 3166 sumantur
1058 3101 1132 3179 DF,
1163 3101 1223 3164 EG
1251 3099 1330 3162 radii

123 3189 269 3273 aequales
293 3187 368 3268 ipsis
391 3188 458 3262 BA,
482 3185 560 3253 AC:
589 3195 620 3249 et
648 3189 772 3270 planeta
795 3193 825 3253 in
848 3194 874 3255 F
896 3200 928 3254 51
952 3188 992 3253 G.
1037 3190 1107 3253 Erit
1129 3191 1221 3271 igitur
1243 3188 1330 3250 FDA

119 3302 128 3347 5
151 3278 290 3361 aequalis
313 3275 502 3340 inclinationi
523 3276 621 3353 BAD,
646 3287 677 3341 et
700 3278 781 3341 linea
803 3280 930 3343 visionis
954 3280 1011 3341 AF
1033 3299 1101 3342 cum
1122 3278 1253 3361 pristina
1272 3277 1329 3339 BD

121 3391 148 3434 s.
199 3367 302 3440 Quare
333 3374 364 3428 51
386 3365 472 3431 DAF
496 3375 527 3428 et
549 3366 636 3429 HBD
668 3367 736 3430 visa
765 3370 893 3432 latitudo
925 3370 1039 3432 eadem.
1086 3370 1169 3432 Idem
1198 3369 1235 3431 do
1268 3367 1327 3429 tri-

119 3456 204 3524 5οΕ
228 3464 260 3518 51
281 3453 372 3519 EGA
396 3453 537 3536 congruis
560 3456 728 3519 dicendum.
774 3460 880 3541 115555
904 3458 1122 3520 demonstratio
1147 3467 1178 3520 et
1201 3455 1325 3539 quanti-

119 3565 228 3611 earum
252 3544 549 3626 correspondentium
573 3546 707 3610 eaedem.

119 3643 211 3701 urret
234 3634 340 3697 lectori
363 3631 521 3707 dubitatio,
545 3654 637 3716 qnare
663 3636 790 3718 epicycli
809 3635 915 3698 Martii
939 3634 1194 3698 semidiametrum
1216 3633 1328 3697 faciam

119 3746 163 3790 rm
188 3723 247 3786 sibi
271 3723 340 3804 ipsi,
363 3742 469 3804 nempe
484 3722 540 3784 DF
562 3722 693 3803 longiori
715 3726 782 3801 BA,
807 3723 910 3786 etEG
932 3724 1064 3787 breviori
1080 3723 1137 3790 GA
1160 3724 1325 3806 aequalem.

119 3835 155 3879 55
181 3821 329 3895 exparte
352 3813 459 3895 prima,
482 3811 547 3875 fieri
568 3813 625 3874 hoc
647 3822 772 3894 propter
794 3814 1061 3895 transpositionem
1084 3812 1327 3876 observationum

119 3904 238 3971 sitione
269 3922 336 3964 cum
365 3902 463 3964 medio
496 3901 579 3964 Solis
613 3902 652 3963 ad
685 3904 904 3983 oppositionem
935 3924 1001 3966 curu
1035 3909 1199 3984 apparente
1231 3902 1325 3965 Solis.

127 4012 310 4059 maneamus
347 3991 426 4073 apud
468 3991 599 4053 medium
635 4003 749 4055 motum
781 3993 864 4056 Solis
906 3993 1036 4074 (pugnat
1070 3992 1149 4054 enim
1180 4010 1325 4074 praesens

119 4084 201 4148 tatio
224 4080 315 4142 etiam
338 4082 433 4155 tunc),
457 4079 620 4143 manebunt
642 4080 698 4144 DF
721 4090 752 4145 et
773 4081 833 4146 EG
855 4083 999 4165 aequales
1020 4081 1173 4164 hucusque
1204 4081 1323 4144 saltem.

119 4194 128 4237 r
153 4173 195 4235 de
217 4171 276 4233 hoc
298 4178 414 4250 partem
437 4171 565 4251 primam
587 4188 652 4250 cap.
677 4172 734 4234 VI.

147 4263 250 4326 forma
277 4258 513 4335 Braheana‚
545 4259 651 4322 relicto
684 4261 830 4323 alterutro
858 4260 1026 4341 triangulo,
1057 4266 1131 4341 puta
1152 4260 1253 4336 DBA,
1293 4270 1326 4323 ut

119 4371 187 4417 arra
208 4347 380 4423 immobilis,
403 4350 434 4411 A
457 4348 512 4412 Sol
534 4369 612 4410 anno
639 4346 738 4424 1585,
762 4349 950 4411 continuetur
972 4350 1045 4425 AB,
1068 4357 1102 4411 ut
1123 4352 1181 4413 BH
1203 4350 1245 4412 sit
1266 4349 1326 4432 ipsi

119 4440 212 4506 ralis:
237 4436 336 4519 sitque
359 4436 389 4499 Η
411 4436 467 4500 Sol
491 4457 568 4500 anno
596 4434 678 4503 1593
702 4439 733 4501 15
760 4436 817 4502 120
840 4449 885 4526 tp:
911 4447 943 4501 at
964 4438 1022 4519 ipsi
1040 4439 1098 4502 ΑΕ
1119 4441 1173 4502 fiat
1187 4439 1324 4521 aequalis

119 4528 271 4595 15155Η1
302 4527 333 4588 in
364 4534 469 4607 partos
493 4528 631 4599 easdem,
653 4535 687 4590 ut
710 4528 750 4590 sit
772 4530 857 4591 Mars
879 4529 1038 4609 perigaeus
1061 4528 1147 4603 151,
1170 4534 1348 4610 apogaeus'

119 4616 242 4699 cliptica
264 4616 369 4690 HBA;
400 4614 555 4679 inclinatio
577 4617 663 4691 ΒΙΠ,
683 4618 784 4679 BAD:
815 4617 943 4680 latitudo
966 4616 1112 4699 perigaea
1131 4617 1222 4694 IBA,
1246 4638 1323 4699 apo-

119 4708 177 4771 311.
230 4706 364 4769 Rursum
394 4703 486 4785 igitur
515 4724 631 4767 summa
652 4705 712 4768 DA
740 4714 772 4768 51
793 4708 839 4769 1Η
860 4707 993 4786 prodibit
1014 4706 1133 4782 eadem,
1157 4706 1242 4788 cujus
1262 4708 1323 4770 DK

119 4816 133 4860 n
162 4802 195 4858 51
215 4795 277 4857 KA
300 4795 519 4858 eccentricitas.
578 4793 653 4860 Sola
680 4794 848 4859 differentia
877 4796 971 4874 haec,
1009 4796 1088 4881 quod
1110 4795 1320 4860 Ptolemaeo

119 4900 282 4954 amur.
1079 4897 1113 4954 17
