<?xml version="1.0" encoding="UTF-8"?>
<!DOCTYPE html PUBLIC "-//W3C//DTD XHTML 1.0 Transitional//EN"
    "http://www.w3.org/TR/xhtml1/DTD/xhtml1-transitional.dtd">
<html xmlns="http://www.w3.org/1999/xhtml" xml:lang="en" lang="en">
 <head>
  <title>
</title>
<meta http-equiv="Content-Type" content="text/html;charset=utf-8" />
  <meta name='ocr-system' content='tesseract 3.04.00' />
  <meta name='ocr-capabilities' content='ocr_page ocr_carea ocr_par ocr_line ocrx_word'/>
</head>
<body>
  <div class='ocr_page' id='page_1' title='image "./joanniskepleria12frisgoog/joanniskepleria12frisgoog_0194.png"; bbox 0 0 3278 5550; ppageno 0'>
   <div class='ocr_carea' id='block_1_1' title="bbox 586 302 1434 377">
    <p class='ocr_par' dir='ltr' id='par_1_1' title="bbox 586 302 1434 377">
     <span class='ocr_line' id='line_1_1' title="bbox 586 302 1434 377; baseline -0.008 -14"><span class='ocrx_word' id='word_1_1' title='bbox 586 304 648 363; x_wconf 82' lang='lat' dir='ltr'>Pars</span> <span class='ocrx_word' id='word_1_2' title='bbox 664 303 756 363; x_wconf 76' lang='lat' dir='ltr'>Prima</span> <span class='ocrx_word' id='word_1_3' title='bbox 794 308 876 375; x_wconf 80' lang='lat' dir='ltr'>Caput</span> <span class='ocrx_word' id='word_1_4' title='bbox 893 302 928 360; x_wconf 68' lang='lat' dir='ltr'>V.</span> <span class='ocrx_word' id='word_1_5' title='bbox 1186 364 1191 371; x_wconf 52' lang='grc'><strong>,</strong></span> <span class='ocrx_word' id='word_1_6' title='bbox 1371 305 1434 377; x_wconf 77' lang='lat'>185</span> 
     </span>
    </p>
   </div>
   <div class='ocr_carea' id='block_1_2' title="bbox 118 487 1513 4771">
    <p class='ocr_par' dir='ltr' id='par_1_2' title="bbox 118 487 1328 662">
     <span class='ocr_line' id='line_1_2' title="bbox 118 487 1328 573; baseline -0.003 -18"><span class='ocrx_word' id='word_1_7' title='bbox 118 494 200 555; x_wconf 88' lang='lat' dir='ltr'>neris</span> <span class='ocrx_word' id='word_1_8' title='bbox 224 491 386 573; x_wconf 76' lang='lat' dir='ltr'><strong>planetarii</strong></span> <span class='ocrx_word' id='word_1_9' title='bbox 410 490 677 573; x_wconf 82' lang='lat' dir='ltr'>aequipollentem,</span> <span class='ocrx_word' id='word_1_10' title='bbox 702 490 838 552; x_wconf 89' lang='lat' dir='ltr'>diversae</span> <span class='ocrx_word' id='word_1_11' title='bbox 864 497 963 551; x_wconf 91' lang='lat' dir='ltr'>tamen</span> <span class='ocrx_word' id='word_1_12' title='bbox 993 508 1089 569; x_wconf 88' lang='lat' dir='ltr'>appa·</span> <span class='ocrx_word' id='word_1_13' title='bbox 1213 491 1266 556; x_wconf 77' lang='lat' dir='ltr'>Fis-</span> <span class='ocrx_word' id='word_1_14' title='bbox 1286 487 1328 539; x_wconf 89' lang='lat'>55.</span> 
     </span>
     <span class='ocr_line' id='line_1_3' title="bbox 119 580 1090 662; baseline -0.003 -18"><span class='ocrx_word' id='word_1_15' title='bbox 119 585 221 656; x_wconf 89' lang='lat' dir='ltr'>otiae;</span> <span class='ocrx_word' id='word_1_16' title='bbox 260 583 349 662; x_wconf 89' lang='lat' dir='ltr'>idque</span> <span class='ocrx_word' id='word_1_17' title='bbox 385 581 607 662; x_wconf 83' lang='lat' dir='ltr'><strong>praestabimus</strong></span> <span class='ocrx_word' id='word_1_18' title='bbox 639 580 837 641; x_wconf 89' lang='lat' dir='ltr'>translatione</span> <span class='ocrx_word' id='word_1_19' title='bbox 873 580 956 641; x_wconf 90' lang='lat' dir='ltr'>risus</span> <span class='ocrx_word' id='word_1_20' title='bbox 992 599 1029 639; x_wconf 86' lang='lat' dir='ltr'>ex</span> <span class='ocrx_word' id='word_1_21' title='bbox 1061 604 1090 641; x_wconf 88' lang='grc' dir='ltr'>α.</span> 
     </span>
    </p>

    <p class='ocr_par' dir='ltr' id='par_1_3' title="bbox 119 668 1092 750">
     <span class='ocr_line' id='line_1_4' title="bbox 119 668 1092 750; baseline -0.005 -17"><span class='ocrx_word' id='word_1_22' title='bbox 119 691 251 733; x_wconf 83' lang='lat' dir='ltr'>ssemus</span> <span class='ocrx_word' id='word_1_23' title='bbox 283 672 360 732; x_wconf 92' lang='lat' dir='ltr'>idern</span> <span class='ocrx_word' id='word_1_24' title='bbox 394 690 446 750; x_wconf 92' lang='lat' dir='ltr'>per</span> <span class='ocrx_word' id='word_1_25' title='bbox 476 671 564 732; x_wconf 87' lang='lat' dir='ltr'>linem</span> <span class='ocrx_word' id='word_1_26' title='bbox 597 669 704 748; x_wconf 89' lang='lat' dir='ltr'>capitis</span> <span class='ocrx_word' id='word_1_27' title='bbox 728 670 801 743; x_wconf 91' lang='lat' dir='ltr'>IlI.,</span> <span class='ocrx_word' id='word_1_28' title='bbox 832 668 922 730; x_wconf 90' lang='lat' dir='ltr'>etiam</span> <span class='ocrx_word' id='word_1_29' title='bbox 951 677 1092 729; x_wconf 91' lang='lat' dir='ltr'>manente</span> 
     </span>
    </p>

    <p class='ocr_par' dir='ltr' id='par_1_4' title="bbox 122 758 1090 838">
     <span class='ocr_line' id='line_1_5' title="bbox 122 758 1090 838; baseline -0.005 -15"><span class='ocrx_word' id='word_1_30' title='bbox 122 783 141 822; x_wconf 92' lang='lat' dir='ltr'>u</span> <span class='ocrx_word' id='word_1_31' title='bbox 160 761 194 823; x_wconf 95' lang='lat' dir='ltr'>in</span> <span class='ocrx_word' id='word_1_32' title='bbox 211 785 233 822; x_wconf 84' lang='lat' dir='ltr'>a</span> <span class='ocrx_word' id='word_1_33' title='bbox 249 769 280 822; x_wconf 89' lang='lat' dir='ltr'>et</span> <span class='ocrx_word' id='word_1_34' title='bbox 299 761 449 822; x_wconf 90' lang='lat' dir='ltr'>translato</span> <span class='ocrx_word' id='word_1_35' title='bbox 473 759 649 831; x_wconf 88' lang='lat' dir='ltr'>eccentrico,</span> <span class='ocrx_word' id='word_1_36' title='bbox 676 758 822 838; x_wconf 85' lang='lat' dir='ltr'>lineisque</span> <span class='ocrx_word' id='word_1_37' title='bbox 846 758 1000 836; x_wconf 80' lang='lat' dir='ltr'>parallelis</span> <span class='ocrx_word' id='word_1_38' title='bbox 1024 777 1090 818; x_wconf 90' lang='lat' dir='ltr'>ma-</span> 
     </span>
    </p>

    <p class='ocr_par' dir='ltr' id='par_1_5' title="bbox 119 847 1090 927">
     <span class='ocr_line' id='line_1_6' title="bbox 119 847 1090 927; baseline -0.004 -16"><span class='ocrx_word' id='word_1_39' title='bbox 119 852 230 923; x_wconf 84' lang='lat' dir='ltr'>rtibus,</span> <span class='ocrx_word' id='word_1_40' title='bbox 257 859 290 911; x_wconf 96' lang='lat' dir='ltr'>ut</span> <span class='ocrx_word' id='word_1_41' title='bbox 306 851 350 911; x_wconf 88' lang='lat' dir='ltr'>ita</span> <span class='ocrx_word' id='word_1_42' title='bbox 366 849 524 911; x_wconf 88' lang='lat' dir='ltr'>eccentrici</span> <span class='ocrx_word' id='word_1_43' title='bbox 539 848 708 927; x_wconf 86' lang='lat' dir='ltr'>quantitate</span> <span class='ocrx_word' id='word_1_44' title='bbox 724 856 863 909; x_wconf 90' lang='lat' dir='ltr'>manente</span> <span class='ocrx_word' id='word_1_45' title='bbox 883 847 960 908; x_wconf 92' lang='lat' dir='ltr'>situs</span> <span class='ocrx_word' id='word_1_46' title='bbox 976 848 1090 908; x_wconf 88' lang='lat' dir='ltr'>solnm-</span> 
     </span>
    </p>

    <p class='ocr_par' dir='ltr' id='par_1_6' title="bbox 122 936 1089 1016">
     <span class='ocr_line' id='line_1_7' title="bbox 122 936 1089 1016; baseline -0.005 -16"><span class='ocrx_word' id='word_1_47' title='bbox 122 940 165 1000; x_wconf 88' lang='lat' dir='ltr'>do</span> <span class='ocrx_word' id='word_1_48' title='bbox 191 941 337 1001; x_wconf 80' lang='lat' dir='ltr'>varietur.</span> <span class='ocrx_word' id='word_1_49' title='bbox 384 938 473 1011; x_wconf 81' lang='lat' dir='ltr'>Quod</span> <span class='ocrx_word' id='word_1_50' title='bbox 497 946 597 999; x_wconf 88' lang='lat' dir='ltr'>autem</span> <span class='ocrx_word' id='word_1_51' title='bbox 625 937 690 1016; x_wconf 88' lang='lat' dir='ltr'>jam</span> <span class='ocrx_word' id='word_1_52' title='bbox 719 936 919 1010; x_wconf 86' lang='lat' dir='ltr'>instituimus,</span> <span class='ocrx_word' id='word_1_53' title='bbox 951 936 994 996; x_wconf 89' lang='lat' dir='ltr'>sic</span> <span class='ocrx_word' id='word_1_54' title='bbox 1019 955 1089 1014; x_wconf 91' lang='lat' dir='ltr'>per-</span> 
     </span>
    </p>

    <p class='ocr_par' dir='ltr' id='par_1_7' title="bbox 119 1025 1089 1108">
     <span class='ocr_line' id='line_1_8' title="bbox 119 1025 1089 1108; baseline -0.004 -18"><span class='ocrx_word' id='word_1_55' title='bbox 119 1048 228 1090; x_wconf 82' lang='lat' dir='ltr'>emns.</span> <span class='ocrx_word' id='word_1_56' title='bbox 285 1027 433 1108; x_wconf 82' lang='lat' dir='ltr'>Suscepto</span> <span class='ocrx_word' id='word_1_57' title='bbox 472 1028 538 1088; x_wconf 93' lang='lat' dir='ltr'>loco</span> <span class='ocrx_word' id='word_1_58' title='bbox 575 1025 657 1086; x_wconf 90' lang='lat' dir='ltr'>visus</span> <span class='ocrx_word' id='word_1_59' title='bbox 695 1035 782 1086; x_wconf 79' lang='lat' dir='ltr'>extra</span> <span class='ocrx_word' id='word_1_60' title='bbox 814 1025 942 1104; x_wconf 83' lang='lat' dir='ltr'>priorem</span> <span class='ocrx_word' id='word_1_61' title='bbox 980 1026 1089 1086; x_wconf 93' lang='lat' dir='ltr'>lineam</span> 
     </span>
    </p>

    <p class='ocr_par' dir='ltr' id='par_1_8' title="bbox 119 1115 1089 1197">
     <span class='ocr_line' id='line_1_9' title="bbox 119 1115 1089 1197; baseline -0.004 -18"><span class='ocrx_word' id='word_1_62' title='bbox 119 1119 230 1187; x_wconf 73' lang='lat' dir='ltr'>ndum,</span> <span class='ocrx_word' id='word_1_63' title='bbox 257 1118 306 1197; x_wconf 91' lang='lat' dir='ltr'>qui</span> <span class='ocrx_word' id='word_1_64' title='bbox 329 1118 370 1178; x_wconf 91' lang='lat' dir='ltr'>sit</span> <span class='ocrx_word' id='word_1_65' title='bbox 383 1119 411 1194; x_wconf 87' lang='grc' dir='ltr'>β,</span> <span class='ocrx_word' id='word_1_66' title='bbox 437 1126 470 1178; x_wconf 89' lang='lat' dir='ltr'>ut</span> <span class='ocrx_word' id='word_1_67' title='bbox 484 1119 523 1195; x_wconf 73' lang='grc' dir='ltr'>βγ</span> <span class='ocrx_word' id='word_1_68' title='bbox 546 1115 586 1176; x_wconf 91' lang='lat' dir='ltr'>sit</span> <span class='ocrx_word' id='word_1_69' title='bbox 606 1115 759 1195; x_wconf 87' lang='lat' dir='ltr'>quantitas</span> <span class='ocrx_word' id='word_1_70' title='bbox 785 1116 846 1176; x_wconf 91' lang='lat' dir='ltr'>alia</span> <span class='ocrx_word' id='word_1_71' title='bbox 869 1117 969 1191; x_wconf 78' lang='lat' dir='ltr'>obuy,</span> <span class='ocrx_word' id='word_1_72' title='bbox 994 1133 1089 1175; x_wconf 92' lang='lat' dir='ltr'>novae</span> 
     </span>
    </p>

    <p class='ocr_par' dir='ltr' id='par_1_9' title="bbox 121 1204 1089 1285">
     <span class='ocr_line' id='line_1_10' title="bbox 121 1204 1089 1285; baseline -0.004 -17"><span class='ocrx_word' id='word_1_73' title='bbox 121 1208 199 1269; x_wconf 88' lang='lat' dir='ltr'>licet</span> <span class='ocrx_word' id='word_1_74' title='bbox 240 1206 479 1268; x_wconf 85' lang='lat' dir='ltr'>eccentricitatis</span> <span class='ocrx_word' id='word_1_75' title='bbox 507 1205 555 1266; x_wconf 86' lang='lat' dir='ltr'>vel</span> <span class='ocrx_word' id='word_1_76' title='bbox 586 1223 681 1266; x_wconf 89' lang='lat' dir='ltr'>novae</span> <span class='ocrx_word' id='word_1_77' title='bbox 711 1204 927 1265; x_wconf 86' lang='lat' dir='ltr'>semidiametri</span> <span class='ocrx_word' id='word_1_78' title='bbox 964 1204 1089 1285; x_wconf 90' lang='lat' dir='ltr'>epicycli</span> 
     </span>
    </p>

    <p class='ocr_par' dir='ltr' id='par_1_10' title="bbox 119 1293 1091 1376">
     <span class='ocr_line' id='line_1_11' title="bbox 119 1293 1091 1376; baseline -0.005 -18"><span class='ocrx_word' id='word_1_79' title='bbox 119 1297 221 1376; x_wconf 73' lang='lat' dir='ltr'>rionis,</span> <span class='ocrx_word' id='word_1_80' title='bbox 259 1315 382 1375; x_wconf 85' lang='lat' dir='ltr'>agemus</span> <span class='ocrx_word' id='word_1_81' title='bbox 405 1314 459 1374; x_wconf 90' lang='lat' dir='ltr'>per</span> <span class='ocrx_word' id='word_1_82' title='bbox 482 1297 520 1373; x_wconf 79' lang='grc' dir='ltr'>βγ</span> <span class='ocrx_word' id='word_1_83' title='bbox 542 1313 650 1355; x_wconf 88' lang='lat' dir='ltr'>novam</span> <span class='ocrx_word' id='word_1_84' title='bbox 684 1293 792 1354; x_wconf 89' lang='lat' dir='ltr'>lineam</span> <span class='ocrx_word' id='word_1_85' title='bbox 823 1294 959 1373; x_wconf 90' lang='lat' dir='ltr'>apsidum</span> <span class='ocrx_word' id='word_1_86' title='bbox 983 1294 1033 1369; x_wconf 73' lang='lat' dir='ltr'>tid,</span> <span class='ocrx_word' id='word_1_87' title='bbox 1059 1302 1091 1353; x_wconf 89' lang='lat' dir='ltr'>et</span> 
     </span>
    </p>

    <p class='ocr_par' dir='ltr' id='par_1_11' title="bbox 119 1381 1088 1465">
     <span class='ocr_line' id='line_1_12' title="bbox 119 1381 1088 1465; baseline -0.005 -18"><span class='ocrx_word' id='word_1_88' title='bbox 119 1392 137 1447; x_wconf 80' lang='lat' dir='ltr'>d</span> <span class='ocrx_word' id='word_1_89' title='bbox 159 1386 332 1448; x_wconf 80' lang='lat' dir='ltr'>scribemus</span> <span class='ocrx_word' id='word_1_90' title='bbox 353 1385 518 1465; x_wconf 88' lang='lat' dir='ltr'>epicyclum</span> <span class='ocrx_word' id='word_1_91' title='bbox 537 1383 628 1462; x_wconf 88' lang='lat' dir='ltr'>priori</span> <span class='ocrx_word' id='word_1_92' title='bbox 648 1386 814 1462; x_wconf 90' lang='lat' dir='ltr'>aequalem.</span> <span class='ocrx_word' id='word_1_93' title='bbox 854 1381 999 1453; x_wconf 79' lang='lat' dir='ltr'>Quamvis</span> <span class='ocrx_word' id='word_1_94' title='bbox 1018 1401 1088 1442; x_wconf 91' lang='lat' dir='ltr'>vero</span> 
     </span>
    </p>

    <p class='ocr_par' dir='ltr' id='par_1_12' title="bbox 119 1473 1089 1555">
     <span class='ocr_line' id='line_1_13' title="bbox 119 1473 1089 1555; baseline -0.004 -19"><span class='ocrx_word' id='word_1_95' title='bbox 119 1483 215 1537; x_wconf 85' lang='lat' dir='ltr'>rtrum</span> <span class='ocrx_word' id='word_1_96' title='bbox 243 1475 368 1555; x_wconf 90' lang='lat' dir='ltr'>epicycli</span> <span class='ocrx_word' id='word_1_97' title='bbox 391 1475 439 1535; x_wconf 92' lang='lat' dir='ltr'>hic</span> <span class='ocrx_word' id='word_1_98' title='bbox 462 1474 503 1534; x_wconf 90' lang='lat' dir='ltr'>sit</span> <span class='ocrx_word' id='word_1_99' title='bbox 521 1473 584 1533; x_wconf 78' lang='lat' dir='ltr'>ind</span> <span class='ocrx_word' id='word_1_100' title='bbox 606 1473 720 1552; x_wconf 88' lang='lat' dir='ltr'>apside,</span> <span class='ocrx_word' id='word_1_101' title='bbox 745 1480 921 1533; x_wconf 89' lang='lat' dir='ltr'>nontamen</span> <span class='ocrx_word' id='word_1_102' title='bbox 945 1490 1089 1550; x_wconf 90' lang='lat' dir='ltr'>ponemus</span> 
     </span>
    </p>

    <p class='ocr_par' dir='ltr' id='par_1_13' title="bbox 119 1561 1089 1643">
     <span class='ocr_line' id='line_1_14' title="bbox 119 1561 1089 1643; baseline -0.005 -17"><span class='ocrx_word' id='word_1_103' title='bbox 119 1585 138 1627; x_wconf 92' lang='lat' dir='ltr'>n</span> <span class='ocrx_word' id='word_1_104' title='bbox 167 1566 329 1643; x_wconf 86' lang='lat' dir='ltr'>planetam</span> <span class='ocrx_word' id='word_1_105' title='bbox 352 1564 381 1624; x_wconf 94' lang='lat' dir='ltr'>in</span> <span class='ocrx_word' id='word_1_106' title='bbox 413 1571 523 1642; x_wconf 94' lang='lat' dir='ltr'>puncto</span> <span class='ocrx_word' id='word_1_107' title='bbox 556 1561 612 1642; x_wconf 89' lang='lat' dir='ltr'>ipsi</span> <span class='ocrx_word' id='word_1_108' title='bbox 636 1584 650 1640; x_wconf 86' lang='lat' dir='ltr'>y</span> <span class='ocrx_word' id='word_1_109' title='bbox 678 1562 813 1641; x_wconf 84' lang='lat' dir='ltr'>proximo</span> <span class='ocrx_word' id='word_1_110' title='bbox 843 1570 877 1622; x_wconf 89' lang='lat' dir='ltr'>ut</span> <span class='ocrx_word' id='word_1_111' title='bbox 904 1562 1005 1640; x_wconf 89' lang='lat' dir='ltr'>prius,</span> <span class='ocrx_word' id='word_1_112' title='bbox 1035 1562 1089 1622; x_wconf 90' lang='lat' dir='ltr'>sed</span> 
     </span>
    </p>

    <p class='ocr_par' dir='ltr' id='par_1_14' title="bbox 119 1651 1088 1731">
     <span class='ocr_line' id='line_1_15' title="bbox 119 1651 1088 1731; baseline -0.006 -15"><span class='ocrx_word' id='word_1_113' title='bbox 119 1655 274 1716; x_wconf 85' lang='lat' dir='ltr'>nsiderato</span> <span class='ocrx_word' id='word_1_114' title='bbox 304 1653 410 1731; x_wconf 85' lang='lat' dir='ltr'>angulo</span> <span class='ocrx_word' id='word_1_115' title='bbox 440 1658 510 1730; x_wconf 71' lang='lat' dir='ltr'>ayt,</span> <span class='ocrx_word' id='word_1_116' title='bbox 544 1652 664 1730; x_wconf 91' lang='lat' dir='ltr'>duplum</span> <span class='ocrx_word' id='word_1_117' title='bbox 692 1651 719 1711; x_wconf 91' lang='lat' dir='ltr'>ei</span> <span class='ocrx_word' id='word_1_118' title='bbox 749 1659 917 1712; x_wconf 87' lang='lat' dir='ltr'>statuemus</span> <span class='ocrx_word' id='word_1_119' title='bbox 949 1652 1088 1728; x_wconf 87' lang='lat' dir='ltr'>angulum</span> 
     </span>
    </p>

    <p class='ocr_par' dir='ltr' id='par_1_15' title="bbox 119 1740 1145 1822">
     <span class='ocr_line' id='line_1_16' title="bbox 119 1740 1145 1822; baseline 0.001 -23"><span class='ocrx_word' id='word_1_120' title='bbox 119 1750 144 1822; x_wconf 78' lang='lat' dir='ltr'>ty</span> <span class='ocrx_word' id='word_1_121' title='bbox 166 1762 279 1805; x_wconf 83' lang='lat' dir='ltr'>versus</span> <span class='ocrx_word' id='word_1_122' title='bbox 303 1765 326 1816; x_wconf 86' lang='lat' dir='ltr'>a,</span> <span class='ocrx_word' id='word_1_123' title='bbox 351 1751 383 1803; x_wconf 89' lang='lat' dir='ltr'>et</span> <span class='ocrx_word' id='word_1_124' title='bbox 404 1743 557 1821; x_wconf 88' lang='lat' dir='ltr'>planetam</span> <span class='ocrx_word' id='word_1_125' title='bbox 581 1741 614 1801; x_wconf 48' lang='lat' dir='ltr'>in*</span> <span class='ocrx_word' id='word_1_126' title='bbox 634 1745 659 1800; x_wconf 79' lang='grc' dir='ltr'><em>θ</em></span> <span class='ocrx_word' id='word_1_127' title='bbox 682 1740 857 1812; x_wconf 84' lang='lat' dir='ltr'>locabimus,</span> <span class='ocrx_word' id='word_1_128' title='bbox 881 1741 997 1820; x_wconf 88' lang='lat' dir='ltr'>quando</span> <span class='ocrx_word' id='word_1_129' title='bbox 1022 1741 1087 1820; x_wconf 88' lang='lat' dir='ltr'>epi·</span> <span class='ocrx_word' id='word_1_130' title='bbox 1142 1805 1145 1811; x_wconf 51' lang='grc'><strong>,</strong></span> 
     </span>
    </p>

    <p class='ocr_par' dir='ltr' id='par_1_16' title="bbox 119 1829 1438 2253">
     <span class='ocr_line' id='line_1_17' title="bbox 119 1829 1434 1911; baseline 0.004 -17"><span class='ocrx_word' id='word_1_131' title='bbox 119 1834 182 1894; x_wconf 84' lang='lat' dir='ltr'>clus</span> <span class='ocrx_word' id='word_1_132' title='bbox 214 1832 315 1892; x_wconf 91' lang='lat' dir='ltr'>estin</span> <span class='ocrx_word' id='word_1_133' title='bbox 340 1837 357 1892; x_wconf 80' lang='lat' dir='ltr'>d</span> <span class='ocrx_word' id='word_1_134' title='bbox 386 1831 489 1910; x_wconf 87' lang='lat' dir='ltr'>apside</span> <span class='ocrx_word' id='word_1_135' title='bbox 499 1851 507 1905; x_wconf 93' lang='grc'><strong>;</strong></span> <span class='ocrx_word' id='word_1_136' title='bbox 539 1830 581 1891; x_wconf 90' lang='lat' dir='ltr'>sic</span> <span class='ocrx_word' id='word_1_137' title='bbox 612 1829 689 1890; x_wconf 92' lang='lat' dir='ltr'>enim</span> <span class='ocrx_word' id='word_1_138' title='bbox 722 1831 919 1892; x_wconf 87' lang='lat' dir='ltr'>collocaretur</span> <span class='ocrx_word' id='word_1_139' title='bbox 949 1832 1081 1911; x_wconf 87' lang='lat' dir='ltr'>planeta,</span> <span class='ocrx_word' id='word_1_140' title='bbox 1108 1833 1229 1895; x_wconf 88' lang='lat' dir='ltr'>etiamsi</span> <span class='ocrx_word' id='word_1_141' title='bbox 1252 1835 1335 1897; x_wconf 88' lang='lat' dir='ltr'>risus</span> <span class='ocrx_word' id='word_1_142' title='bbox 1360 1838 1388 1899; x_wconf 93' lang='lat' dir='ltr'>in</span> <span class='ocrx_word' id='word_1_143' title='bbox 1414 1863 1434 1899; x_wconf 89' lang='grc' dir='ltr'><strong>α</strong></span> 
     </span>
     <span class='ocr_line' id='line_1_18' title="bbox 131 1919 1438 2002; baseline 0.004 -19"><span class='ocrx_word' id='word_1_144' title='bbox 131 1923 290 2002; x_wconf 89' lang='lat' dir='ltr'>epicyclus</span> <span class='ocrx_word' id='word_1_145' title='bbox 313 1921 496 1981; x_wconf 70' lang='lat' dir='ltr'>incesset.</span> <span class='ocrx_word' id='word_1_146' title='bbox 536 1919 601 1980; x_wconf 90' lang='lat' dir='ltr'>Hoc</span> <span class='ocrx_word' id='word_1_147' title='bbox 624 1919 726 1998; x_wconf 91' lang='lat' dir='ltr'>itaque</span> <span class='ocrx_word' id='word_1_148' title='bbox 751 1928 841 1998; x_wconf 92' lang='lat' dir='ltr'>pacto</span> <span class='ocrx_word' id='word_1_149' title='bbox 861 1920 900 1981; x_wconf 92' lang='lat' dir='ltr'>ad</span> <span class='ocrx_word' id='word_1_150' title='bbox 919 1939 1046 1997; x_wconf 87' lang='lat' dir='ltr'>unguem</span> <span class='ocrx_word' id='word_1_151' title='bbox 1071 1924 1176 1984; x_wconf 85' lang='lat' dir='ltr'>eadem</span> <span class='ocrx_word' id='word_1_152' title='bbox 1199 1925 1313 1986; x_wconf 88' lang='lat' dir='ltr'>veritas</span> <span class='ocrx_word' id='word_1_153' title='bbox 1338 1937 1438 1988; x_wconf 93' lang='lat' dir='ltr'>manet</span> 
     </span>
     <span class='ocr_line' id='line_1_19' title="bbox 119 2008 1436 2092; baseline 0.003 -19"><span class='ocrx_word' id='word_1_154' title='bbox 119 2012 242 2091; x_wconf 92' lang='lat' dir='ltr'>mpositi</span> <span class='ocrx_word' id='word_1_155' title='bbox 266 2009 382 2072; x_wconf 88' lang='lat' dir='ltr'>itineris</span> <span class='ocrx_word' id='word_1_156' title='bbox 406 2008 581 2089; x_wconf 90' lang='lat' dir='ltr'>planetarii,</span> <span class='ocrx_word' id='word_1_157' title='bbox 613 2008 792 2086; x_wconf 89' lang='lat' dir='ltr'>apparentia</span> <span class='ocrx_word' id='word_1_158' title='bbox 819 2029 890 2070; x_wconf 91' lang='lat' dir='ltr'>vero</span> <span class='ocrx_word' id='word_1_159' title='bbox 918 2018 1071 2073; x_wconf 90' lang='lat' dir='ltr'>mutatur:</span> <span class='ocrx_word' id='word_1_160' title='bbox 1102 2013 1220 2092; x_wconf 92' lang='lat' dir='ltr'>qnando</span> <span class='ocrx_word' id='word_1_161' title='bbox 1245 2015 1323 2077; x_wconf 91' lang='lat' dir='ltr'>enim</span> <span class='ocrx_word' id='word_1_162' title='bbox 1347 2017 1436 2078; x_wconf 93' lang='lat' dir='ltr'>incli-</span> 
     </span>
     <span class='ocr_line' id='line_1_20' title="bbox 119 2097 1435 2176; baseline 0.005 -14"><span class='ocrx_word' id='word_1_163' title='bbox 119 2110 194 2167; x_wconf 85' lang='lat' dir='ltr'>ntur¹</span> <span class='ocrx_word' id='word_1_164' title='bbox 214 2100 313 2161; x_wconf 90' lang='lat' dir='ltr'>lineae</span> <span class='ocrx_word' id='word_1_165' title='bbox 337 2098 481 2173; x_wconf 84' lang='lat' dir='ltr'>risoriae,</span> <span class='ocrx_word' id='word_1_166' title='bbox 515 2105 556 2158; x_wconf 84' lang='lat' dir='ltr'>ut&#39;</span> <span class='ocrx_word' id='word_1_167' title='bbox 575 2097 624 2159; x_wconf 90' lang='lat' dir='ltr'>hic</span> <span class='ocrx_word' id='word_1_168' title='bbox 647 2098 704 2174; x_wconf 81' lang='grc' dir='ltr'>βθ,</span> <span class='ocrx_word' id='word_1_169' title='bbox 729 2102 779 2159; x_wconf 85' lang='grc' dir='ltr'>αθ</span> <span class='ocrx_word' id='word_1_170' title='bbox 803 2100 850 2160; x_wconf 87' lang='lat' dir='ltr'>rel</span> <span class='ocrx_word' id='word_1_171' title='bbox 873 2101 923 2176; x_wconf 78' lang='grc' dir='ltr'>βη,</span> <span class='ocrx_word' id='word_1_172' title='bbox 949 2121 1006 2176; x_wconf 81' lang='lat' dir='ltr'>ary,</span> <span class='ocrx_word' id='word_1_173' title='bbox 1037 2110 1108 2163; x_wconf 89' lang='lat' dir='ltr'>tuno</span> <span class='ocrx_word' id='word_1_174' title='bbox 1143 2103 1236 2164; x_wconf 89' lang='lat' dir='ltr'>etiam</span> <span class='ocrx_word' id='word_1_175' title='bbox 1259 2104 1289 2165; x_wconf 92' lang='lat' dir='ltr'>in</span> <span class='ocrx_word' id='word_1_176' title='bbox 1314 2105 1435 2168; x_wconf 89' lang='lat' dir='ltr'>diversa</span> 
     </span>
     <span class='ocr_line' id='line_1_21' title="bbox 119 2189 486 2253; baseline -0.011 0"><span class='ocrx_word' id='word_1_177' title='bbox 119 2208 150 2253; x_wconf 78' lang='lat' dir='ltr'>ra</span> <span class='ocrx_word' id='word_1_178' title='bbox 171 2189 228 2250; x_wconf 86' lang='lat' dir='ltr'>sub</span> <span class='ocrx_word' id='word_1_179' title='bbox 254 2189 320 2250; x_wconf 81' lang='lat' dir='ltr'>fixis</span> <span class='ocrx_word' id='word_1_180' title='bbox 343 2189 486 2250; x_wconf 86' lang='lat' dir='ltr'>incidunt.</span> 
     </span>
    </p>

    <p class='ocr_par' dir='ltr' id='par_1_17' title="bbox 119 2274 1437 2698">
     <span class='ocr_line' id='line_1_22' title="bbox 170 2274 1437 2358; baseline 0.004 -18"><span class='ocrx_word' id='word_1_181' title='bbox 170 2277 327 2358; x_wconf 87' lang='lat' dir='ltr'>Objicias‚</span> <span class='ocrx_word' id='word_1_182' title='bbox 355 2278 448 2340; x_wconf 90' lang='lat' dir='ltr'>etiam</span> <span class='ocrx_word' id='word_1_183' title='bbox 476 2296 542 2339; x_wconf 90' lang='lat' dir='ltr'>oum</span> <span class='ocrx_word' id='word_1_184' title='bbox 572 2274 701 2337; x_wconf 88' lang='lat' dir='ltr'>visoriae</span> <span class='ocrx_word' id='word_1_185' title='bbox 730 2276 826 2337; x_wconf 90' lang='lat' dir='ltr'>lineae</span> <span class='ocrx_word' id='word_1_186' title='bbox 856 2277 1022 2357; x_wconf 90' lang='lat' dir='ltr'>parallelae</span> <span class='ocrx_word' id='word_1_187' title='bbox 1053 2287 1136 2354; x_wconf 91' lang='lat' dir='ltr'>sunt,</span> <span class='ocrx_word' id='word_1_188' title='bbox 1168 2280 1198 2341; x_wconf 93' lang='lat' dir='ltr'>in</span> <span class='ocrx_word' id='word_1_189' title='bbox 1223 2281 1344 2344; x_wconf 90' lang='lat' dir='ltr'>diversa</span> <span class='ocrx_word' id='word_1_190' title='bbox 1368 2280 1437 2345; x_wconf 88' lang='lat' dir='ltr'>loca</span> 
     </span>
     <span class='ocr_line' id='line_1_23' title="bbox 119 2366 1436 2445; baseline 0.002 -15"><span class='ocrx_word' id='word_1_191' title='bbox 119 2368 226 2430; x_wconf 79' lang='lat' dir='ltr'>hlixis</span> <span class='ocrx_word' id='word_1_192' title='bbox 253 2368 399 2441; x_wconf 90' lang='lat' dir='ltr'>incidere;</span> <span class='ocrx_word' id='word_1_193' title='bbox 423 2385 480 2428; x_wconf 94' lang='lat' dir='ltr'>non</span> <span class='ocrx_word' id='word_1_194' title='bbox 504 2366 597 2445; x_wconf 90' lang='lat' dir='ltr'>igitur</span> <span class='ocrx_word' id='word_1_195' title='bbox 618 2383 693 2444; x_wconf 92' lang='lat' dir='ltr'>opus</span> <span class='ocrx_word' id='word_1_196' title='bbox 717 2384 784 2426; x_wconf 92' lang='lat' dir='ltr'>esse</span> <span class='ocrx_word' id='word_1_197' title='bbox 809 2367 936 2439; x_wconf 91' lang='lat' dir='ltr'>adhoc,</span> <span class='ocrx_word' id='word_1_198' title='bbox 962 2376 995 2428; x_wconf 89' lang='lat' dir='ltr'>ut</span> <span class='ocrx_word' id='word_1_199' title='bbox 1019 2369 1057 2430; x_wconf 93' lang='lat' dir='ltr'>ad</span> <span class='ocrx_word' id='word_1_200' title='bbox 1081 2389 1113 2430; x_wconf 90' lang='lat' dir='ltr'>se</span> <span class='ocrx_word' id='word_1_201' title='bbox 1130 2378 1232 2431; x_wconf 90' lang='lat' dir='ltr'>mutuo</span> <span class='ocrx_word' id='word_1_202' title='bbox 1248 2371 1436 2436; x_wconf 87' lang='lat' dir='ltr'>inclinentur.</span> 
     </span>
     <span class='ocr_line' id='line_1_24' title="bbox 119 2454 1437 2538; baseline 0.004 -20"><span class='ocrx_word' id='word_1_203' title='bbox 119 2458 285 2538; x_wconf 73' lang='lat' dir='ltr'>lespondeo:</span> <span class='ocrx_word' id='word_1_204' title='bbox 318 2476 418 2517; x_wconf 85' lang='lat' dir='ltr'>rerum</span> <span class='ocrx_word' id='word_1_205' title='bbox 448 2455 567 2535; x_wconf 91' lang='lat' dir='ltr'>quidem</span> <span class='ocrx_word' id='word_1_206' title='bbox 591 2454 647 2516; x_wconf 93' lang='lat' dir='ltr'>hoc</span> <span class='ocrx_word' id='word_1_207' title='bbox 671 2461 733 2528; x_wconf 93' lang='lat' dir='ltr'>est;</span> <span class='ocrx_word' id='word_1_208' title='bbox 758 2456 811 2515; x_wconf 89' lang='lat' dir='ltr'>sed</span> <span class='ocrx_word' id='word_1_209' title='bbox 836 2463 906 2517; x_wconf 89' lang='lat' dir='ltr'>tnnc</span> <span class='ocrx_word' id='word_1_210' title='bbox 932 2457 1129 2536; x_wconf 85' lang='lat' dir='ltr'>interceptum</span> <span class='ocrx_word' id='word_1_211' title='bbox 1157 2459 1287 2538; x_wconf 91' lang='lat' dir='ltr'>spatium</span> <span class='ocrx_word' id='word_1_212' title='bbox 1313 2461 1437 2524; x_wconf 77' lang='lat' dir='ltr'>lixarum</span> 
     </span>
     <span class='ocr_line' id='line_1_25' title="bbox 119 2544 1437 2630; baseline 0.003 -23"><span class='ocrx_word' id='word_1_213' title='bbox 119 2553 348 2626; x_wconf 71' lang='lat' dir='ltr'>neutramque</span> <span class='ocrx_word' id='word_1_214' title='bbox 378 2546 487 2607; x_wconf 89' lang='lat' dir='ltr'>lineam</span> <span class='ocrx_word' id='word_1_215' title='bbox 510 2563 603 2624; x_wconf 90' lang='lat' dir='ltr'>penes</span> <span class='ocrx_word' id='word_1_216' title='bbox 625 2544 723 2604; x_wconf 91' lang='lat' dir='ltr'>visum</span> <span class='ocrx_word' id='word_1_217' title='bbox 747 2564 805 2607; x_wconf 88' lang='lat' dir='ltr'>non</span> <span class='ocrx_word' id='word_1_218' title='bbox 830 2553 878 2605; x_wconf 90' lang='lat' dir='ltr'>est</span> <span class='ocrx_word' id='word_1_219' title='bbox 900 2546 1056 2621; x_wconf 88' lang='lat' dir='ltr'>sensibile,</span> <span class='ocrx_word' id='word_1_220' title='bbox 1082 2548 1139 2609; x_wconf 91' lang='lat' dir='ltr'>nisi</span> <span class='ocrx_word' id='word_1_221' title='bbox 1163 2549 1310 2610; x_wconf 83' lang='lat' dir='ltr'>distantia</span> <span class='ocrx_word' id='word_1_222' title='bbox 1332 2551 1437 2630; x_wconf 89' lang='lat' dir='ltr'>paral·</span> 
     </span>
     <span class='ocr_line' id='line_1_26' title="bbox 119 2634 948 2698; baseline -0.002 -1"><span class='ocrx_word' id='word_1_223' title='bbox 119 2634 207 2697; x_wconf 73' lang='lat' dir='ltr'>elsim</span> <span class='ocrx_word' id='word_1_224' title='bbox 231 2637 276 2698; x_wconf 86' lang='lat' dir='ltr'>sit</span> <span class='ocrx_word' id='word_1_225' title='bbox 300 2635 338 2695; x_wconf 90' lang='lat' dir='ltr'>ad</span> <span class='ocrx_word' id='word_1_226' title='bbox 362 2635 617 2697; x_wconf 89' lang='lat' dir='ltr'>semidiametrum</span> <span class='ocrx_word' id='word_1_227' title='bbox 640 2635 764 2695; x_wconf 83' lang='lat' dir='ltr'>fixarum</span> <span class='ocrx_word' id='word_1_228' title='bbox 787 2634 948 2696; x_wconf 89' lang='lat' dir='ltr'>sensibilis.</span> 
     </span>
    </p>

    <p class='ocr_par' dir='ltr' id='par_1_18' title="bbox 119 2723 1486 4417">
     <span class='ocr_line' id='line_1_27' title="bbox 178 2723 1436 2811; baseline 0.002 -25"><span class='ocrx_word' id='word_1_229' title='bbox 178 2724 203 2786; x_wconf 89' lang='lat' dir='ltr'>ln</span> <span class='ocrx_word' id='word_1_230' title='bbox 227 2724 471 2787; x_wconf 88' lang='lat' dir='ltr'>consideratione</span> <span class='ocrx_word' id='word_1_231' title='bbox 494 2723 628 2804; x_wconf 88' lang='lat' dir='ltr'>physica,</span> <span class='ocrx_word' id='word_1_232' title='bbox 652 2732 773 2802; x_wconf 90' lang='lat' dir='ltr'>praeter</span> <span class='ocrx_word' id='word_1_233' title='bbox 797 2742 841 2796; x_wconf 91' lang='lat' dir='ltr'>ea,</span> <span class='ocrx_word' id='word_1_234' title='bbox 867 2743 943 2804; x_wconf 90' lang='lat' dir='ltr'>quae</span> <span class='ocrx_word' id='word_1_235' title='bbox 968 2744 1034 2804; x_wconf 89' lang='lat' dir='ltr'>cap.</span> <span class='ocrx_word' id='word_1_236' title='bbox 1050 2726 1107 2786; x_wconf 93' lang='lat' dir='ltr'>Ill.</span> <span class='ocrx_word' id='word_1_237' title='bbox 1131 2724 1221 2800; x_wconf 89' lang='lat' dir='ltr'>dicta,</span> <span class='ocrx_word' id='word_1_238' title='bbox 1246 2725 1302 2787; x_wconf 92' lang='lat' dir='ltr'>hoc</span> <span class='ocrx_word' id='word_1_239' title='bbox 1317 2745 1436 2811; x_wconf 90' lang='lat' dir='ltr'>quoque</span> 
     </span>
     <span class='ocr_line' id='line_1_28' title="bbox 119 2810 1434 2896; baseline 0.005 -23"><span class='ocrx_word' id='word_1_240' title='bbox 119 2811 367 2896; x_wconf 87' lang='lat' dir='ltr'>rdiurpetrandam</span> <span class='ocrx_word' id='word_1_241' title='bbox 390 2815 466 2876; x_wconf 88' lang='lat' dir='ltr'>hanc</span> <span class='ocrx_word' id='word_1_242' title='bbox 489 2811 604 2874; x_wconf 91' lang='lat' dir='ltr'>itineris</span> <span class='ocrx_word' id='word_1_243' title='bbox 628 2811 820 2874; x_wconf 89' lang='lat' dir='ltr'>identitatem</span> <span class='ocrx_word' id='word_1_244' title='bbox 844 2813 873 2874; x_wconf 93' lang='lat' dir='ltr'>in</span> <span class='ocrx_word' id='word_1_245' title='bbox 888 2813 1007 2876; x_wconf 86' lang='lat' dir='ltr'>variata</span> <span class='ocrx_word' id='word_1_246' title='bbox 1025 2815 1203 2895; x_wconf 86' lang='lat' dir='ltr'>apparentia</span> <span class='ocrx_word' id='word_1_247' title='bbox 1217 2815 1273 2876; x_wconf 91' lang='lat' dir='ltr'>erit</span> <span class='ocrx_word' id='word_1_248' title='bbox 1293 2810 1434 2879; x_wconf 68' lang='lat' dir='ltr'>statuen-</span> 
     </span>
     <span class='ocr_line' id='line_1_29' title="bbox 119 2901 1436 2984; baseline 0.004 -20"><span class='ocrx_word' id='word_1_249' title='bbox 119 2901 171 2978; x_wconf 78' lang='lat' dir='ltr'>tn,</span> <span class='ocrx_word' id='word_1_250' title='bbox 196 2912 344 2978; x_wconf 86' lang='lat' dir='ltr'>mentem,</span> <span class='ocrx_word' id='word_1_251' title='bbox 378 2903 425 2965; x_wconf 89' lang='lat' dir='ltr'>oui</span> <span class='ocrx_word' id='word_1_252' title='bbox 448 2903 544 2965; x_wconf 92' lang='lat' dir='ltr'>minor</span> <span class='ocrx_word' id='word_1_253' title='bbox 567 2901 717 2982; x_wconf 87' lang='lat' dir='ltr'>epicyclus</span> <span class='ocrx_word' id='word_1_254' title='bbox 742 2910 790 2963; x_wconf 90' lang='lat' dir='ltr'>est</span> <span class='ocrx_word' id='word_1_255' title='bbox 812 2904 1005 2978; x_wconf 90' lang='lat' dir='ltr'>commissus,</span> <span class='ocrx_word' id='word_1_256' title='bbox 1035 2905 1073 2965; x_wconf 91' lang='lat' dir='ltr'>ad</span> <span class='ocrx_word' id='word_1_257' title='bbox 1098 2903 1179 2965; x_wconf 89' lang='lat' dir='ltr'>aliud</span> <span class='ocrx_word' id='word_1_258' title='bbox 1202 2904 1436 2984; x_wconf 71' lang='lat' dir='ltr'>punctumm&#39;-</span> 
     </span>
     <span class='ocr_line' id='line_1_30' title="bbox 119 2990 1438 3076; baseline 0.003 -24"><span class='ocrx_word' id='word_1_259' title='bbox 119 2990 167 3052; x_wconf 85' lang='lat' dir='ltr'>itas</span> <span class='ocrx_word' id='word_1_260' title='bbox 188 2994 352 3072; x_wconf 86' lang='lat' dir='ltr'>respicere,</span> <span class='ocrx_word' id='word_1_261' title='bbox 383 3012 472 3073; x_wconf 91' lang='lat' dir='ltr'>quam</span> <span class='ocrx_word' id='word_1_262' title='bbox 500 2999 632 3052; x_wconf 91' lang='lat' dir='ltr'>mentem</span> <span class='ocrx_word' id='word_1_263' title='bbox 660 2991 780 3070; x_wconf 89' lang='lat' dir='ltr'>majoris</span> <span class='ocrx_word' id='word_1_264' title='bbox 809 2992 949 3074; x_wconf 90' lang='lat' dir='ltr'>epicycli:</span> <span class='ocrx_word' id='word_1_265' title='bbox 979 2993 1149 3055; x_wconf 91' lang='lat' dir='ltr'>restituitur</span> <span class='ocrx_word' id='word_1_266' title='bbox 1177 2995 1256 3055; x_wconf 89' lang='lat' dir='ltr'>enim</span> <span class='ocrx_word' id='word_1_267' title='bbox 1286 2994 1438 3076; x_wconf 86' lang='lat' dir='ltr'>epicyclus</span> 
     </span>
     <span class='ocr_line' id='line_1_31' title="bbox 119 3079 1437 3161; baseline 0.004 -20"><span class='ocrx_word' id='word_1_268' title='bbox 119 3083 181 3161; x_wconf 79' lang='lat' dir='ltr'>rajor</span> <span class='ocrx_word' id='word_1_269' title='bbox 206 3084 256 3143; x_wconf 86' lang='lat' dir='ltr'>rel</span> <span class='ocrx_word' id='word_1_270' title='bbox 286 3083 494 3145; x_wconf 89' lang='lat' dir='ltr'>eccentricitas</span> <span class='ocrx_word' id='word_1_271' title='bbox 523 3082 553 3142; x_wconf 91' lang='lat' dir='ltr'>in</span> <span class='ocrx_word' id='word_1_272' title='bbox 578 3081 710 3141; x_wconf 91' lang='lat' dir='ltr'>secunda</span> <span class='ocrx_word' id='word_1_273' title='bbox 732 3079 881 3161; x_wconf 92' lang='lat' dir='ltr'>positione</span> <span class='ocrx_word' id='word_1_274' title='bbox 906 3084 944 3145; x_wconf 90' lang='lat' dir='ltr'>ad</span> <span class='ocrx_word' id='word_1_275' title='bbox 968 3083 1078 3144; x_wconf 91' lang='lat' dir='ltr'>lineam</span> <span class='ocrx_word' id='word_1_276' title='bbox 1100 3085 1159 3160; x_wconf 76' lang='grc' dir='ltr'>βό,</span> <span class='ocrx_word' id='word_1_277' title='bbox 1183 3083 1279 3144; x_wconf 90' lang='lat' dir='ltr'>minor</span> <span class='ocrx_word' id='word_1_278' title='bbox 1302 3103 1373 3145; x_wconf 90' lang='lat' dir='ltr'>vero</span> <span class='ocrx_word' id='word_1_279' title='bbox 1398 3085 1437 3146; x_wconf 88' lang='lat' dir='ltr'>ad</span> 
     </span>
     <span class='ocr_line' id='line_1_32' title="bbox 119 3172 1438 3252; baseline 0.004 -22"><span class='ocrx_word' id='word_1_280' title='bbox 119 3189 194 3233; x_wconf 80' lang='lat' dir='ltr'>neam</span> <span class='ocrx_word' id='word_1_281' title='bbox 216 3195 277 3245; x_wconf 84' lang='lat' dir='ltr'>ae,</span> <span class='ocrx_word' id='word_1_282' title='bbox 307 3191 365 3233; x_wconf 92' lang='lat' dir='ltr'>non</span> <span class='ocrx_word' id='word_1_283' title='bbox 388 3190 442 3252; x_wconf 89' lang='lat' dir='ltr'>per</span> <span class='ocrx_word' id='word_1_284' title='bbox 465 3173 562 3232; x_wconf 92' lang='lat' dir='ltr'>visum</span> <span class='ocrx_word' id='word_1_285' title='bbox 586 3177 802 3245; x_wconf 89' lang='lat' dir='ltr'>transeuntem,</span> <span class='ocrx_word' id='word_1_286' title='bbox 827 3172 897 3250; x_wconf 89' lang='lat' dir='ltr'>quia</span> <span class='ocrx_word' id='word_1_287' title='bbox 920 3172 1002 3234; x_wconf 86' lang='lat' dir='ltr'>visus</span> <span class='ocrx_word' id='word_1_288' title='bbox 1026 3173 1055 3233; x_wconf 94' lang='lat' dir='ltr'>in</span> <span class='ocrx_word' id='word_1_289' title='bbox 1079 3173 1211 3234; x_wconf 88' lang='lat' dir='ltr'>secunda</span> <span class='ocrx_word' id='word_1_290' title='bbox 1233 3172 1384 3252; x_wconf 89' lang='lat' dir='ltr'>positione</span> <span class='ocrx_word' id='word_1_291' title='bbox 1407 3174 1438 3235; x_wconf 92' lang='lat' dir='ltr'>in</span> 
     </span>
     <span class='ocr_line' id='line_1_33' title="bbox 131 3259 1434 3344; baseline 0.001 -23"><span class='ocrx_word' id='word_1_292' title='bbox 131 3261 262 3341; x_wconf 87' lang='lat' dir='ltr'>ponitur,</span> <span class='ocrx_word' id='word_1_293' title='bbox 296 3281 362 3322; x_wconf 90' lang='lat' dir='ltr'>cum</span> <span class='ocrx_word' id='word_1_294' title='bbox 387 3262 416 3323; x_wconf 92' lang='lat' dir='ltr'>in</span> <span class='ocrx_word' id='word_1_295' title='bbox 439 3262 536 3342; x_wconf 90' lang='lat' dir='ltr'>prima</span> <span class='ocrx_word' id='word_1_296' title='bbox 558 3259 707 3338; x_wconf 90' lang='lat' dir='ltr'>positione</span> <span class='ocrx_word' id='word_1_297' title='bbox 731 3260 813 3331; x_wconf 90' lang='lat' dir='ltr'>(visu</span> <span class='ocrx_word' id='word_1_298' title='bbox 832 3261 860 3321; x_wconf 95' lang='lat' dir='ltr'>in</span> <span class='ocrx_word' id='word_1_299' title='bbox 886 3286 905 3323; x_wconf 87' lang='lat' dir='ltr'>a</span> <span class='ocrx_word' id='word_1_300' title='bbox 929 3262 1110 3332; x_wconf 91' lang='lat' dir='ltr'>constituto)</span> <span class='ocrx_word' id='word_1_301' title='bbox 1135 3270 1259 3341; x_wconf 89' lang='lat' dir='ltr'>uterque</span> <span class='ocrx_word' id='word_1_302' title='bbox 1284 3263 1434 3344; x_wconf 86' lang='lat' dir='ltr'>epicyclns</span> 
     </span>
     <span class='ocr_line' id='line_1_34' title="bbox 119 3348 1437 3434; baseline 0.002 -24"><span class='ocrx_word' id='word_1_303' title='bbox 119 3348 274 3411; x_wconf 88' lang='lat' dir='ltr'>leandem</span> <span class='ocrx_word' id='word_1_304' title='bbox 299 3374 340 3412; x_wconf 82' lang='lat' dir='ltr'>aa</span> <span class='ocrx_word' id='word_1_305' title='bbox 364 3351 581 3412; x_wconf 88' lang='lat' dir='ltr'>restitueretur.</span> <span class='ocrx_word' id='word_1_306' title='bbox 620 3348 689 3409; x_wconf 93' lang='lat' dir='ltr'>Non</span> <span class='ocrx_word' id='word_1_307' title='bbox 713 3348 814 3427; x_wconf 89' lang='lat' dir='ltr'>itaque</span> <span class='ocrx_word' id='word_1_308' title='bbox 839 3350 1015 3430; x_wconf 89' lang='lat' dir='ltr'>simpliciter</span> <span class='ocrx_word' id='word_1_309' title='bbox 1039 3351 1145 3412; x_wconf 92' lang='lat' dir='ltr'>eadem</span> <span class='ocrx_word' id='word_1_310' title='bbox 1169 3353 1266 3412; x_wconf 82' lang='lat' dir='ltr'>forma</span> <span class='ocrx_word' id='word_1_311' title='bbox 1289 3352 1437 3434; x_wconf 88' lang='lat' dir='ltr'>hypothe-</span> 
     </span>
     <span class='ocr_line' id='line_1_35' title="bbox 119 3436 1437 3521; baseline 0.002 -22"><span class='ocrx_word' id='word_1_312' title='bbox 119 3456 157 3499; x_wconf 79' lang='lat' dir='ltr'>eos</span> <span class='ocrx_word' id='word_1_313' title='bbox 186 3439 311 3521; x_wconf 81' lang='lat' dir='ltr'>physice</span> <span class='ocrx_word' id='word_1_314' title='bbox 342 3449 458 3514; x_wconf 88' lang='lat' dir='ltr'>manet,</span> <span class='ocrx_word' id='word_1_315' title='bbox 488 3449 521 3500; x_wconf 90' lang='lat' dir='ltr'>ut</span> <span class='ocrx_word' id='word_1_316' title='bbox 548 3438 627 3499; x_wconf 92' lang='lat' dir='ltr'>idem</span> <span class='ocrx_word' id='word_1_317' title='bbox 659 3436 716 3498; x_wconf 92' lang='lat' dir='ltr'>iter</span> <span class='ocrx_word' id='word_1_318' title='bbox 748 3438 890 3516; x_wconf 90' lang='lat' dir='ltr'>planetae</span> <span class='ocrx_word' id='word_1_319' title='bbox 923 3440 1103 3521; x_wconf 87' lang='lat' dir='ltr'>obtineatur.</span> <span class='ocrx_word' id='word_1_320' title='bbox 1150 3438 1266 3510; x_wconf 83' lang='lat' dir='ltr'>Quodsi</span> <span class='ocrx_word' id='word_1_321' title='bbox 1295 3441 1384 3501; x_wconf 88' lang='lat' dir='ltr'>etiam</span> <span class='ocrx_word' id='word_1_322' title='bbox 1409 3441 1437 3501; x_wconf 93' lang='lat' dir='ltr'>in</span> 
     </span>
     <span class='ocr_line' id='line_1_36' title="bbox 119 3527 1439 3610; baseline 0.002 -23"><span class='ocrx_word' id='word_1_323' title='bbox 119 3530 217 3590; x_wconf 75' lang='lat' dir='ltr'>rcnnda</span> <span class='ocrx_word' id='word_1_324' title='bbox 240 3528 390 3607; x_wconf 88' lang='lat' dir='ltr'>positione</span> <span class='ocrx_word' id='word_1_325' title='bbox 414 3530 492 3591; x_wconf 84' lang='lat' dir='ltr'>idern</span> <span class='ocrx_word' id='word_1_326' title='bbox 517 3528 652 3589; x_wconf 89' lang='lat' dir='ltr'>imitatus</span> <span class='ocrx_word' id='word_1_327' title='bbox 677 3527 769 3587; x_wconf 88' lang='lat' dir='ltr'>fueris</span> <span class='ocrx_word' id='word_1_328' title='bbox 801 3529 987 3591; x_wconf 89' lang='lat' dir='ltr'>restituendo</span> <span class='ocrx_word' id='word_1_329' title='bbox 1020 3537 1177 3609; x_wconf 88' lang='lat' dir='ltr'>utrumque</span> <span class='ocrx_word' id='word_1_330' title='bbox 1211 3529 1375 3610; x_wconf 90' lang='lat' dir='ltr'>epicyclum</span> <span class='ocrx_word' id='word_1_331' title='bbox 1400 3530 1439 3591; x_wconf 91' lang='lat' dir='ltr'>ad</span> 
     </span>
     <span class='ocr_line' id='line_1_37' title="bbox 119 3618 1438 3699; baseline 0.002 -21"><span class='ocrx_word' id='word_1_332' title='bbox 119 3618 210 3678; x_wconf 80' lang='lat' dir='ltr'>tndem</span> <span class='ocrx_word' id='word_1_333' title='bbox 234 3618 344 3679; x_wconf 91' lang='lat' dir='ltr'>lineam</span> <span class='ocrx_word' id='word_1_334' title='bbox 370 3619 507 3699; x_wconf 90' lang='lat' dir='ltr'>apsidum</span> <span class='ocrx_word' id='word_1_335' title='bbox 521 3619 572 3695; x_wconf 81' lang='grc' dir='ltr'>βδ,</span> <span class='ocrx_word' id='word_1_336' title='bbox 597 3635 668 3695; x_wconf 91' lang='lat' dir='ltr'>ergo</span> <span class='ocrx_word' id='word_1_337' title='bbox 687 3625 826 3678; x_wconf 91' lang='lat' dir='ltr'>manente</span> <span class='ocrx_word' id='word_1_338' title='bbox 846 3618 949 3680; x_wconf 91' lang='lat' dir='ltr'>eodem</span> <span class='ocrx_word' id='word_1_339' title='bbox 974 3618 1141 3679; x_wconf 90' lang='lat' dir='ltr'>eccentrico</span> <span class='ocrx_word' id='word_1_340' title='bbox 1160 3618 1308 3698; x_wconf 91' lang='lat' dir='ltr'>utrinque,</span> <span class='ocrx_word' id='word_1_341' title='bbox 1333 3619 1438 3680; x_wconf 91' lang='lat' dir='ltr'>eodem</span> 
     </span>
     <span class='ocr_line' id='line_1_38' title="bbox 119 3705 1436 3789; baseline 0.002 -22"><span class='ocrx_word' id='word_1_342' title='bbox 119 3705 177 3767; x_wconf 77' lang='lat' dir='ltr'>iarn</span> <span class='ocrx_word' id='word_1_343' title='bbox 207 3707 368 3789; x_wconf 88' lang='lat' dir='ltr'>epicyclio,</span> <span class='ocrx_word' id='word_1_344' title='bbox 403 3708 478 3770; x_wconf 89' lang='lat' dir='ltr'>sitos</span> <span class='ocrx_word' id='word_1_345' title='bbox 509 3707 649 3786; x_wconf 88' lang='lat' dir='ltr'>planetae</span> <span class='ocrx_word' id='word_1_346' title='bbox 674 3705 702 3766; x_wconf 92' lang='lat' dir='ltr'>in</span> <span class='ocrx_word' id='word_1_347' title='bbox 727 3705 871 3788; x_wconf 88' lang='lat' dir='ltr'>epicyclio</span> <span class='ocrx_word' id='word_1_348' title='bbox 902 3707 960 3770; x_wconf 92' lang='lat' dir='ltr'>erit</span> <span class='ocrx_word' id='word_1_349' title='bbox 992 3707 1069 3769; x_wconf 91' lang='lat' dir='ltr'>alius</span> <span class='ocrx_word' id='word_1_350' title='bbox 1101 3715 1190 3787; x_wconf 90' lang='lat' dir='ltr'>atque</span> <span class='ocrx_word' id='word_1_351' title='bbox 1220 3708 1297 3768; x_wconf 91' lang='lat' dir='ltr'>alins</span> <span class='ocrx_word' id='word_1_352' title='bbox 1322 3727 1379 3769; x_wconf 93' lang='lat' dir='ltr'>uno</span> <span class='ocrx_word' id='word_1_353' title='bbox 1404 3716 1436 3769; x_wconf 95' lang='lat' dir='ltr'>et</span> 
     </span>
     <span class='ocr_line' id='line_1_39' title="bbox 119 3796 1437 3878; baseline 0.002 -22"><span class='ocrx_word' id='word_1_354' title='bbox 119 3796 190 3857; x_wconf 82' lang='lat' dir='ltr'>rdem</span> <span class='ocrx_word' id='word_1_355' title='bbox 214 3805 382 3870; x_wconf 89' lang='lat' dir='ltr'>momento;</span> <span class='ocrx_word' id='word_1_356' title='bbox 406 3797 507 3878; x_wconf 89' lang='lat' dir='ltr'>itaque</span> <span class='ocrx_word' id='word_1_357' title='bbox 532 3813 676 3874; x_wconf 82' lang='lat' dir='ltr'>expressa</span> <span class='ocrx_word' id='word_1_358' title='bbox 700 3796 805 3856; x_wconf 92' lang='lat' dir='ltr'>eadem</span> <span class='ocrx_word' id='word_1_359' title='bbox 825 3798 920 3860; x_wconf 90' lang='lat' dir='ltr'>forma</span> <span class='ocrx_word' id='word_1_360' title='bbox 943 3797 1146 3878; x_wconf 88' lang='lat' dir='ltr'>hypotheseos</span> <span class='ocrx_word' id='word_1_361' title='bbox 1167 3796 1372 3858; x_wconf 90' lang='lat' dir='ltr'>Ptolemaicae</span> <span class='ocrx_word' id='word_1_362' title='bbox 1398 3798 1437 3858; x_wconf 92' lang='lat' dir='ltr'>ad</span> 
     </span>
     <span class='ocr_line' id='line_1_40' title="bbox 119 3884 1436 3966; baseline 0 -19"><span class='ocrx_word' id='word_1_363' title='bbox 119 3903 212 3964; x_wconf 81' lang='lat' dir='ltr'>nguem</span> <span class='ocrx_word' id='word_1_364' title='bbox 236 3887 267 3948; x_wconf 94' lang='lat' dir='ltr'>in</span> <span class='ocrx_word' id='word_1_365' title='bbox 292 3888 424 3948; x_wconf 90' lang='lat' dir='ltr'>secunda</span> <span class='ocrx_word' id='word_1_366' title='bbox 456 3886 620 3966; x_wconf 87' lang='lat' dir='ltr'>positione,</span> <span class='ocrx_word' id='word_1_367' title='bbox 653 3884 712 3945; x_wconf 89' lang='lat' dir='ltr'>iter</span> <span class='ocrx_word' id='word_1_368' title='bbox 740 3885 836 3964; x_wconf 89' lang='lat' dir='ltr'>ipsum</span> <span class='ocrx_word' id='word_1_369' title='bbox 864 3889 1006 3966; x_wconf 89' lang='lat' dir='ltr'>planetae</span> <span class='ocrx_word' id='word_1_370' title='bbox 1040 3885 1215 3948; x_wconf 87' lang='lat' dir='ltr'>variabitur.</span> <span class='ocrx_word' id='word_1_371' title='bbox 1262 3886 1340 3946; x_wconf 88' lang='lat' dir='ltr'>Hinc</span> <span class='ocrx_word' id='word_1_372' title='bbox 1365 3906 1436 3965; x_wconf 90' lang='lat' dir='ltr'>ergo</span> 
     </span>
     <span class='ocr_line' id='line_1_41' title="bbox 119 3973 1438 4057; baseline 0.001 -22"><span class='ocrx_word' id='word_1_373' title='bbox 119 3973 231 4037; x_wconf 80' lang='lat' dir='ltr'>deretur</span> <span class='ocrx_word' id='word_1_374' title='bbox 254 3975 342 4048; x_wconf 88' lang='lat' dir='ltr'>infra,</span> <span class='ocrx_word' id='word_1_375' title='bbox 368 3977 485 4057; x_wconf 90' lang='lat' dir='ltr'>qnando</span> <span class='ocrx_word' id='word_1_376' title='bbox 510 3973 628 4056; x_wconf 91' lang='lat' dir='ltr'>quidem</span> <span class='ocrx_word' id='word_1_377' title='bbox 658 3973 755 4053; x_wconf 89' lang='lat' dir='ltr'>prima</span> <span class='ocrx_word' id='word_1_378' title='bbox 786 3976 975 4053; x_wconf 85' lang='lat' dir='ltr'>planetarum</span> <span class='ocrx_word' id='word_1_379' title='bbox 1003 3976 1204 4056; x_wconf 88' lang='lat' dir='ltr'>inaequalitas</span> <span class='ocrx_word' id='word_1_380' title='bbox 1229 3976 1348 4036; x_wconf 91' lang='lat' dir='ltr'>omuino</span> <span class='ocrx_word' id='word_1_381' title='bbox 1373 3976 1438 4036; x_wconf 92' lang='lat' dir='ltr'>sal-</span> 
     </span>
     <span class='ocr_line' id='line_1_42' title="bbox 119 4063 1439 4147; baseline 0 -22"><span class='ocrx_word' id='word_1_382' title='bbox 119 4065 185 4126; x_wconf 84' lang='lat' dir='ltr'>rnda</span> <span class='ocrx_word' id='word_1_383' title='bbox 208 4065 251 4126; x_wconf 92' lang='lat' dir='ltr'>sit</span> <span class='ocrx_word' id='word_1_384' title='bbox 273 4084 328 4145; x_wconf 89' lang='lat' dir='ltr'>per</span> <span class='ocrx_word' id='word_1_385' title='bbox 359 4066 556 4147; x_wconf 90' lang='lat' dir='ltr'>compositam</span> <span class='ocrx_word' id='word_1_386' title='bbox 584 4063 765 4144; x_wconf 84' lang='lat' dir='ltr'>hypothesin</span> <span class='ocrx_word' id='word_1_387' title='bbox 789 4084 855 4147; x_wconf 88' lang='lat' dir='ltr'>cap.</span> <span class='ocrx_word' id='word_1_388' title='bbox 881 4067 936 4140; x_wconf 90' lang='lat' dir='ltr'>IV,</span> <span class='ocrx_word' id='word_1_389' title='bbox 967 4065 1059 4145; x_wconf 88' lang='lat' dir='ltr'>igitur</span> <span class='ocrx_word' id='word_1_390' title='bbox 1087 4084 1145 4125; x_wconf 93' lang='lat' dir='ltr'>non</span> <span class='ocrx_word' id='word_1_391' title='bbox 1176 4083 1265 4143; x_wconf 91' lang='lat' dir='ltr'>posse</span> <span class='ocrx_word' id='word_1_392' title='bbox 1290 4064 1371 4139; x_wconf 87' lang='lat' dir='ltr'>lieri,</span> <span class='ocrx_word' id='word_1_393' title='bbox 1405 4073 1439 4125; x_wconf 90' lang='lat' dir='ltr'>nt</span> 
     </span>
     <span class='ocr_line' id='line_1_43' title="bbox 119 4152 1438 4237; baseline -0.002 -20"><span class='ocrx_word' id='word_1_394' title='bbox 119 4153 183 4217; x_wconf 84' lang='lat' dir='ltr'>n&#39;ma</span> <span class='ocrx_word' id='word_1_395' title='bbox 203 4154 409 4235; x_wconf 84' lang='lat' dir='ltr'>inaequalitas</span> <span class='ocrx_word' id='word_1_396' title='bbox 440 4154 626 4237; x_wconf 84' lang='lat' dir='ltr'>expendatur</span> <span class='ocrx_word' id='word_1_397' title='bbox 657 4171 750 4232; x_wconf 85' lang='lat' dir='ltr'>aeque</span> <span class='ocrx_word' id='word_1_398' title='bbox 775 4152 803 4214; x_wconf 93' lang='lat' dir='ltr'>in</span> <span class='ocrx_word' id='word_1_399' title='bbox 828 4156 926 4217; x_wconf 90' lang='lat' dir='ltr'>media</span> <span class='ocrx_word' id='word_1_400' title='bbox 950 4174 984 4215; x_wconf 91' lang='lat' dir='ltr'>ac</span> <span class='ocrx_word' id='word_1_401' title='bbox 1008 4153 1037 4215; x_wconf 93' lang='lat' dir='ltr'>in</span> <span class='ocrx_word' id='word_1_402' title='bbox 1062 4153 1219 4235; x_wconf 91' lang='lat' dir='ltr'>apparenti</span> <span class='ocrx_word' id='word_1_403' title='bbox 1250 4154 1438 4234; x_wconf 87' lang='lat' dir='ltr'>oppositione</span> 
     </span>
     <span class='ocr_line' id='line_1_44' title="bbox 119 4232 1437 4322; baseline 0.001 -19"><span class='ocrx_word' id='word_1_404' title='bbox 119 4242 277 4305; x_wconf 78' lang='lat' dir='ltr'>{anetarum</span> <span class='ocrx_word' id='word_1_405' title='bbox 300 4263 367 4306; x_wconf 89' lang='lat' dir='ltr'>cum</span> <span class='ocrx_word' id='word_1_406' title='bbox 391 4243 481 4307; x_wconf 89' lang='lat' dir='ltr'>Sole:</span> <span class='ocrx_word' id='word_1_407' title='bbox 515 4242 573 4304; x_wconf 91' lang='lat' dir='ltr'>nisi</span> <span class='ocrx_word' id='word_1_408' title='bbox 602 4240 690 4303; x_wconf 91' lang='lat' dir='ltr'>simul</span> <span class='ocrx_word' id='word_1_409' title='bbox 715 4242 761 4302; x_wconf 95' lang='lat' dir='ltr'>vel</span> <span class='ocrx_word' id='word_1_410' title='bbox 786 4243 853 4321; x_wconf 91' lang='lat' dir='ltr'>ipsa</span> <span class='ocrx_word' id='word_1_411' title='bbox 884 4244 983 4305; x_wconf 91' lang='lat' dir='ltr'>orbita</span> <span class='ocrx_word' id='word_1_412' title='bbox 1013 4244 1156 4322; x_wconf 88' lang='lat' dir='ltr'>planetae</span> <span class='ocrx_word' id='word_1_413' title='bbox 1187 4232 1251 4303; x_wconf 85' lang='lat' dir='ltr'>sitn‘</span> <span class='ocrx_word' id='word_1_414' title='bbox 1273 4263 1326 4304; x_wconf 89' lang='lat' dir='ltr'>suo</span> <span class='ocrx_word' id='word_1_415' title='bbox 1351 4262 1437 4304; x_wconf 87' lang='lat' dir='ltr'>emo-</span> 
     </span>
     <span class='ocr_line' id='line_1_45' title="bbox 119 4330 1486 4417; baseline -0.003 -24"><span class='ocrx_word' id='word_1_416' title='bbox 119 4342 192 4395; x_wconf 81' lang='lat' dir='ltr'>eatnr</span> <span class='ocrx_word' id='word_1_417' title='bbox 215 4332 404 4406; x_wconf 88' lang='lat' dir='ltr'>(differenter</span> <span class='ocrx_word' id='word_1_418' title='bbox 428 4355 445 4395; x_wconf 87' lang='lat' dir='ltr'>a</span> <span class='ocrx_word' id='word_1_419' title='bbox 468 4331 587 4396; x_wconf 87' lang='lat' dir='ltr'>circulis</span> <span class='ocrx_word' id='word_1_420' title='bbox 617 4330 751 4392; x_wconf 90' lang='lat' dir='ltr'>theoriae</span> <span class='ocrx_word' id='word_1_421' title='bbox 776 4330 872 4407; x_wconf 90' lang='lat' dir='ltr'>Solis)</span> <span class='ocrx_word' id='word_1_422' title='bbox 896 4335 945 4395; x_wconf 90' lang='lat' dir='ltr'>rel</span> <span class='ocrx_word' id='word_1_423' title='bbox 967 4340 1100 4394; x_wconf 86' lang='lat' dir='ltr'>mutetur</span> <span class='ocrx_word' id='word_1_424' title='bbox 1129 4333 1226 4394; x_wconf 81' lang='lat' dir='ltr'>torma</span> <span class='ocrx_word' id='word_1_425' title='bbox 1248 4332 1439 4417; x_wconf 83' lang='lat' dir='ltr'>Ptolemaiou</span> <span class='ocrx_word' id='word_1_426' title='bbox 1477 4366 1486 4389; x_wconf 82' lang='grc'><strong>.</strong></span> 
     </span>
    </p>

    <p class='ocr_par' dir='ltr' id='par_1_19' title="bbox 119 4421 1513 4771">
     <span class='ocr_line' id='line_1_46' title="bbox 146 4421 1347 4485; baseline -0.002 -1"><span class='ocrx_word' id='word_1_427' title='bbox 146 4421 196 4485; x_wconf 87' lang='lat' dir='ltr'>itis</span> <span class='ocrx_word' id='word_1_428' title='bbox 219 4422 276 4485; x_wconf 92' lang='lat' dir='ltr'>IV.</span> <span class='ocrx_word' id='word_1_429' title='bbox 1343 4448 1347 4453; x_wconf 96' lang='lat'>·</span> 
     </span>
     <span class='ocr_line' id='line_1_47' title="bbox 119 4440 1513 4601; baseline -0.003 -25"><span class='ocrx_word' id='word_1_430' title='bbox 119 4440 278 4593; x_wconf 52' lang='lat' dir='ltr'>&#39;pfqtque</span> <span class='ocrx_word' id='word_1_431' title='bbox 302 4511 360 4573; x_wconf 89' lang='lat' dir='ltr'>hac</span> <span class='ocrx_word' id='word_1_432' title='bbox 384 4512 480 4575; x_wconf 87' lang='lat' dir='ltr'>forma</span> <span class='ocrx_word' id='word_1_433' title='bbox 503 4509 748 4589; x_wconf 88' lang='lat' dir='ltr'>transpositionis</span> <span class='ocrx_word' id='word_1_434' title='bbox 771 4509 992 4601; x_wconf 67' lang='lat' dir='ltr'>Mapstlinus</span> <span class='ocrx_word' id='word_1_435' title='bbox 1023 4518 1072 4572; x_wconf 91' lang='lat' dir='ltr'>est</span> <span class='ocrx_word' id='word_1_436' title='bbox 1098 4529 1184 4584; x_wconf 91' lang='lat' dir='ltr'>usus,</span> <span class='ocrx_word' id='word_1_437' title='bbox 1220 4529 1285 4571; x_wconf 90' lang='lat' dir='ltr'>cnm</span> <span class='ocrx_word' id='word_1_438' title='bbox 1318 4504 1352 4597; x_wconf 83' lang='lat' dir='ltr'>in</span> <span class='ocrx_word' id='word_1_439' title='bbox 1371 4526 1439 4572; x_wconf 93' lang='lat' dir='ltr'>meo</span> <span class='ocrx_word' id='word_1_440' title='bbox 1506 4584 1513 4597; x_wconf 40' lang='lat'>‚</span> 
     </span>
     <span class='ocr_line' id='line_1_48' title="bbox 119 4594 1513 4684; baseline -0.001 -22"><span class='ocrx_word' id='word_1_441' title='bbox 119 4600 233 4684; x_wconf 78' lang='lat' dir='ltr'>lystsrio</span> <span class='ocrx_word' id='word_1_442' title='bbox 258 4599 513 4682; x_wconf 87' lang='lat' dir='ltr'>Cosmographico</span> <span class='ocrx_word' id='word_1_443' title='bbox 538 4598 909 4683; x_wconf 83' lang='lat' dir='ltr'>tabulam-illam&#39;riripitis</span> <span class='ocrx_word' id='word_1_444' title='bbox 932 4602 1004 4664; x_wconf 86' lang='lat' dir='ltr'>XV.</span> <span class='ocrx_word' id='word_1_445' title='bbox 1033 4600 1205 4662; x_wconf 86' lang='lat' dir='ltr'>conficeret.</span> <span class='ocrx_word' id='word_1_446' title='bbox 1254 4597 1438 4680; x_wconf 79' lang='lat' dir='ltr'>Cope&#39;mious</span> <span class='ocrx_word' id='word_1_447' title='bbox 1470 4594 1513 4675; x_wconf 66' lang='grc' dir='ltr'>ξῑ</span> 
     </span>
     <span class='ocr_line' id='line_1_49' title="bbox 119 4670 1438 4771; baseline -0.002 -20"><span class='ocrx_word' id='word_1_448' title='bbox 119 4690 184 4767; x_wconf 86' lang='lat' dir='ltr'>rim,</span> <span class='ocrx_word' id='word_1_449' title='bbox 218 4690 288 4753; x_wconf 91' lang='lat' dir='ltr'>dum</span> <span class='ocrx_word' id='word_1_450' title='bbox 310 4670 497 4754; x_wconf 74' lang='lat' dir='ltr'>Piolernaica</span> <span class='ocrx_word' id='word_1_451' title='bbox 525 4692 555 4753; x_wconf 91' lang='lat' dir='ltr'>in</span> <span class='ocrx_word' id='word_1_452' title='bbox 588 4692 673 4751; x_wconf 87' lang='lat' dir='ltr'>suam</span> <span class='ocrx_word' id='word_1_453' title='bbox 702 4688 873 4767; x_wconf 84' lang='lat' dir='ltr'>generalem</span> <span class='ocrx_word' id='word_1_454' title='bbox 901 4689 1110 4771; x_wconf 86' lang='lat' dir='ltr'>hypothesium</span> <span class='ocrx_word' id='word_1_455' title='bbox 1141 4688 1267 4750; x_wconf 85' lang='lat' dir='ltr'>formam</span> <span class='ocrx_word' id='word_1_456' title='bbox 1298 4688 1438 4760; x_wconf 85' lang='lat' dir='ltr'>traducit,</span> 
     </span>
    </p>
   </div>
   <div class='ocr_carea' id='block_1_3' title="bbox 119 4776 1547 4999">
    <p class='ocr_par' dir='ltr' id='par_1_20' title="bbox 119 4776 1547 4999">
     <span class='ocr_line' id='line_1_50' title="bbox 119 4776 1547 4863; baseline -0.002 -22"><span class='ocrx_word' id='word_1_457' title='bbox 119 4780 294 4863; x_wconf 28' lang='lat' dir='ltr'>igit-„risum</span> <span class='ocrx_word' id='word_1_458' title='bbox 317 4781 513 4845; x_wconf 88' lang='lat' dir='ltr'>constitutum</span> <span class='ocrx_word' id='word_1_459' title='bbox 538 4799 606 4842; x_wconf 89' lang='lat' dir='ltr'>esse</span> <span class='ocrx_word' id='word_1_460' title='bbox 630 4777 659 4837; x_wconf 92' lang='lat' dir='ltr'>in</span> <span class='ocrx_word' id='word_1_461' title='bbox 678 4787 789 4857; x_wconf 90' lang='lat' dir='ltr'>puncto</span> <span class='ocrx_word' id='word_1_462' title='bbox 810 4779 909 4860; x_wconf 91' lang='lat' dir='ltr'>aliquo</span> <span class='ocrx_word' id='word_1_463' title='bbox 929 4781 1062 4861; x_wconf 83' lang='lat' dir='ltr'>proxime</span> <span class='ocrx_word' id='word_1_464' title='bbox 1083 4776 1185 4839; x_wconf 87' lang='lat' dir='ltr'>Solem</span> <span class='ocrx_word' id='word_1_465' title='bbox 1197 4790 1273 4856; x_wconf 88' lang='lat' dir='ltr'>pene</span> <span class='ocrx_word' id='word_1_466' title='bbox 1284 4776 1437 4852; x_wconf 92' lang='lat' dir='ltr'>immobili,</span> <span class='ocrx_word' id='word_1_467' title='bbox 1539 4804 1547 4853; x_wconf 67' lang='grc' dir='ltr'><strong>χ</strong></span> 
     </span>
     <span class='ocr_line' id='line_1_51' title="bbox 119 4850 1542 4999; baseline -0.002 -69"><span class='ocrx_word' id='word_1_468' title='bbox 119 4856 260 4932; x_wconf 74' lang='lat' dir='ltr'>rod²tota</span> <span class='ocrx_word' id='word_1_469' title='bbox 283 4867 399 4957; x_wconf 55' lang='lat' dir='ltr'>Solvis</span> <span class='ocrx_word' id='word_1_470' title='bbox 423 4866 744 4987; x_wconf 45' lang='lat' dir='ltr'>officerentricitate</span> <span class='ocrx_word' id='word_1_471' title='bbox 759 4850 998 4957; x_wconf 53' lang='lat' dir='ltr'>dictamnus</span> <span class='ocrx_word' id='word_1_472' title='bbox 1013 4866 1158 4952; x_wconf 86' lang='lat' dir='ltr'>ipsissimi</span> <span class='ocrx_word' id='word_1_473' title='bbox 1167 4866 1300 4951; x_wconf 90' lang='lat' dir='ltr'>corporis</span> <span class='ocrx_word' id='word_1_474' title='bbox 1309 4865 1477 4999; x_wconf 37' lang='lat'><strong>⁸⁰¹5&amp;</strong></span> <span class='ocrx_word' id='word_1_475' title='bbox 1533 4850 1542 4871; x_wconf 83' lang='lat'>&#39;</span> 
     </span>
    </p>
   </div>
   <div class='ocr_carea' id='block_1_4' title="bbox 1332 4972 1421 5017">
    <p class='ocr_par' dir='ltr' id='par_1_21' title="bbox 1332 4972 1421 5017">
     <span class='ocr_line' id='line_1_52' title="bbox 1332 4972 1421 5017; baseline -0.067 0"><span class='ocrx_word' id='word_1_476' title='bbox 1332 4972 1421 5017; x_wconf 58' lang='lat' dir='ltr'>fi..</span> 
     </span>
    </p>
   </div>
   <div class='ocr_carea' id='block_1_5' title="bbox 960 4960 1125 5181">
    <p class='ocr_par' dir='ltr' id='par_1_22' title="bbox 854 4960 1450 5183">
     <span class='ocr_line' id='line_1_53' title="bbox 960 4960 1125 5181; baseline -0.008 -172.889"><span class='ocrx_word' id='word_1_477' title='bbox 960 4960 1125 5181; x_wconf 40' lang='grc' dir='ltr'><em>ἡ</em></span> 
     </span>
    </p>
   </div>
   <div class='ocr_carea' id='block_1_6' title="bbox 1536 5046 1568 5121">
    <p class='ocr_par' dir='ltr' id='par_1_23' title="bbox 1536 5046 1568 5121">
     <span class='ocr_line' id='line_1_54' title="bbox 1536 5046 1568 5121; baseline 0 0"><span class='ocrx_word' id='word_1_478' title='bbox 1536 5046 1568 5121; x_wconf 67' lang='grc' dir='ltr'>δ</span> 
     </span>
    </p>
   </div>
   <div class='ocr_carea' id='block_1_7' title="bbox 0 0 1645 5550">
    <p class='ocr_par' dir='ltr' id='par_1_24' title="bbox 0 0 1645 5550">
     <span class='ocr_line' id='line_1_55' title="bbox 0 0 1645 5550; baseline 0 0"><span class='ocrx_word' id='word_1_479' title='bbox 0 0 1645 5550; x_wconf 95' lang='lat' dir='ltr'> </span> 
     </span>
    </p>
   </div>
  </div>
 </body>
</html>
