<?xml version="1.0" encoding="UTF-8"?>
<!DOCTYPE html PUBLIC "-//W3C//DTD XHTML 1.0 Transitional//EN"
    "http://www.w3.org/TR/xhtml1/DTD/xhtml1-transitional.dtd">
<html xmlns="http://www.w3.org/1999/xhtml" xml:lang="en" lang="en">
 <head>
  <title>
</title>
<meta http-equiv="Content-Type" content="text/html;charset=utf-8" />
  <meta name='ocr-system' content='tesseract 3.04.00' />
  <meta name='ocr-capabilities' content='ocr_page ocr_carea ocr_par ocr_line ocrx_word'/>
</head>
<body>
  <div class='ocr_page' id='page_1' title='image "./joanniskepleria12frisgoog/joanniskepleria12frisgoog_0021.png"; bbox 0 0 3278 5550; ppageno 0'>
   <div class='ocr_carea' id='block_1_1' title="bbox 146 277 1050 345">
    <p class='ocr_par' dir='ltr' id='par_1_1' title="bbox 146 277 1050 345">
     <span class='ocr_line' id='line_1_1' title="bbox 146 277 1050 345; baseline -0.002 -12"><span class='ocrx_word' id='word_1_1' title='bbox 146 280 186 345; x_wconf 82' lang='grc'><strong>12</strong></span> <span class='ocrx_word' id='word_1_2' title='bbox 229 313 240 335; x_wconf 87' lang='grc'><strong>.</strong></span> <span class='ocrx_word' id='word_1_3' title='bbox 578 279 607 330; x_wconf 96' lang='lat' dir='ltr'><strong>ln</strong></span> <span class='ocrx_word' id='word_1_4' title='bbox 627 279 809 332; x_wconf 79' lang='lat' dir='ltr'><strong>commentaria</strong></span> <span class='ocrx_word' id='word_1_5' title='bbox 827 281 857 330; x_wconf 89' lang='lat' dir='ltr'><strong>ds</strong></span> <span class='ocrx_word' id='word_1_6' title='bbox 875 287 943 330; x_wconf 89' lang='lat' dir='ltr'><strong>motu</strong></span> <span class='ocrx_word' id='word_1_7' title='bbox 961 277 1050 331; x_wconf 85' lang='lat' dir='ltr'><strong>Martis</strong></span> 
     </span>
    </p>
   </div>
   <div class='ocr_carea' id='block_1_2' title="bbox 48 438 1494 543">
    <p class='ocr_par' dir='ltr' id='par_1_2' title="bbox 48 438 1494 543">
     <span class='ocr_line' id='line_1_2' title="bbox 48 438 1494 543; baseline 0 -22"><span class='ocrx_word' id='word_1_8' title='bbox 48 438 50 442; x_wconf 27' lang='lat'>⁸</span> <span class='ocrx_word' id='word_1_9' title='bbox 142 478 198 540; x_wconf 91' lang='lat' dir='ltr'><strong>ego</strong></span> <span class='ocrx_word' id='word_1_10' title='bbox 221 467 253 519; x_wconf 90' lang='lat' dir='ltr'><strong>et</strong></span> <span class='ocrx_word' id='word_1_11' title='bbox 276 457 347 520; x_wconf 75' lang='lat' dir='ltr'><strong>oIIm</strong></span> <span class='ocrx_word' id='word_1_12' title='bbox 371 457 495 536; x_wconf 90' lang='lat' dir='ltr'><strong>etjam,</strong></span> <span class='ocrx_word' id='word_1_13' title='bbox 519 457 588 519; x_wconf 85' lang='lat' dir='ltr'><strong>vivo</strong></span> <span class='ocrx_word' id='word_1_14' title='bbox 613 465 644 518; x_wconf 88' lang='lat' dir='ltr'><strong>et</strong></span> <span class='ocrx_word' id='word_1_15' title='bbox 666 460 787 522; x_wconf 89' lang='lat' dir='ltr'><strong>conscio</strong></span> <span class='ocrx_word' id='word_1_16' title='bbox 810 460 960 541; x_wconf 87' lang='lat' dir='ltr'><strong>Tychone,</strong></span> <span class='ocrx_word' id='word_1_17' title='bbox 986 459 1144 542; x_wconf 85' lang='lat' dir='ltr'><strong>Copernici</strong></span> <span class='ocrx_word' id='word_1_18' title='bbox 1168 479 1276 542; x_wconf 89' lang='lat' dir='ltr'><strong>sequor</strong></span> <span class='ocrx_word' id='word_1_19' title='bbox 1298 459 1494 543; x_wconf 78' lang='lat' dir='ltr'><strong>hypotheses.</strong></span> 
     </span>
    </p>
   </div>
   <div class='ocr_carea' id='block_1_3' title="bbox 141 546 1498 1254">
    <p class='ocr_par' dir='ltr' id='par_1_3' title="bbox 141 546 1498 1254">
     <span class='ocr_line' id='line_1_3' title="bbox 143 546 1496 631; baseline 0 -20"><span class='ocrx_word' id='word_1_20' title='bbox 143 550 249 630; x_wconf 86' lang='lat' dir='ltr'><strong>ltaque</strong></span> <span class='ocrx_word' id='word_1_21' title='bbox 272 555 325 608; x_wconf 90' lang='lat' dir='ltr'><strong>aut</strong></span> <span class='ocrx_word' id='word_1_22' title='bbox 348 546 500 607; x_wconf 87' lang='lat' dir='ltr'><strong>diversum</strong></span> <span class='ocrx_word' id='word_1_23' title='bbox 522 547 561 607; x_wconf 90' lang='lat' dir='ltr'><strong>ab</strong></span> <span class='ocrx_word' id='word_1_24' title='bbox 584 566 619 609; x_wconf 92' lang='lat' dir='ltr'><strong>eo</strong></span> <span class='ocrx_word' id='word_1_25' title='bbox 643 549 722 629; x_wconf 92' lang='lat' dir='ltr'><strong>quod</strong></span> <span class='ocrx_word' id='word_1_26' title='bbox 746 550 843 610; x_wconf 90' lang='lat' dir='ltr'><strong>sentio</strong></span> <span class='ocrx_word' id='word_1_27' title='bbox 867 549 897 611; x_wconf 93' lang='lat' dir='ltr'><strong>in</strong></span> <span class='ocrx_word' id='word_1_28' title='bbox 924 549 1117 631; x_wconf 77' lang='lat' dir='ltr'><strong>philosophia</strong></span> <span class='ocrx_word' id='word_1_29' title='bbox 1143 550 1377 626; x_wconf 88' lang='lat' dir='ltr'><strong>defendendum,</strong></span> <span class='ocrx_word' id='word_1_30' title='bbox 1401 559 1454 612; x_wconf 88' lang='lat' dir='ltr'><strong>aut</strong></span> <span class='ocrx_word' id='word_1_31' title='bbox 1478 572 1496 611; x_wconf 89' lang='lat' dir='ltr'><strong>a</strong></span> 
     </span>
     <span class='ocr_line' id='line_1_4' title="bbox 142 635 1495 722; baseline -0.001 -22"><span class='ocrx_word' id='word_1_32' title='bbox 142 635 331 717; x_wconf 87' lang='lat' dir='ltr'><strong>Tengnaglio</strong></span> <span class='ocrx_word' id='word_1_33' title='bbox 354 635 566 697; x_wconf 90' lang='lat' dir='ltr'><strong>discedendum</strong></span> <span class='ocrx_word' id='word_1_34' title='bbox 590 636 658 711; x_wconf 91' lang='lat' dir='ltr'><strong>erit,</strong></span> <span class='ocrx_word' id='word_1_35' title='bbox 681 646 825 719; x_wconf 87' lang='lat' dir='ltr'><strong>quantum</strong></span> <span class='ocrx_word' id='word_1_36' title='bbox 847 637 1007 719; x_wconf 91' lang='lat' dir='ltr'><strong>prospicio.</strong></span> <span class='ocrx_word' id='word_1_37' title='bbox 1044 640 1146 720; x_wconf 89' lang='lat' dir='ltr'><strong>Atque</strong></span> <span class='ocrx_word' id='word_1_38' title='bbox 1166 638 1239 701; x_wconf 92' lang='lat' dir='ltr'><strong>illud</strong></span> <span class='ocrx_word' id='word_1_39' title='bbox 1262 659 1412 722; x_wconf 86' lang='lat' dir='ltr'><strong>nunquam</strong></span> <span class='ocrx_word' id='word_1_40' title='bbox 1437 640 1495 701; x_wconf 85' lang='lat' dir='ltr'><strong>feci</strong></span> 
     </span>
     <span class='ocr_line' id='line_1_5' title="bbox 144 725 1496 807; baseline 0.003 -19"><span class='ocrx_word' id='word_1_41' title='bbox 144 746 199 789; x_wconf 88' lang='lat' dir='ltr'><strong>uec</strong></span> <span class='ocrx_word' id='word_1_42' title='bbox 221 745 311 807; x_wconf 90' lang='lat' dir='ltr'><strong>porro</strong></span> <span class='ocrx_word' id='word_1_43' title='bbox 335 725 510 799; x_wconf 67' lang='lat' dir='ltr'><strong>admittam</strong></span> <span class='ocrx_word' id='word_1_44' title='bbox 534 725 590 787; x_wconf 90' lang='lat' dir='ltr'><strong>hoe</strong></span> <span class='ocrx_word' id='word_1_45' title='bbox 614 727 658 787; x_wconf 89' lang='lat' dir='ltr'><strong>ita</strong></span> <span class='ocrx_word' id='word_1_46' title='bbox 681 726 799 803; x_wconf 89' lang='lat' dir='ltr'><strong>faciam,</strong></span> <span class='ocrx_word' id='word_1_47' title='bbox 822 736 856 789; x_wconf 92' lang='grc' dir='ltr'><strong>ιιι</strong></span> <span class='ocrx_word' id='word_1_48' title='bbox 879 727 1036 804; x_wconf 83' lang='lat' dir='ltr'>dissidere,</span> <span class='ocrx_word' id='word_1_49' title='bbox 1060 748 1118 790; x_wconf 93' lang='lat' dir='ltr'><strong>non</strong></span> <span class='ocrx_word' id='word_1_50' title='bbox 1143 728 1243 790; x_wconf 92' lang='lat' dir='ltr'><strong>odisse</strong></span> <span class='ocrx_word' id='word_1_51' title='bbox 1267 729 1368 791; x_wconf 89' lang='lat' dir='ltr'><strong>dicas:</strong></span> <span class='ocrx_word' id='word_1_52' title='bbox 1394 736 1496 792; x_wconf 90' lang='lat' dir='ltr'><strong>utrum</strong></span> 
     </span>
     <span class='ocr_line' id='line_1_6' title="bbox 143 814 1498 899; baseline 0.001 -22"><span class='ocrx_word' id='word_1_53' title='bbox 143 816 223 878; x_wconf 92' lang='lat' dir='ltr'><strong>idem</strong></span> <span class='ocrx_word' id='word_1_54' title='bbox 246 821 279 875; x_wconf 88' lang='lat' dir='ltr'><strong>et</strong></span> <span class='ocrx_word' id='word_1_55' title='bbox 300 814 352 875; x_wconf 90' lang='lat' dir='ltr'><strong>ille</strong></span> <span class='ocrx_word' id='word_1_56' title='bbox 376 814 417 875; x_wconf 90' lang='lat' dir='ltr'><strong>sit</strong></span> <span class='ocrx_word' id='word_1_57' title='bbox 439 815 574 889; x_wconf 88' lang='lat' dir='ltr'><strong>facturus</strong></span> <span class='ocrx_word' id='word_1_58' title='bbox 597 814 710 877; x_wconf 92' lang='lat' dir='ltr'><strong>nescio.</strong></span> <span class='ocrx_word' id='word_1_59' title='bbox 757 818 867 877; x_wconf 91' lang='lat' dir='ltr'><strong>Tomos</strong></span> <span class='ocrx_word' id='word_1_60' title='bbox 898 816 1141 879; x_wconf 83' lang='lat' dir='ltr'><strong>observationum</strong></span> <span class='ocrx_word' id='word_1_61' title='bbox 1170 819 1334 898; x_wconf 90' lang='lat' dir='ltr'><strong>impressos</strong></span> <span class='ocrx_word' id='word_1_62' title='bbox 1365 819 1498 899; x_wconf 90' lang='lat' dir='ltr'><strong>ipsemet</strong></span> 
     </span>
     <span class='ocr_line' id='line_1_7' title="bbox 141 905 1492 985; baseline 0.001 -19"><span class='ocrx_word' id='word_1_63' title='bbox 141 922 334 985; x_wconf 90' lang='lat' dir='ltr'><strong>percuperem</strong></span> <span class='ocrx_word' id='word_1_64' title='bbox 342 924 351 978; x_wconf 92' lang='lat'>;</span> <span class='ocrx_word' id='word_1_65' title='bbox 380 923 468 984; x_wconf 92' lang='lat' dir='ltr'><strong>quam</strong></span> <span class='ocrx_word' id='word_1_66' title='bbox 491 923 562 965; x_wconf 83' lang='lat' dir='ltr'><strong>vero</strong></span> <span class='ocrx_word' id='word_1_67' title='bbox 587 922 670 984; x_wconf 92' lang='lat' dir='ltr'><strong>spem</strong></span> <span class='ocrx_word' id='word_1_68' title='bbox 692 905 749 967; x_wconf 88' lang='lat' dir='ltr'><strong>tibi</strong></span> <span class='ocrx_word' id='word_1_69' title='bbox 773 906 809 966; x_wconf 92' lang='lat' dir='ltr'><strong>de</strong></span> <span class='ocrx_word' id='word_1_70' title='bbox 834 907 1012 984; x_wconf 87' lang='lat' dir='ltr'><strong>Tenguaglii</strong></span> <span class='ocrx_word' id='word_1_71' title='bbox 1044 906 1198 967; x_wconf 88' lang='lat' dir='ltr'><strong>voluntate</strong></span> <span class='ocrx_word' id='word_1_72' title='bbox 1222 908 1345 982; x_wconf 90' lang='lat' dir='ltr'><strong>faciam,</strong></span> <span class='ocrx_word' id='word_1_73' title='bbox 1378 908 1492 968; x_wconf 90' lang='lat' dir='ltr'><strong>nescio.</strong></span> 
     </span>
     <span class='ocr_line' id='line_1_8' title="bbox 142 992 1496 1077; baseline 0.001 -23"><span class='ocrx_word' id='word_1_74' title='bbox 142 992 219 1055; x_wconf 86' lang='lat' dir='ltr'><strong>hlihi</strong></span> <span class='ocrx_word' id='word_1_75' title='bbox 238 1001 356 1056; x_wconf 70' lang='lat' dir='ltr'><strong>&#39;certum</strong></span> <span class='ocrx_word' id='word_1_76' title='bbox 379 1002 445 1069; x_wconf 91' lang='lat' dir='ltr'><strong>est,</strong></span> <span class='ocrx_word' id='word_1_77' title='bbox 475 994 534 1054; x_wconf 91' lang='lat' dir='ltr'><strong>etsi</strong></span> <span class='ocrx_word' id='word_1_78' title='bbox 564 992 771 1074; x_wconf 83' lang='lat' dir='ltr'><strong>imprimantur</strong></span> <span class='ocrx_word' id='word_1_79' title='bbox 800 995 882 1056; x_wconf 90' lang='lat' dir='ltr'><strong>hand</strong></span> <span class='ocrx_word' id='word_1_80' title='bbox 915 994 1004 1056; x_wconf 87' lang='lat' dir='ltr'><strong>facile</strong></span> <span class='ocrx_word' id='word_1_81' title='bbox 1037 1004 1188 1075; x_wconf 89' lang='lat' dir='ltr'><strong>repertum</strong></span> <span class='ocrx_word' id='word_1_82' title='bbox 1212 997 1268 1071; x_wconf 90' lang='lat' dir='ltr'><strong>iri,</strong></span> <span class='ocrx_word' id='word_1_83' title='bbox 1298 997 1347 1077; x_wconf 92' lang='lat' dir='ltr'><strong>qui</strong></span> <span class='ocrx_word' id='word_1_84' title='bbox 1371 1016 1409 1057; x_wconf 83' lang='lat' dir='ltr'><strong>ex</strong></span> <span class='ocrx_word' id='word_1_85' title='bbox 1433 996 1496 1057; x_wconf 92' lang='lat' dir='ltr'><strong>illis</strong></span> 
     </span>
     <span class='ocr_line' id='line_1_9' title="bbox 141 1081 1496 1165; baseline 0.001 -21"><span class='ocrx_word' id='word_1_86' title='bbox 141 1082 262 1144; x_wconf 82' lang='lat' dir='ltr'><strong>tabulas</strong></span> <span class='ocrx_word' id='word_1_87' title='bbox 285 1081 438 1157; x_wconf 88' lang='lat' dir='ltr'><strong>conficiat,</strong></span> <span class='ocrx_word' id='word_1_88' title='bbox 471 1082 529 1143; x_wconf 91' lang='lat' dir='ltr'><strong>nisi</strong></span> <span class='ocrx_word' id='word_1_89' title='bbox 558 1091 689 1144; x_wconf 86' lang='lat' dir='ltr'><strong>extreme</strong></span> <span class='ocrx_word' id='word_1_90' title='bbox 722 1084 877 1164; x_wconf 92' lang='lat' dir='ltr'><strong>impudens</strong></span> <span class='ocrx_word' id='word_1_91' title='bbox 902 1093 933 1144; x_wconf 92' lang='lat' dir='ltr'><strong>et</strong></span> <span class='ocrx_word' id='word_1_92' title='bbox 956 1085 1053 1146; x_wconf 86' lang='lat' dir='ltr'><strong>famae</strong></span> <span class='ocrx_word' id='word_1_93' title='bbox 1076 1085 1253 1164; x_wconf 88' lang='lat' dir='ltr'><strong>negligens;</strong></span> <span class='ocrx_word' id='word_1_94' title='bbox 1283 1104 1352 1146; x_wconf 88' lang='lat' dir='ltr'><strong>nam</strong></span> <span class='ocrx_word' id='word_1_95' title='bbox 1376 1105 1496 1165; x_wconf 89' lang='lat' dir='ltr'><strong>semper</strong></span> 
     </span>
     <span class='ocr_line' id='line_1_10' title="bbox 143 1172 1496 1254; baseline 0.001 -21"><span class='ocrx_word' id='word_1_96' title='bbox 143 1172 189 1233; x_wconf 92' lang='lat' dir='ltr'><strong>illi</strong></span> <span class='ocrx_word' id='word_1_97' title='bbox 212 1191 289 1253; x_wconf 84' lang='lat' dir='ltr'><strong>aqua</strong></span> <span class='ocrx_word' id='word_1_98' title='bbox 312 1172 450 1233; x_wconf 83' lang='lat' dir='ltr'><strong>haerebit</strong></span> <span class='ocrx_word' id='word_1_99' title='bbox 472 1172 637 1253; x_wconf 86' lang='lat' dir='ltr'><strong>quicunqne</strong></span> <span class='ocrx_word' id='word_1_100' title='bbox 652 1172 786 1234; x_wconf 89' lang='lat' dir='ltr'><strong>laborem</strong></span> <span class='ocrx_word' id='word_1_101' title='bbox 810 1175 985 1254; x_wconf 88' lang='lat' dir='ltr'><strong>susceperit.</strong></span> <span class='ocrx_word' id='word_1_102' title='bbox 1023 1175 1130 1236; x_wconf 87' lang='lat' dir='ltr'><strong>Utrum</strong></span> <span class='ocrx_word' id='word_1_103' title='bbox 1149 1174 1229 1235; x_wconf 92' lang='lat' dir='ltr'><strong>idem</strong></span> <span class='ocrx_word' id='word_1_104' title='bbox 1244 1182 1276 1236; x_wconf 91' lang='lat' dir='ltr'><strong>et</strong></span> <span class='ocrx_word' id='word_1_105' title='bbox 1290 1176 1496 1254; x_wconf 88' lang='lat' dir='ltr'><strong>Tenguaglius</strong></span> 
     </span>
    </p>
   </div>
   <div class='ocr_carea' id='block_1_4' title="bbox 145 1261 585 1341">
    <p class='ocr_par' dir='ltr' id='par_1_4' title="bbox 145 1261 585 1341">
     <span class='ocr_line' id='line_1_11' title="bbox 145 1261 585 1341; baseline -0.007 -18"><span class='ocrx_word' id='word_1_106' title='bbox 145 1261 186 1323; x_wconf 91' lang='lat' dir='ltr'><strong>sit</strong></span> <span class='ocrx_word' id='word_1_107' title='bbox 207 1280 382 1341; x_wconf 86' lang='lat' dir='ltr'><strong>persuasus,</strong></span> <span class='ocrx_word' id='word_1_108' title='bbox 406 1261 518 1322; x_wconf 91' lang='lat' dir='ltr'><strong>nescio.</strong></span> <span class='ocrx_word' id='word_1_109' title='bbox 544 1297 585 1308; x_wconf 94' lang='lat'>—</span> 
     </span>
    </p>
   </div>
   <div class='ocr_carea' id='block_1_5' title="bbox 143 1348 1496 1773">
    <p class='ocr_par' dir='ltr' id='par_1_5' title="bbox 143 1348 1496 1773">
     <span class='ocr_line' id='line_1_12' title="bbox 236 1348 1496 1416; baseline -0.002 -15"><span class='ocrx_word' id='word_1_110' title='bbox 236 1349 345 1403; x_wconf 81' lang='lat' dir='ltr'><strong>&lt;laneam</strong></span> <span class='ocrx_word' id='word_1_111' title='bbox 372 1349 412 1400; x_wconf 90' lang='lat' dir='ltr'><strong>hic</strong></span> <span class='ocrx_word' id='word_1_112' title='bbox 439 1348 516 1399; x_wconf 83' lang='lat' dir='ltr'><strong>habas</strong></span> <span class='ocrx_word' id='word_1_113' title='bbox 544 1350 637 1405; x_wconf 88' lang='lat' dir='ltr'><strong>dilatae</strong></span> <span class='ocrx_word' id='word_1_114' title='bbox 665 1348 779 1399; x_wconf 83' lang='lat' dir='ltr'><strong>editionis</strong></span> <span class='ocrx_word' id='word_1_115' title='bbox 805 1349 955 1399; x_wconf 85' lang='lat' dir='ltr'><strong>Tabularum</strong></span> <span class='ocrx_word' id='word_1_116' title='bbox 979 1349 1189 1414; x_wconf 83' lang='lat' dir='ltr'><strong>Rndolphinarnm</strong></span> <span class='ocrx_word' id='word_1_117' title='bbox 1217 1366 1260 1415; x_wconf 87' lang='lat' dir='ltr'><strong>per</strong></span> <span class='ocrx_word' id='word_1_118' title='bbox 1287 1349 1354 1402; x_wconf 92' lang='lat' dir='ltr'><strong>haud</strong></span> <span class='ocrx_word' id='word_1_119' title='bbox 1379 1352 1496 1416; x_wconf 82' lang='lat' dir='ltr'><strong>exignum</strong></span> 
     </span>
     <span class='ocr_line' id='line_1_13' title="bbox 143 1418 1495 1486; baseline -0.001 -14"><span class='ocrx_word' id='word_1_120' title='bbox 143 1422 258 1486; x_wconf 79' lang='lat' dir='ltr'><strong>temporis</strong></span> <span class='ocrx_word' id='word_1_121' title='bbox 281 1422 389 1485; x_wconf 87' lang='lat' dir='ltr'><strong>spatium</strong></span> <span class='ocrx_word' id='word_1_122' title='bbox 414 1418 543 1485; x_wconf 85' lang='lat' dir='ltr'><strong>(prodiisse</strong></span> <span class='ocrx_word' id='word_1_123' title='bbox 571 1437 636 1472; x_wconf 91' lang='lat' dir='ltr'><strong>anno</strong></span> <span class='ocrx_word' id='word_1_124' title='bbox 661 1421 759 1471; x_wconf 87' lang='lat' dir='ltr'><strong>demum</strong></span> <span class='ocrx_word' id='word_1_125' title='bbox 787 1418 863 1470; x_wconf 79' lang='lat'><strong>1627.</strong></span> <span class='ocrx_word' id='word_1_126' title='bbox 884 1419 1006 1482; x_wconf 79' lang='lat' dir='ltr'><strong>constat),</strong></span> <span class='ocrx_word' id='word_1_127' title='bbox 1035 1435 1184 1486; x_wconf 86' lang='lat' dir='ltr'><strong>quamquam</strong></span> <span class='ocrx_word' id='word_1_128' title='bbox 1207 1421 1276 1472; x_wconf 88' lang='lat' dir='ltr'><strong>haud</strong></span> <span class='ocrx_word' id='word_1_129' title='bbox 1301 1436 1388 1486; x_wconf 83' lang='lat' dir='ltr'><strong>pamm</strong></span> <span class='ocrx_word' id='word_1_130' title='bbox 1413 1425 1495 1472; x_wconf 85' lang='lat' dir='ltr'><strong>iecere</strong></span> 
     </span>
     <span class='ocr_line' id='line_1_14' title="bbox 146 1492 1492 1558; baseline 0 -16"><span class='ocrx_word' id='word_1_131' title='bbox 146 1494 212 1543; x_wconf 87' lang='lat' dir='ltr'><strong>alias</strong></span> <span class='ocrx_word' id='word_1_132' title='bbox 230 1493 324 1549; x_wconf 79' lang='lat' dir='ltr'><strong>multae</strong></span> <span class='ocrx_word' id='word_1_133' title='bbox 343 1492 511 1549; x_wconf 85' lang='lat' dir='ltr'><strong>difficultates,</strong></span> <span class='ocrx_word' id='word_1_134' title='bbox 531 1493 660 1557; x_wconf 87' lang='lat' dir='ltr'><strong>dequibus</strong></span> <span class='ocrx_word' id='word_1_135' title='bbox 679 1493 727 1541; x_wconf 88' lang='lat' dir='ltr'><strong>alio</strong></span> <span class='ocrx_word' id='word_1_136' title='bbox 740 1493 794 1541; x_wconf 88' lang='lat' dir='ltr'><strong>loco</strong></span> <span class='ocrx_word' id='word_1_137' title='bbox 813 1493 937 1557; x_wconf 86' lang='lat' dir='ltr'><strong>agendum</strong></span> <span class='ocrx_word' id='word_1_138' title='bbox 950 1494 1002 1541; x_wconf 87' lang='lat' dir='ltr'><strong>erit.</strong></span> <span class='ocrx_word' id='word_1_139' title='bbox 1027 1493 1207 1557; x_wconf 84' lang='lat' dir='ltr'><strong>Tengnagllum</strong></span> <span class='ocrx_word' id='word_1_140' title='bbox 1220 1509 1276 1544; x_wconf 80' lang='lat' dir='ltr'><strong>vero</strong></span> <span class='ocrx_word' id='word_1_141' title='bbox 1295 1495 1395 1543; x_wconf 88' lang='lat' dir='ltr'><strong>minime</strong></span> <span class='ocrx_word' id='word_1_142' title='bbox 1407 1508 1492 1558; x_wconf 88' lang='lat' dir='ltr'><strong>parem</strong></span> 
     </span>
     <span class='ocr_line' id='line_1_15' title="bbox 143 1563 1496 1630; baseline -0.001 -17"><span class='ocrx_word' id='word_1_143' title='bbox 143 1564 219 1614; x_wconf 84' lang='lat' dir='ltr'><strong>fuisse</strong></span> <span class='ocrx_word' id='word_1_144' title='bbox 237 1564 294 1613; x_wconf 88' lang='lat' dir='ltr'><strong>huic</strong></span> <span class='ocrx_word' id='word_1_145' title='bbox 313 1566 420 1628; x_wconf 84' lang='lat' dir='ltr'><strong>negotio,</strong></span> <span class='ocrx_word' id='word_1_146' title='bbox 440 1563 522 1613; x_wconf 88' lang='lat' dir='ltr'><strong>elucet</strong></span> <span class='ocrx_word' id='word_1_147' title='bbox 541 1580 569 1614; x_wconf 84' lang='lat' dir='ltr'><strong>ex</strong></span> <span class='ocrx_word' id='word_1_148' title='bbox 582 1564 685 1628; x_wconf 87' lang='lat' dir='ltr'><strong>Kepleri</strong></span> <span class='ocrx_word' id='word_1_149' title='bbox 702 1564 789 1620; x_wconf 84' lang='lat' dir='ltr'><strong>verbis,</strong></span> <span class='ocrx_word' id='word_1_150' title='bbox 808 1565 894 1627; x_wconf 88' lang='lat' dir='ltr'><strong>quibus</strong></span> <span class='ocrx_word' id='word_1_151' title='bbox 913 1564 1038 1627; x_wconf 87' lang='lat' dir='ltr'><strong>respondit</strong></span> <span class='ocrx_word' id='word_1_152' title='bbox 1057 1563 1178 1614; x_wconf 78' lang='lat' dir='ltr'><strong>Hervarti</strong></span> <span class='ocrx_word' id='word_1_153' title='bbox 1197 1566 1350 1630; x_wconf 86' lang='lat' dir='ltr'><strong>quaestioni:</strong></span> <span class='ocrx_word' id='word_1_154' title='bbox 1370 1565 1410 1616; x_wconf 91' lang='lat' dir='ltr'><strong>ich</strong></span> <span class='ocrx_word' id='word_1_155' title='bbox 1428 1566 1496 1613; x_wconf 79' lang='lat' dir='ltr'><strong>wollt</strong></span> 
     </span>
     <span class='ocr_line' id='line_1_16' title="bbox 145 1634 1494 1699; baseline -0.001 -14"><span class='ocrx_word' id='word_1_156' title='bbox 145 1634 210 1685; x_wconf 86' lang='lat' dir='ltr'><strong>auch</strong></span> <span class='ocrx_word' id='word_1_157' title='bbox 229 1638 267 1684; x_wconf 91' lang='lat' dir='ltr'><strong>nit</strong></span> <span class='ocrx_word' id='word_1_158' title='bbox 284 1635 449 1692; x_wconf 76' lang='lat' dir='ltr'><strong>unterlassem</strong></span> <span class='ocrx_word' id='word_1_159' title='bbox 469 1634 593 1699; x_wconf 84' lang='lat' dir='ltr'><strong>qnondam</strong></span> <span class='ocrx_word' id='word_1_160' title='bbox 606 1635 729 1699; x_wconf 87' lang='lat' dir='ltr'><strong>Tychonis</strong></span> <span class='ocrx_word' id='word_1_161' title='bbox 742 1635 833 1685; x_wconf 88' lang='lat' dir='ltr'><strong>Brahei</strong></span> <span class='ocrx_word' id='word_1_162' title='bbox 845 1635 966 1685; x_wconf 88' lang='lat' dir='ltr'><strong>haeredes</strong></span> <span class='ocrx_word' id='word_1_163' title='bbox 979 1635 1067 1685; x_wconf 87' lang='lat' dir='ltr'><strong>dassen</strong></span> <span class='ocrx_word' id='word_1_164' title='bbox 1080 1635 1243 1696; x_wconf 85' lang='lat' dir='ltr'><strong>(edendarum</strong></span> <span class='ocrx_word' id='word_1_165' title='bbox 1255 1636 1394 1686; x_wconf 87' lang='lat' dir='ltr'><strong>tabularum</strong></span> <span class='ocrx_word' id='word_1_166' title='bbox 1408 1637 1494 1685; x_wconf 87' lang='lat' dir='ltr'><strong>Luna·</strong></span> 
     </span>
     <span class='ocr_line' id='line_1_17' title="bbox 144 1703 1494 1773; baseline -0.002 -16"><span class='ocrx_word' id='word_1_167' title='bbox 144 1703 217 1767; x_wconf 88' lang='lat' dir='ltr'><strong>rium)</strong></span> <span class='ocrx_word' id='word_1_168' title='bbox 231 1722 262 1755; x_wconf 84' lang='lat' dir='ltr'><strong>an</strong></span> <span class='ocrx_word' id='word_1_169' title='bbox 277 1707 390 1764; x_wconf 76' lang='lat' dir='ltr'><strong>arisiten,</strong></span> <span class='ocrx_word' id='word_1_170' title='bbox 409 1720 482 1756; x_wconf 77' lang='lat' dir='ltr'><strong>vanu</strong></span> <span class='ocrx_word' id='word_1_171' title='bbox 495 1706 536 1756; x_wconf 89' lang='lat' dir='ltr'><strong>ich</strong></span> <span class='ocrx_word' id='word_1_172' title='bbox 548 1712 648 1764; x_wconf 79' lang='lat' dir='ltr'><strong>wdsste,</strong></span> <span class='ocrx_word' id='word_1_173' title='bbox 667 1709 712 1755; x_wconf 79' lang='lat' dir='ltr'><strong>wie</strong></span> <span class='ocrx_word' id='word_1_174' title='bbox 726 1706 821 1756; x_wconf 88' lang='lat' dir='ltr'><strong>solches</strong></span> <span class='ocrx_word' id='word_1_175' title='bbox 840 1706 980 1773; x_wconf 82' lang='lat' dir='ltr'><strong>geschehen</strong></span> <span class='ocrx_word' id='word_1_176' title='bbox 995 1707 1081 1764; x_wconf 81' lang='lat' dir='ltr'><strong>sollte:</strong></span> <span class='ocrx_word' id='word_1_177' title='bbox 1101 1706 1165 1757; x_wconf 88' lang='lat' dir='ltr'><strong>deun</strong></span> <span class='ocrx_word' id='word_1_178' title='bbox 1178 1708 1226 1760; x_wconf 81' lang='lat' dir='ltr'><strong>ich.</strong></span> <span class='ocrx_word' id='word_1_179' title='bbox 1246 1723 1295 1759; x_wconf 79' lang='lat' dir='ltr'><strong>wer</strong></span> <span class='ocrx_word' id='word_1_180' title='bbox 1307 1709 1342 1756; x_wconf 87' lang='lat' dir='ltr'><strong>sia</strong></span> <span class='ocrx_word' id='word_1_181' title='bbox 1361 1707 1494 1772; x_wconf 78' lang='lat' dir='ltr'><strong>eigentlieh</strong></span> 
     </span>
    </p>
   </div>
   <div class='ocr_carea' id='block_1_6' title="bbox 112 1778 1494 2122">
    <p class='ocr_par' dir='ltr' id='par_1_6' title="bbox 112 1778 1494 2122">
     <span class='ocr_line' id='line_1_18' title="bbox 145 1778 1494 1859; baseline 0.003 -24"><span class='ocrx_word' id='word_1_182' title='bbox 145 1801 230 1850; x_wconf 77' lang='lat' dir='ltr'><strong>seyen,</strong></span> <span class='ocrx_word' id='word_1_183' title='bbox 250 1788 287 1836; x_wconf 85' lang='lat' dir='ltr'><strong>nit</strong></span> <span class='ocrx_word' id='word_1_184' title='bbox 305 1787 384 1837; x_wconf 76' lang='lat' dir='ltr'><strong>weiss.</strong></span> <span class='ocrx_word' id='word_1_185' title='bbox 423 1783 870 1848; x_wconf 62' lang='lat' dir='ltr'><strong>(stantemstantem.)</strong></span> <span class='ocrx_word' id='word_1_186' title='bbox 908 1779 995 1849; x_wconf 80' lang='lat' dir='ltr'><strong>Quod</strong></span> <span class='ocrx_word' id='word_1_187' title='bbox 1009 1778 1155 1840; x_wconf 89' lang='lat' dir='ltr'><strong>haeredes</strong></span> <span class='ocrx_word' id='word_1_188' title='bbox 1170 1780 1280 1841; x_wconf 88' lang='lat' dir='ltr'><strong>attinet</strong></span> <span class='ocrx_word' id='word_1_189' title='bbox 1295 1779 1494 1859; x_wconf 87' lang='lat' dir='ltr'><strong>Tychouicos,</strong></span> 
     </span>
     <span class='ocr_line' id='line_1_19' title="bbox 112 1867 1493 1960; baseline 0.001 -33"><span class='ocrx_word' id='word_1_190' title='bbox 112 1937 123 1960; x_wconf 31' lang='grc' dir='ltr'>Ο</span> <span class='ocrx_word' id='word_1_191' title='bbox 143 1878 266 1941; x_wconf 75' lang='grc' dir='ltr'>ηιιιιριιι</span> <span class='ocrx_word' id='word_1_192' title='bbox 283 1876 406 1941; x_wconf 75' lang='lat' dir='ltr'><strong>Kepisrus</strong></span> <span class='ocrx_word' id='word_1_193' title='bbox 429 1873 466 1937; x_wconf 88' lang='lat' dir='ltr'><strong>(d.</strong></span> <span class='ocrx_word' id='word_1_194' title='bbox 486 1876 510 1925; x_wconf 82' lang='lat'><strong>5.</strong></span> <span class='ocrx_word' id='word_1_195' title='bbox 530 1874 602 1938; x_wconf 80' lang='grc' dir='ltr'>ιιι),</span> <span class='ocrx_word' id='word_1_196' title='bbox 620 1887 696 1928; x_wconf 93' lang='lat' dir='ltr'><strong>unns</strong></span> <span class='ocrx_word' id='word_1_197' title='bbox 711 1874 759 1927; x_wconf 90' lang='lat' dir='ltr'><strong>est</strong></span> <span class='ocrx_word' id='word_1_198' title='bbox 778 1867 873 1928; x_wconf 85' lang='lat' dir='ltr'><strong>instar</strong></span> <span class='ocrx_word' id='word_1_199' title='bbox 889 1868 1018 1929; x_wconf 92' lang='lat' dir='ltr'><strong>omnium</strong></span> <span class='ocrx_word' id='word_1_200' title='bbox 1033 1868 1213 1930; x_wconf 80' lang='lat' dir='ltr'><strong>lhauciscus</strong></span> <span class='ocrx_word' id='word_1_201' title='bbox 1230 1869 1373 1931; x_wconf 82' lang='lat' dir='ltr'><strong>Gausneb</strong></span> <span class='ocrx_word' id='word_1_202' title='bbox 1390 1869 1493 1946; x_wconf 85' lang='lat' dir='ltr'><strong>Teng-</strong></span> 
     </span>
     <span class='ocr_line' id='line_1_20' title="bbox 143 1955 1494 2038; baseline -0.002 -19"><span class='ocrx_word' id='word_1_203' title='bbox 143 1958 225 2038; x_wconf 86' lang='lat' dir='ltr'><strong>nagl,</strong></span> <span class='ocrx_word' id='word_1_204' title='bbox 249 1957 343 2019; x_wconf 91' lang='lat' dir='ltr'><strong>nobili</strong></span> <span class='ocrx_word' id='word_1_205' title='bbox 365 1975 473 2037; x_wconf 85' lang='lat' dir='ltr'><strong>genere</strong></span> <span class='ocrx_word' id='word_1_206' title='bbox 496 1957 696 2037; x_wconf 88' lang='lat' dir='ltr'><strong>Westphalus</strong></span> <span class='ocrx_word' id='word_1_207' title='bbox 720 1956 803 2017; x_wconf 91' lang='lat' dir='ltr'><strong>etin</strong></span> <span class='ocrx_word' id='word_1_208' title='bbox 825 1975 969 2037; x_wconf 92' lang='lat' dir='ltr'><strong>praesens</strong></span> <span class='ocrx_word' id='word_1_209' title='bbox 989 1955 1159 2020; x_wconf 87' lang='lat' dir='ltr'><strong>Caesareae</strong></span> <span class='ocrx_word' id='word_1_210' title='bbox 1175 1957 1333 2038; x_wconf 90' lang='lat' dir='ltr'><strong>Majestati</strong></span> <span class='ocrx_word' id='word_1_211' title='bbox 1356 1957 1494 2017; x_wconf 84' lang='lat' dir='ltr'><strong>minister</strong></span> 
     </span>
     <span class='ocr_line' id='line_1_21' title="bbox 143 2045 1494 2122; baseline -0.004 -13"><span class='ocrx_word' id='word_1_212' title='bbox 143 2046 276 2122; x_wconf 90' lang='lat' dir='ltr'><strong>aulicus;</strong></span> <span class='ocrx_word' id='word_1_213' title='bbox 308 2046 539 2108; x_wconf 89' lang='lat' dir='ltr'><strong>mathematicus</strong></span> <span class='ocrx_word' id='word_1_214' title='bbox 568 2045 647 2106; x_wconf 91' lang='lat' dir='ltr'><strong>enirn</strong></span> <span class='ocrx_word' id='word_1_215' title='bbox 669 2064 729 2105; x_wconf 93' lang='lat' dir='ltr'><strong>non</strong></span> <span class='ocrx_word' id='word_1_216' title='bbox 752 2045 818 2105; x_wconf 84' lang='lat' dir='ltr'><strong>vult</strong></span> <span class='ocrx_word' id='word_1_217' title='bbox 840 2046 953 2107; x_wconf 88' lang='lat' dir='ltr'><strong>andire.</strong></span> <span class='ocrx_word' id='word_1_218' title='bbox 999 2045 1084 2109; x_wconf 91' lang='lat' dir='ltr'><strong>Nihil</strong></span> <span class='ocrx_word' id='word_1_219' title='bbox 1107 2045 1230 2109; x_wconf 90' lang='lat' dir='ltr'><strong>honoris</strong></span> <span class='ocrx_word' id='word_1_220' title='bbox 1255 2047 1310 2107; x_wconf 88' lang='lat' dir='ltr'><strong>hac</strong></span> <span class='ocrx_word' id='word_1_221' title='bbox 1342 2046 1494 2108; x_wconf 80' lang='lat' dir='ltr'><strong>mentione</strong></span> 
     </span>
    </p>
   </div>
   <div class='ocr_carea' id='block_1_7' title="bbox 143 2136 1494 2288">
    <p class='ocr_par' dir='ltr' id='par_1_7' title="bbox 143 2136 1494 2288">
     <span class='ocr_line' id='line_1_22' title="bbox 143 2136 1494 2288; baseline -0.002 -14"><span class='ocrx_word' id='word_1_222' title='bbox 143 2136 186 2199; x_wconf 46' lang='lat' dir='ltr'><strong>M·</strong></span> <span class='ocrx_word' id='word_1_223' title='bbox 211 2137 553 2288; x_wconf 61' lang='lat' dir='ltr'><strong>Tgiiireiliiiniiipiiiiendimns</strong></span> <span class='ocrx_word' id='word_1_224' title='bbox 571 2224 597 2271; x_wconf 91' lang='lat' dir='ltr'><strong>in</strong></span> <span class='ocrx_word' id='word_1_225' title='bbox 620 2221 696 2271; x_wconf 88' lang='lat' dir='ltr'><strong>literis</strong></span> <span class='ocrx_word' id='word_1_226' title='bbox 714 2221 816 2284; x_wconf 85' lang='lat' dir='ltr'><strong>Kepleri</strong></span> <span class='ocrx_word' id='word_1_227' title='bbox 834 2228 860 2270; x_wconf 88' lang='lat' dir='ltr'><strong>et</strong></span> <span class='ocrx_word' id='word_1_228' title='bbox 878 2221 984 2271; x_wconf 80' lang='lat' dir='ltr'><strong>Fabricii</strong></span> <span class='ocrx_word' id='word_1_229' title='bbox 1007 2223 1106 2271; x_wconf 87' lang='lat' dir='ltr'><strong>mutuis.</strong></span> <span class='ocrx_word' id='word_1_230' title='bbox 1144 2222 1270 2272; x_wconf 86' lang='lat' dir='ltr'><strong>Fabricius</strong></span> <span class='ocrx_word' id='word_1_231' title='bbox 1287 2223 1373 2273; x_wconf 86' lang='lat' dir='ltr'><strong>retulit</strong></span> <span class='ocrx_word' id='word_1_232' title='bbox 1390 2213 1494 2284; x_wconf 74' lang='lat' dir='ltr'><strong>(llartio</strong></span> 
     </span>
    </p>
   </div>
   <div class='ocr_carea' id='block_1_8' title="bbox 47 2291 1495 2360">
    <p class='ocr_par' dir='ltr' id='par_1_8' title="bbox 47 2291 1495 2360">
     <span class='ocr_line' id='line_1_23' title="bbox 47 2291 1495 2360; baseline -0.002 -16"><span class='ocrx_word' id='word_1_233' title='bbox 47 2344 49 2349; x_wconf 91' lang='lat'><em>.</em></span> <span class='ocrx_word' id='word_1_234' title='bbox 143 2291 451 2359; x_wconf 55' lang='lat' dir='ltr'><strong>tantumtempora</strong></span> <span class='ocrx_word' id='word_1_235' title='bbox 464 2294 555 2360; x_wconf 82' lang='lat' dir='ltr'><strong>gaudio</strong></span> <span class='ocrx_word' id='word_1_236' title='bbox 568 2295 647 2356; x_wconf 89' lang='lat' dir='ltr'><strong>ipsum</strong></span> <span class='ocrx_word' id='word_1_237' title='bbox 660 2292 789 2342; x_wconf 85' lang='lat' dir='ltr'><strong>affecerint</strong></span> <span class='ocrx_word' id='word_1_238' title='bbox 799 2291 965 2354; x_wconf 82' lang='lat' dir='ltr'><strong>„Tychonici“</strong></span> <span class='ocrx_word' id='word_1_239' title='bbox 978 2294 1083 2343; x_wconf 81' lang='lat' dir='ltr'><strong>Eriksen</strong></span> <span class='ocrx_word' id='word_1_240' title='bbox 1093 2301 1119 2343; x_wconf 89' lang='lat' dir='ltr'><strong>et</strong></span> <span class='ocrx_word' id='word_1_241' title='bbox 1131 2294 1314 2359; x_wconf 81' lang='lat' dir='ltr'><strong>Tengnagelius</strong></span> <span class='ocrx_word' id='word_1_242' title='bbox 1327 2309 1354 2344; x_wconf 89' lang='lat' dir='ltr'><strong>se</strong></span> <span class='ocrx_word' id='word_1_243' title='bbox 1366 2296 1495 2343; x_wconf 78' lang='lat' dir='ltr'><strong>visitantes</strong></span> 
     </span>
    </p>
   </div>
   <div class='ocr_carea' id='block_1_9' title="bbox 141 2361 1496 3444">
    <p class='ocr_par' dir='ltr' id='par_1_9' title="bbox 141 2361 1496 3356">
     <span class='ocr_line' id='line_1_24' title="bbox 144 2361 1494 2432; baseline -0.001 -16"><span class='ocrx_word' id='word_1_244' title='bbox 144 2367 326 2432; x_wconf 87' lang='lat' dir='ltr'><strong>relerentesque</strong></span> <span class='ocrx_word' id='word_1_245' title='bbox 347 2367 487 2430; x_wconf 78' lang='lat' dir='ltr'><strong>„jncunda“</strong></span> <span class='ocrx_word' id='word_1_246' title='bbox 508 2366 538 2415; x_wconf 92' lang='lat' dir='ltr'><strong>de</strong></span> <span class='ocrx_word' id='word_1_247' title='bbox 551 2364 654 2428; x_wconf 84' lang='lat' dir='ltr'><strong>Kepleri</strong></span> <span class='ocrx_word' id='word_1_248' title='bbox 672 2372 739 2414; x_wconf 74' lang='lat' dir='ltr'><strong>stam</strong></span> <span class='ocrx_word' id='word_1_249' title='bbox 758 2361 847 2426; x_wconf 90' lang='lat' dir='ltr'><strong>(comp.</strong></span> <span class='ocrx_word' id='word_1_250' title='bbox 861 2363 917 2412; x_wconf 85' lang='lat' dir='ltr'><strong>Vol.</strong></span> <span class='ocrx_word' id='word_1_251' title='bbox 932 2363 963 2424; x_wconf 92' lang='lat' dir='ltr'><strong>ll,</strong></span> <span class='ocrx_word' id='word_1_252' title='bbox 977 2380 1001 2428; x_wconf 91' lang='lat' dir='ltr'><strong>p.</strong></span> <span class='ocrx_word' id='word_1_253' title='bbox 1014 2361 1079 2425; x_wconf 72' lang='lat'><strong>432)</strong></span> <span class='ocrx_word' id='word_1_254' title='bbox 1098 2365 1215 2429; x_wconf 82' lang='lat' dir='ltr'><strong>additque</strong></span> <span class='ocrx_word' id='word_1_255' title='bbox 1233 2365 1271 2414; x_wconf 91' lang='lat' dir='ltr'><strong>his</strong></span> <span class='ocrx_word' id='word_1_256' title='bbox 1283 2366 1369 2416; x_wconf 86' lang='lat' dir='ltr'><strong>landes</strong></span> <span class='ocrx_word' id='word_1_257' title='bbox 1388 2368 1494 2415; x_wconf 86' lang='lat' dir='ltr'><strong>usitatas</strong></span> 
     </span>
     <span class='ocr_line' id='line_1_25' title="bbox 142 2434 1493 2503; baseline -0.002 -15"><span class='ocrx_word' id='word_1_258' title='bbox 142 2438 253 2503; x_wconf 84' lang='lat' dir='ltr'><strong>Kepieri,</strong></span> <span class='ocrx_word' id='word_1_259' title='bbox 273 2438 372 2488; x_wconf 90' lang='lat' dir='ltr'><strong>modum</strong></span> <span class='ocrx_word' id='word_1_260' title='bbox 391 2441 442 2488; x_wconf 86' lang='lat' dir='ltr'><strong>iere</strong></span> <span class='ocrx_word' id='word_1_261' title='bbox 461 2437 616 2487; x_wconf 80' lang='lat' dir='ltr'><strong>excedentes.</strong></span> <span class='ocrx_word' id='word_1_262' title='bbox 644 2434 737 2495; x_wconf 86' lang='lat' dir='ltr'><strong>Quibus</strong></span> <span class='ocrx_word' id='word_1_263' title='bbox 755 2443 836 2484; x_wconf 86' lang='lat' dir='ltr'><strong>motus</strong></span> <span class='ocrx_word' id='word_1_264' title='bbox 855 2435 977 2499; x_wconf 88' lang='lat' dir='ltr'><strong>Keplerus</strong></span> <span class='ocrx_word' id='word_1_265' title='bbox 995 2436 1070 2485; x_wconf 91' lang='lat' dir='ltr'><strong>dnbia</strong></span> <span class='ocrx_word' id='word_1_266' title='bbox 1088 2436 1118 2485; x_wconf 91' lang='lat' dir='ltr'><strong>de</strong></span> <span class='ocrx_word' id='word_1_267' title='bbox 1136 2437 1278 2486; x_wconf 80' lang='lat' dir='ltr'><strong>sinceritate</strong></span> <span class='ocrx_word' id='word_1_268' title='bbox 1298 2439 1370 2487; x_wconf 89' lang='lat' dir='ltr'><strong>amici</strong></span> <span class='ocrx_word' id='word_1_269' title='bbox 1389 2440 1493 2500; x_wconf 87' lang='lat' dir='ltr'><strong>rescrip-</strong></span> 
     </span>
     <span class='ocr_line' id='line_1_26' title="bbox 143 2503 1493 2574; baseline -0.003 -15"><span class='ocrx_word' id='word_1_270' title='bbox 143 2511 204 2559; x_wconf 86' lang='lat' dir='ltr'><strong>sisse</strong></span> <span class='ocrx_word' id='word_1_271' title='bbox 223 2510 326 2568; x_wconf 82' lang='lat' dir='ltr'><strong>ridetur‚</strong></span> <span class='ocrx_word' id='word_1_272' title='bbox 348 2509 380 2559; x_wconf 88' lang='lat' dir='ltr'><strong>ad</strong></span> <span class='ocrx_word' id='word_1_273' title='bbox 393 2524 457 2574; x_wconf 87' lang='lat' dir='ltr'><strong>quae</strong></span> <span class='ocrx_word' id='word_1_274' title='bbox 470 2508 595 2558; x_wconf 80' lang='lat' dir='ltr'><strong>Fabricius</strong></span> <span class='ocrx_word' id='word_1_275' title='bbox 615 2508 649 2556; x_wconf 88' lang='lat' dir='ltr'><strong>sic</strong></span> <span class='ocrx_word' id='word_1_276' title='bbox 668 2507 793 2570; x_wconf 88' lang='lat' dir='ltr'><strong>respondit</strong></span> <span class='ocrx_word' id='word_1_277' title='bbox 805 2504 886 2567; x_wconf 77' lang='lat' dir='ltr'><strong>(llll.</strong></span> <span class='ocrx_word' id='word_1_278' title='bbox 900 2508 963 2571; x_wconf 80' lang='lat' dir='ltr'><strong>Aug.</strong></span> <span class='ocrx_word' id='word_1_279' title='bbox 981 2503 1076 2567; x_wconf 64' lang='lat' dir='ltr'><strong>loom:</strong></span> <span class='ocrx_word' id='word_1_280' title='bbox 1097 2505 1198 2562; x_wconf 87' lang='lat' dir='ltr'><strong>Scribis,</strong></span> <span class='ocrx_word' id='word_1_281' title='bbox 1215 2508 1330 2558; x_wconf 84' lang='lat' dir='ltr'><strong>maforte</strong></span> <span class='ocrx_word' id='word_1_282' title='bbox 1347 2511 1493 2572; x_wconf 83' lang='lat' dir='ltr'><strong>instigatum</strong></span> 
     </span>
     <span class='ocr_line' id='line_1_27' title="bbox 144 2577 1493 2646; baseline -0.001 -16"><span class='ocrx_word' id='word_1_283' title='bbox 144 2581 220 2632; x_wconf 87' lang='lat' dir='ltr'><strong>luisse</strong></span> <span class='ocrx_word' id='word_1_284' title='bbox 241 2595 256 2631; x_wconf 90' lang='lat' dir='ltr'><strong>a</strong></span> <span class='ocrx_word' id='word_1_285' title='bbox 275 2581 306 2630; x_wconf 83' lang='lat' dir='ltr'><strong>l).</strong></span> <span class='ocrx_word' id='word_1_286' title='bbox 320 2580 490 2646; x_wconf 78' lang='lat' dir='ltr'><strong>Tengnagelio</strong></span> <span class='ocrx_word' id='word_1_287' title='bbox 510 2580 542 2629; x_wconf 88' lang='lat' dir='ltr'><strong>ad</strong></span> <span class='ocrx_word' id='word_1_288' title='bbox 561 2587 586 2628; x_wconf 87' lang='lat' dir='ltr'><strong>te</strong></span> <span class='ocrx_word' id='word_1_289' title='bbox 605 2578 763 2628; x_wconf 87' lang='lat' dir='ltr'><strong>laudandum.</strong></span> <span class='ocrx_word' id='word_1_290' title='bbox 800 2578 872 2627; x_wconf 86' lang='lat' dir='ltr'><strong>Absit</strong></span> <span class='ocrx_word' id='word_1_291' title='bbox 889 2578 935 2628; x_wconf 90' lang='lat' dir='ltr'><strong>hoc</strong></span> <span class='ocrx_word' id='word_1_292' title='bbox 955 2592 971 2627; x_wconf 92' lang='lat' dir='ltr'><strong>a</strong></span> <span class='ocrx_word' id='word_1_293' title='bbox 988 2593 1029 2628; x_wconf 86' lang='lat' dir='ltr'><strong>me</strong></span> <span class='ocrx_word' id='word_1_294' title='bbox 1048 2577 1081 2628; x_wconf 91' lang='lat' dir='ltr'><strong>D.</strong></span> <span class='ocrx_word' id='word_1_295' title='bbox 1095 2578 1211 2642; x_wconf 84' lang='lat' dir='ltr'><strong>Keplere.</strong></span> <span class='ocrx_word' id='word_1_296' title='bbox 1230 2594 1277 2629; x_wconf 87' lang='lat' dir='ltr'><strong>nec</strong></span> <span class='ocrx_word' id='word_1_297' title='bbox 1295 2582 1422 2644; x_wconf 88' lang='lat' dir='ltr'><strong>quisquam</strong></span> <span class='ocrx_word' id='word_1_298' title='bbox 1441 2580 1493 2628; x_wconf 89' lang='lat' dir='ltr'><strong>tale</strong></span> 
     </span>
     <span class='ocr_line' id='line_1_28' title="bbox 143 2648 1493 2717; baseline -0.004 -15"><span class='ocrx_word' id='word_1_299' title='bbox 143 2653 188 2702; x_wconf 88' lang='lat' dir='ltr'><strong>tibi</strong></span> <span class='ocrx_word' id='word_1_300' title='bbox 206 2653 237 2701; x_wconf 88' lang='lat' dir='ltr'><strong>de</strong></span> <span class='ocrx_word' id='word_1_301' title='bbox 255 2667 295 2702; x_wconf 86' lang='lat' dir='ltr'><strong>me</strong></span> <span class='ocrx_word' id='word_1_302' title='bbox 312 2652 462 2717; x_wconf 87' lang='lat' dir='ltr'><strong>persuadeat</strong></span> <span class='ocrx_word' id='word_1_303' title='bbox 480 2651 564 2711; x_wconf 80' lang='lat' dir='ltr'><strong>velim,</strong></span> <span class='ocrx_word' id='word_1_304' title='bbox 591 2665 631 2699; x_wconf 90' lang='lat' dir='ltr'><strong>me</strong></span> <span class='ocrx_word' id='word_1_305' title='bbox 651 2663 705 2699; x_wconf 92' lang='lat' dir='ltr'><strong>esse</strong></span> <span class='ocrx_word' id='word_1_306' title='bbox 724 2649 814 2705; x_wconf 86' lang='lat' dir='ltr'><strong>talem,</strong></span> <span class='ocrx_word' id='word_1_307' title='bbox 843 2650 926 2714; x_wconf 90' lang='lat' dir='ltr'><strong>quiin</strong></span> <span class='ocrx_word' id='word_1_308' title='bbox 945 2648 1018 2698; x_wconf 90' lang='lat' dir='ltr'><strong>ullius</strong></span> <span class='ocrx_word' id='word_1_309' title='bbox 1045 2651 1150 2714; x_wconf 76' lang='lat' dir='ltr'><strong>gratiam</strong></span> <span class='ocrx_word' id='word_1_310' title='bbox 1169 2650 1208 2699; x_wconf 82' lang='lat' dir='ltr'><strong>rel</strong></span> <span class='ocrx_word' id='word_1_311' title='bbox 1226 2650 1308 2699; x_wconf 92' lang='lat' dir='ltr'><strong>odium</strong></span> <span class='ocrx_word' id='word_1_312' title='bbox 1331 2652 1436 2715; x_wconf 87' lang='lat' dir='ltr'><strong>aliquem</strong></span> <span class='ocrx_word' id='word_1_313' title='bbox 1455 2651 1493 2699; x_wconf 83' lang='lat' dir='ltr'><strong>rel</strong></span> 
     </span>
     <span class='ocr_line' id='line_1_29' title="bbox 143 2721 1495 2788; baseline -0.002 -15"><span class='ocrx_word' id='word_1_314' title='bbox 143 2723 295 2774; x_wconf 86' lang='lat' dir='ltr'><strong>laudandum</strong></span> <span class='ocrx_word' id='word_1_315' title='bbox 313 2723 351 2774; x_wconf 84' lang='lat' dir='ltr'><strong>vel</strong></span> <span class='ocrx_word' id='word_1_316' title='bbox 370 2723 556 2788; x_wconf 78' lang='lat' dir='ltr'><strong>vituperandum</strong></span> <span class='ocrx_word' id='word_1_317' title='bbox 580 2723 703 2786; x_wconf 87' lang='lat' dir='ltr'><strong>suscipere</strong></span> <span class='ocrx_word' id='word_1_318' title='bbox 727 2721 822 2771; x_wconf 83' lang='lat' dir='ltr'><strong>vellem.</strong></span> <span class='ocrx_word' id='word_1_319' title='bbox 859 2721 932 2770; x_wconf 84' lang='lat' dir='ltr'><strong>Esset</strong></span> <span class='ocrx_word' id='word_1_320' title='bbox 954 2721 1013 2770; x_wconf 92' lang='lat' dir='ltr'><strong>illud</strong></span> <span class='ocrx_word' id='word_1_321' title='bbox 1035 2721 1140 2770; x_wconf 89' lang='lat' dir='ltr'><strong>hominis</strong></span> <span class='ocrx_word' id='word_1_322' title='bbox 1158 2736 1207 2769; x_wconf 92' lang='lat' dir='ltr'><strong>non</strong></span> <span class='ocrx_word' id='word_1_323' title='bbox 1231 2722 1316 2771; x_wconf 89' lang='lat' dir='ltr'><strong>insulsi</strong></span> <span class='ocrx_word' id='word_1_324' title='bbox 1340 2722 1429 2783; x_wconf 88' lang='lat' dir='ltr'><strong>solnm,</strong></span> <span class='ocrx_word' id='word_1_325' title='bbox 1449 2723 1495 2770; x_wconf 88' lang='lat' dir='ltr'><strong>sed</strong></span> 
     </span>
     <span class='ocr_line' id='line_1_30' title="bbox 142 2791 1496 2857; baseline -0.002 -12"><span class='ocrx_word' id='word_1_326' title='bbox 142 2795 307 2846; x_wconf 88' lang='lat' dir='ltr'><strong>insulsissimi.</strong></span> <span class='ocrx_word' id='word_1_327' title='bbox 345 2794 416 2856; x_wconf 81' lang='lat' dir='ltr'><strong>Quae</strong></span> <span class='ocrx_word' id='word_1_328' title='bbox 435 2795 479 2844; x_wconf 86' lang='lat' dir='ltr'><strong>tibi</strong></span> <span class='ocrx_word' id='word_1_329' title='bbox 497 2794 569 2842; x_wconf 91' lang='lat' dir='ltr'><strong>tribui</strong></span> <span class='ocrx_word' id='word_1_330' title='bbox 589 2801 615 2843; x_wconf 89' lang='lat' dir='ltr'><strong>et</strong></span> <span class='ocrx_word' id='word_1_331' title='bbox 633 2795 774 2842; x_wconf 87' lang='lat' dir='ltr'><strong>etiamnunc</strong></span> <span class='ocrx_word' id='word_1_332' title='bbox 793 2791 886 2848; x_wconf 89' lang='lat' dir='ltr'><strong>tribuo,</strong></span> <span class='ocrx_word' id='word_1_333' title='bbox 909 2791 968 2841; x_wconf 88' lang='lat' dir='ltr'><strong>illud</strong></span> <span class='ocrx_word' id='word_1_334' title='bbox 986 2793 1073 2841; x_wconf 88' lang='lat' dir='ltr'><strong>merito</strong></span> <span class='ocrx_word' id='word_1_335' title='bbox 1091 2792 1120 2841; x_wconf 88' lang='lat' dir='ltr'><strong>lit</strong></span> <span class='ocrx_word' id='word_1_336' title='bbox 1138 2799 1163 2841; x_wconf 91' lang='lat' dir='ltr'><strong>et</strong></span> <span class='ocrx_word' id='word_1_337' title='bbox 1178 2794 1233 2854; x_wconf 82' lang='lat' dir='ltr'><strong>jure</strong></span> <span class='ocrx_word' id='word_1_338' title='bbox 1252 2794 1358 2857; x_wconf 89' lang='lat' dir='ltr'><strong>optimo;</strong></span> <span class='ocrx_word' id='word_1_339' title='bbox 1382 2809 1421 2842; x_wconf 88' lang='lat' dir='ltr'><strong>res</strong></span> <span class='ocrx_word' id='word_1_340' title='bbox 1439 2795 1496 2856; x_wconf 89' lang='lat' dir='ltr'><strong>ipsa</strong></span> 
     </span>
     <span class='ocr_line' id='line_1_31' title="bbox 141 2861 1493 2931; baseline -0.001 -15"><span class='ocrx_word' id='word_1_341' title='bbox 141 2867 237 2931; x_wconf 86' lang='lat' dir='ltr'><strong>probat.</strong></span> <span class='ocrx_word' id='word_1_342' title='bbox 274 2866 416 2916; x_wconf 82' lang='lat' dir='ltr'><strong>Ostendant</strong></span> <span class='ocrx_word' id='word_1_343' title='bbox 434 2866 459 2914; x_wconf 92' lang='lat' dir='ltr'><strong>id</strong></span> <span class='ocrx_word' id='word_1_344' title='bbox 477 2865 530 2914; x_wconf 93' lang='lat' dir='ltr'><strong>libri</strong></span> <span class='ocrx_word' id='word_1_345' title='bbox 549 2865 586 2912; x_wconf 90' lang='lat' dir='ltr'><strong>tui</strong></span> <span class='ocrx_word' id='word_1_346' title='bbox 604 2862 758 2927; x_wconf 85' lang='lat' dir='ltr'><strong>editi,&#39;pleni</strong></span> <span class='ocrx_word' id='word_1_347' title='bbox 777 2863 919 2912; x_wconf 89' lang='lat' dir='ltr'><strong>eruditionis</strong></span> <span class='ocrx_word' id='word_1_348' title='bbox 938 2864 1067 2913; x_wconf 88' lang='lat' dir='ltr'><strong>abstrusae</strong></span> <span class='ocrx_word' id='word_1_349' title='bbox 1080 2861 1125 2912; x_wconf 84' lang='lat' dir='ltr'><strong>dte.</strong></span> <span class='ocrx_word' id='word_1_350' title='bbox 1151 2862 1238 2913; x_wconf 87' lang='lat' dir='ltr'><strong>Testor</strong></span> <span class='ocrx_word' id='word_1_351' title='bbox 1256 2879 1325 2920; x_wconf 85' lang='lat' dir='ltr'><strong>sans,</strong></span> <span class='ocrx_word' id='word_1_352' title='bbox 1343 2865 1493 2929; x_wconf 79' lang='lat' dir='ltr'><strong>Tengnage-</strong></span> 
     </span>
     <span class='ocr_line' id='line_1_32' title="bbox 142 2933 1493 3001; baseline -0.003 -14"><span class='ocrx_word' id='word_1_353' title='bbox 142 2938 201 2987; x_wconf 86' lang='lat' dir='ltr'><strong>lium</strong></span> <span class='ocrx_word' id='word_1_354' title='bbox 221 2945 281 2986; x_wconf 89' lang='lat' dir='ltr'><strong>tunc</strong></span> <span class='ocrx_word' id='word_1_355' title='bbox 299 2939 416 3000; x_wconf 85' lang='lat' dir='ltr'><strong>temporis</strong></span> <span class='ocrx_word' id='word_1_356' title='bbox 435 2938 525 2999; x_wconf 83' lang='lat' dir='ltr'><strong>optimo</strong></span> <span class='ocrx_word' id='word_1_357' title='bbox 544 2937 570 2984; x_wconf 93' lang='lat' dir='ltr'><strong>in</strong></span> <span class='ocrx_word' id='word_1_358' title='bbox 588 2942 613 2983; x_wconf 92' lang='lat' dir='ltr'><strong>te</strong></span> <span class='ocrx_word' id='word_1_359' title='bbox 632 2935 707 2983; x_wconf 89' lang='lat' dir='ltr'><strong>fnisse</strong></span> <span class='ocrx_word' id='word_1_360' title='bbox 727 2935 817 2991; x_wconf 85' lang='lat' dir='ltr'><strong>animo,</strong></span> <span class='ocrx_word' id='word_1_361' title='bbox 837 2935 972 2997; x_wconf 88' lang='lat' dir='ltr'><strong>etquidem</strong></span> <span class='ocrx_word' id='word_1_362' title='bbox 991 2933 1035 2982; x_wconf 86' lang='lat' dir='ltr'><strong>tali</strong></span> <span class='ocrx_word' id='word_1_363' title='bbox 1054 2934 1135 2990; x_wconf 87' lang='lat' dir='ltr'><strong>modo,</strong></span> <span class='ocrx_word' id='word_1_364' title='bbox 1153 2941 1181 2983; x_wconf 93' lang='grc' dir='ltr'><strong>ιιι</strong></span> <span class='ocrx_word' id='word_1_365' title='bbox 1199 2937 1306 2998; x_wconf 82' lang='lat' dir='ltr'><strong>proxime</strong></span> <span class='ocrx_word' id='word_1_366' title='bbox 1324 2938 1418 3001; x_wconf 86' lang='lat' dir='ltr'><strong>scripsi.</strong></span> <span class='ocrx_word' id='word_1_367' title='bbox 1445 2935 1493 2996; x_wconf 86' lang='lat' dir='ltr'><strong>Qui</strong></span> 
     </span>
     <span class='ocr_line' id='line_1_33' title="bbox 142 3003 1496 3071; baseline -0.001 -14"><span class='ocrx_word' id='word_1_368' title='bbox 142 3023 199 3059; x_wconf 84' lang='lat' dir='ltr'><strong>raro</strong></span> <span class='ocrx_word' id='word_1_369' title='bbox 219 3011 319 3058; x_wconf 84' lang='lat' dir='ltr'><strong>iactum.</strong></span> <span class='ocrx_word' id='word_1_370' title='bbox 331 3007 412 3064; x_wconf 79' lang='lat' dir='ltr'><strong>inerit,</strong></span> <span class='ocrx_word' id='word_1_371' title='bbox 431 3014 460 3055; x_wconf 91' lang='lat' dir='ltr'><strong>ut</strong></span> <span class='ocrx_word' id='word_1_372' title='bbox 471 3007 515 3055; x_wconf 91' lang='lat' dir='ltr'><strong>illa</strong></span> <span class='ocrx_word' id='word_1_373' title='bbox 527 3007 665 3055; x_wconf 85' lang='lat' dir='ltr'><strong>animarum</strong></span> <span class='ocrx_word' id='word_1_374' title='bbox 684 3004 833 3054; x_wconf 84' lang='lat' dir='ltr'><strong>amicissima</strong></span> <span class='ocrx_word' id='word_1_375' title='bbox 847 3006 911 3053; x_wconf 91' lang='lat' dir='ltr'><strong>atui</strong></span> <span class='ocrx_word' id='word_1_376' title='bbox 924 3018 1006 3053; x_wconf 90' lang='lat' dir='ltr'><strong>amore</strong></span> <span class='ocrx_word' id='word_1_377' title='bbox 1026 3003 1145 3054; x_wconf 91' lang='lat' dir='ltr'><strong>destituta</strong></span> <span class='ocrx_word' id='word_1_378' title='bbox 1161 3006 1242 3064; x_wconf 87' lang='lat' dir='ltr'><strong>inerit,</strong></span> <span class='ocrx_word' id='word_1_379' title='bbox 1262 3021 1309 3071; x_wconf 77' lang='lat' dir='ltr'><strong>ege</strong></span> <span class='ocrx_word' id='word_1_380' title='bbox 1322 3021 1384 3056; x_wconf 91' lang='lat' dir='ltr'><strong>sane</strong></span> <span class='ocrx_word' id='word_1_381' title='bbox 1397 3007 1496 3056; x_wconf 90' lang='lat' dir='ltr'><strong>odorari</strong></span> 
     </span>
     <span class='ocr_line' id='line_1_34' title="bbox 141 3074 1494 3143; baseline -0.004 -13"><span class='ocrx_word' id='word_1_382' title='bbox 141 3094 190 3130; x_wconf 86' lang='lat' dir='ltr'><strong>non</strong></span> <span class='ocrx_word' id='word_1_383' title='bbox 208 3094 316 3143; x_wconf 81' lang='lat' dir='ltr'><strong>possum,</strong></span> <span class='ocrx_word' id='word_1_384' title='bbox 334 3093 380 3130; x_wconf 89' lang='lat' dir='ltr'><strong>nec</strong></span> <span class='ocrx_word' id='word_1_385' title='bbox 400 3093 428 3127; x_wconf 84' lang='lat' dir='ltr'><strong>ex</strong></span> <span class='ocrx_word' id='word_1_386' title='bbox 446 3077 616 3141; x_wconf 86' lang='lat' dir='ltr'><strong>praesentibus</strong></span> <span class='ocrx_word' id='word_1_387' title='bbox 631 3075 795 3142; x_wconf 82' lang='lat' dir='ltr'><strong>Tengnagelii</strong></span> <span class='ocrx_word' id='word_1_388' title='bbox 815 3075 892 3125; x_wconf 88' lang='lat' dir='ltr'><strong>literis</strong></span> <span class='ocrx_word' id='word_1_389' title='bbox 910 3075 943 3125; x_wconf 91' lang='lat' dir='ltr'><strong>ad</strong></span> <span class='ocrx_word' id='word_1_390' title='bbox 961 3090 1001 3125; x_wconf 87' lang='lat' dir='ltr'><strong>me</strong></span> <span class='ocrx_word' id='word_1_391' title='bbox 1018 3074 1057 3125; x_wconf 82' lang='lat' dir='ltr'><strong>rel</strong></span> <span class='ocrx_word' id='word_1_392' title='bbox 1074 3077 1200 3126; x_wconf 89' lang='lat' dir='ltr'><strong>minimum</strong></span> <span class='ocrx_word' id='word_1_393' title='bbox 1219 3092 1368 3143; x_wconf 78' lang='lat' dir='ltr'><strong>cognoscere</strong></span> <span class='ocrx_word' id='word_1_394' title='bbox 1386 3094 1494 3143; x_wconf 87' lang='lat' dir='ltr'><strong>possum,</strong></span> 
     </span>
     <span class='ocr_line' id='line_1_35' title="bbox 145 3145 1496 3214; baseline -0.001 -15"><span class='ocrx_word' id='word_1_395' title='bbox 145 3151 254 3201; x_wconf 84' lang='lat' dir='ltr'><strong>animum</strong></span> <span class='ocrx_word' id='word_1_396' title='bbox 273 3151 350 3214; x_wconf 85' lang='lat' dir='ltr'><strong>ipsius</strong></span> <span class='ocrx_word' id='word_1_397' title='bbox 368 3150 504 3199; x_wconf 86' lang='lat' dir='ltr'><strong>alienatum</strong></span> <span class='ocrx_word' id='word_1_398' title='bbox 523 3158 586 3198; x_wconf 84' lang='lat' dir='ltr'><strong>esse.</strong></span> <span class='ocrx_word' id='word_1_399' title='bbox 624 3146 688 3197; x_wconf 88' lang='lat' dir='ltr'><strong>Sunt</strong></span> <span class='ocrx_word' id='word_1_400' title='bbox 704 3146 771 3196; x_wconf 89' lang='lat' dir='ltr'><strong>hand</strong></span> <span class='ocrx_word' id='word_1_401' title='bbox 795 3146 910 3197; x_wconf 88' lang='lat' dir='ltr'><strong>dublein</strong></span> <span class='ocrx_word' id='word_1_402' title='bbox 928 3148 975 3196; x_wconf 90' lang='lat' dir='ltr'><strong>isto</strong></span> <span class='ocrx_word' id='word_1_403' title='bbox 993 3148 1043 3196; x_wconf 80' lang='lat' dir='ltr'><strong>viro</strong></span> <span class='ocrx_word' id='word_1_404' title='bbox 1060 3145 1153 3198; x_wconf 86' lang='lat' dir='ltr'><strong>heroici</strong></span> <span class='ocrx_word' id='word_1_405' title='bbox 1179 3150 1254 3198; x_wconf 86' lang='lat' dir='ltr'><strong>animi</strong></span> <span class='ocrx_word' id='word_1_406' title='bbox 1272 3156 1352 3200; x_wconf 85' lang='lat' dir='ltr'><strong>motus</strong></span> <span class='ocrx_word' id='word_1_407' title='bbox 1371 3151 1496 3199; x_wconf 86' lang='lat' dir='ltr'><strong>subitanei</strong></span> 
     </span>
     <span class='ocr_line' id='line_1_36' title="bbox 144 3212 1495 3286; baseline -0.002 -15"><span class='ocrx_word' id='word_1_408' title='bbox 144 3223 170 3271; x_wconf 91' lang='lat' dir='ltr'><strong>ln</strong></span> <span class='ocrx_word' id='word_1_409' title='bbox 187 3229 318 3286; x_wconf 84' lang='lat' dir='ltr'><strong>utramque</strong></span> <span class='ocrx_word' id='word_1_410' title='bbox 336 3227 442 3284; x_wconf 84' lang='lat' dir='ltr'><strong>partem,</strong></span> <span class='ocrx_word' id='word_1_411' title='bbox 462 3228 487 3269; x_wconf 90' lang='lat' dir='ltr'><strong>et</strong></span> <span class='ocrx_word' id='word_1_412' title='bbox 504 3220 598 3286; x_wconf 84' lang='lat' dir='ltr'><strong>ingenii</strong></span> <span class='ocrx_word' id='word_1_413' title='bbox 616 3219 732 3270; x_wconf 83' lang='lat' dir='ltr'><strong>divinitas</strong></span> <span class='ocrx_word' id='word_1_414' title='bbox 750 3219 872 3284; x_wconf 87' lang='lat' dir='ltr'><strong>quaedam</strong></span> <span class='ocrx_word' id='word_1_415' title='bbox 890 3219 986 3283; x_wconf 88' lang='lat' dir='ltr'><strong>inipso</strong></span> <span class='ocrx_word' id='word_1_416' title='bbox 1006 3225 1051 3268; x_wconf 87' lang='lat' dir='ltr'><strong>est.</strong></span> <span class='ocrx_word' id='word_1_417' title='bbox 1073 3212 1153 3284; x_wconf 64' lang='lat' dir='ltr'><strong>Spero</strong></span> <span class='ocrx_word' id='word_1_418' title='bbox 1172 3220 1264 3286; x_wconf 84' lang='lat' dir='ltr'><strong>itaque,</strong></span> <span class='ocrx_word' id='word_1_419' title='bbox 1283 3221 1338 3271; x_wconf 84' lang='lat' dir='ltr'><strong>illas</strong></span> <span class='ocrx_word' id='word_1_420' title='bbox 1357 3222 1495 3271; x_wconf 83' lang='lat' dir='ltr'><strong>simultates</strong></span> 
     </span>
     <span class='ocr_line' id='line_1_37' title="bbox 145 3291 557 3356; baseline -0.01 -12"><span class='ocrx_word' id='word_1_421' title='bbox 145 3293 224 3344; x_wconf 78' lang='lat' dir='ltr'><strong>nblto</strong></span> <span class='ocrx_word' id='word_1_422' title='bbox 242 3299 342 3342; x_wconf 78' lang='lat' dir='ltr'><strong>exortas</strong></span> <span class='ocrx_word' id='word_1_423' title='bbox 359 3291 502 3356; x_wconf 59' lang='lat' dir='ltr'><strong>mamm</strong></span> <span class='ocrx_word' id='word_1_424' title='bbox 520 3293 557 3342; x_wconf 91' lang='lat' dir='ltr'><strong>iri.</strong></span> 
     </span>
    </p>

    <p class='ocr_par' dir='ltr' id='par_1_10' title="bbox 234 3357 1495 3444">
     <span class='ocr_line' id='line_1_38' title="bbox 234 3357 1495 3444; baseline 0.002 -21"><span class='ocrx_word' id='word_1_425' title='bbox 234 3372 274 3423; x_wconf 79' lang='lat' dir='ltr'><strong>Ad</strong></span> <span class='ocrx_word' id='word_1_426' title='bbox 291 3372 357 3424; x_wconf 82' lang='lat' dir='ltr'><strong>haec</strong></span> <span class='ocrx_word' id='word_1_427' title='bbox 373 3371 497 3438; x_wconf 78' lang='lat' dir='ltr'><strong>Keplerns</strong></span> <span class='ocrx_word' id='word_1_428' title='bbox 515 3373 550 3423; x_wconf 83' lang='lat' dir='ltr'><strong>sic</strong></span> <span class='ocrx_word' id='word_1_429' title='bbox 570 3357 750 3436; x_wconf 69' lang='lat' dir='ltr'><strong>respondtit.</strong></span> <span class='ocrx_word' id='word_1_430' title='bbox 771 3369 826 3420; x_wconf 82' lang='lat' dir='ltr'><strong>Oct.</strong></span> <span class='ocrx_word' id='word_1_431' title='bbox 848 3365 946 3430; x_wconf 61' lang='lat' dir='ltr'><strong>iton:</strong></span> <span class='ocrx_word' id='word_1_432' title='bbox 965 3360 1156 3424; x_wconf 83' lang='lat' dir='ltr'><strong>Offensiones</strong></span> <span class='ocrx_word' id='word_1_433' title='bbox 1185 3382 1251 3425; x_wconf 91' lang='lat' dir='ltr'><strong>oum</strong></span> <span class='ocrx_word' id='word_1_434' title='bbox 1279 3364 1495 3444; x_wconf 89' lang='lat' dir='ltr'><strong>Tengnagelio,</strong></span> 
     </span>
    </p>
   </div>
   <div class='ocr_carea' id='block_1_10' title="bbox 145 3449 1545 3800">
    <p class='ocr_par' dir='ltr' id='par_1_11' title="bbox 145 3449 1545 3800">
     <span class='ocr_line' id='line_1_39' title="bbox 146 3449 1494 3537; baseline -0.003 -20"><span class='ocrx_word' id='word_1_435' title='bbox 146 3453 225 3537; x_wconf 89' lang='lat' dir='ltr'><strong>quod</strong></span> <span class='ocrx_word' id='word_1_436' title='bbox 254 3454 381 3531; x_wconf 82' lang='lat' dir='ltr'><strong>scribis,</strong></span> <span class='ocrx_word' id='word_1_437' title='bbox 411 3460 530 3534; x_wconf 90' lang='lat' dir='ltr'><strong>tempus</strong></span> <span class='ocrx_word' id='word_1_438' title='bbox 560 3460 592 3513; x_wconf 91' lang='lat' dir='ltr'><strong>et</strong></span> <span class='ocrx_word' id='word_1_439' title='bbox 622 3469 690 3512; x_wconf 90' lang='lat' dir='ltr'><strong>mea</strong></span> <span class='ocrx_word' id='word_1_440' title='bbox 719 3451 763 3512; x_wconf 93' lang='lat' dir='ltr'><strong>uti</strong></span> <span class='ocrx_word' id='word_1_441' title='bbox 796 3470 883 3532; x_wconf 90' lang='lat' dir='ltr'><strong>spero</strong></span> <span class='ocrx_word' id='word_1_442' title='bbox 906 3449 1066 3531; x_wconf 84' lang='lat' dir='ltr'><strong>integritas</strong></span> <span class='ocrx_word' id='word_1_443' title='bbox 1094 3460 1125 3514; x_wconf 91' lang='lat' dir='ltr'><strong>et</strong></span> <span class='ocrx_word' id='word_1_444' title='bbox 1153 3452 1265 3516; x_wconf 88' lang='lat' dir='ltr'><strong>candor</strong></span> <span class='ocrx_word' id='word_1_445' title='bbox 1296 3453 1494 3536; x_wconf 88' lang='lat' dir='ltr'><strong>dispulerunt.</strong></span> 
     </span>
     <span class='ocr_line' id='line_1_40' title="bbox 145 3539 1545 3624; baseline -0.005 -15"><span class='ocrx_word' id='word_1_446' title='bbox 145 3543 320 3609; x_wconf 87' lang='lat' dir='ltr'><strong>Nubeculas</strong></span> <span class='ocrx_word' id='word_1_447' title='bbox 342 3551 444 3606; x_wconf 90' lang='lat' dir='ltr'><strong>tamen</strong></span> <span class='ocrx_word' id='word_1_448' title='bbox 467 3560 586 3622; x_wconf 91' lang='lat' dir='ltr'><strong>semper</strong></span> <span class='ocrx_word' id='word_1_449' title='bbox 609 3539 727 3622; x_wconf 88' lang='lat' dir='ltr'><strong>aliquas</strong></span> <span class='ocrx_word' id='word_1_450' title='bbox 746 3541 871 3602; x_wconf 83' lang='lat' dir='ltr'><strong>exhalat</strong></span> <span class='ocrx_word' id='word_1_451' title='bbox 892 3540 975 3602; x_wconf 90' lang='lat' dir='ltr'><strong>locus</strong></span> <span class='ocrx_word' id='word_1_452' title='bbox 999 3540 1160 3603; x_wconf 91' lang='lat' dir='ltr'><strong>lacunosus</strong></span> <span class='ocrx_word' id='word_1_453' title='bbox 1175 3573 1218 3584; x_wconf 94' lang='lat'>-</span> <span class='ocrx_word' id='word_1_454' title='bbox 1236 3543 1352 3624; x_wconf 89' lang='lat' dir='ltr'><strong>reliqna</strong></span> <span class='ocrx_word' id='word_1_455' title='bbox 1374 3543 1495 3623; x_wconf 89' lang='lat' dir='ltr'><strong>inquam</strong></span> <span class='ocrx_word' id='word_1_456' title='bbox 1538 3558 1545 3570; x_wconf 92' lang='lat'><em>·</em></span> 
     </span>
     <span class='ocr_line' id='line_1_41' title="bbox 147 3629 1494 3713; baseline 0 -19"><span class='ocrx_word' id='word_1_457' title='bbox 147 3632 272 3695; x_wconf 88' lang='lat' dir='ltr'><strong>familia.</strong></span> <span class='ocrx_word' id='word_1_458' title='bbox 318 3634 365 3696; x_wconf 92' lang='lat' dir='ltr'><strong>De</strong></span> <span class='ocrx_word' id='word_1_459' title='bbox 388 3631 492 3713; x_wconf 85' lang='lat' dir='ltr'><strong>genesi</strong></span> <span class='ocrx_word' id='word_1_460' title='bbox 515 3640 615 3693; x_wconf 87' lang='lat' dir='ltr'><strong>tamen</strong></span> <span class='ocrx_word' id='word_1_461' title='bbox 639 3630 704 3709; x_wconf 90' lang='lat' dir='ltr'><strong>ejus</strong></span> <span class='ocrx_word' id='word_1_462' title='bbox 727 3631 802 3692; x_wconf 89' lang='lat' dir='ltr'><strong>haec</strong></span> <span class='ocrx_word' id='word_1_463' title='bbox 826 3629 934 3710; x_wconf 91' lang='lat' dir='ltr'><strong>scripsi</strong></span> <span class='ocrx_word' id='word_1_464' title='bbox 957 3629 1054 3692; x_wconf 90' lang='lat' dir='ltr'><strong>serio:</strong></span> <span class='ocrx_word' id='word_1_465' title='bbox 1080 3629 1229 3694; x_wconf 84' lang='lat' dir='ltr'><strong>Satnmns</strong></span> <span class='ocrx_word' id='word_1_466' title='bbox 1253 3632 1389 3694; x_wconf 85' lang='lat' dir='ltr'><strong>elevatus</strong></span> <span class='ocrx_word' id='word_1_467' title='bbox 1413 3631 1442 3693; x_wconf 91' lang='lat' dir='ltr'><strong>in</strong></span> <span class='ocrx_word' id='word_1_468' title='bbox 1468 3635 1494 3704; x_wconf 85' lang='lat'><strong>00</strong></span> 
     </span>
     <span class='ocr_line' id='line_1_42' title="bbox 146 3714 1496 3800; baseline -0.004 -15"><span class='ocrx_word' id='word_1_469' title='bbox 146 3723 259 3785; x_wconf 86' lang='lat' dir='ltr'><strong>Martis</strong></span> <span class='ocrx_word' id='word_1_470' title='bbox 283 3720 493 3785; x_wconf 84' lang='lat' dir='ltr'><strong>infelicitatem</strong></span> <span class='ocrx_word' id='word_1_471' title='bbox 516 3719 605 3782; x_wconf 85' lang='lat' dir='ltr'><strong>affert</strong></span> <span class='ocrx_word' id='word_1_472' title='bbox 627 3727 658 3779; x_wconf 91' lang='lat' dir='ltr'><strong>et</strong></span> <span class='ocrx_word' id='word_1_473' title='bbox 681 3719 822 3782; x_wconf 90' lang='lat' dir='ltr'><strong>duritiem</strong></span> <span class='ocrx_word' id='word_1_474' title='bbox 851 3719 960 3794; x_wconf 87' lang='lat' dir='ltr'><strong>animi;</strong></span> <span class='ocrx_word' id='word_1_475' title='bbox 993 3719 1015 3794; x_wconf 61' lang='lat' dir='ltr'><em>Q</em></span> <span class='ocrx_word' id='word_1_476' title='bbox 1037 3719 1067 3781; x_wconf 91' lang='lat' dir='ltr'><strong>in</strong></span> <span class='ocrx_word' id='word_1_477' title='bbox 1092 3721 1121 3796; x_wconf 62' lang='grc' dir='ltr'><em>ὅ</em></span> <span class='ocrx_word' id='word_1_478' title='bbox 1144 3714 1164 3798; x_wconf 75' lang='lat' dir='ltr'><strong>i)</strong></span> <span class='ocrx_word' id='word_1_479' title='bbox 1189 3721 1385 3800; x_wconf 90' lang='lat' dir='ltr'><strong>suspiciones.</strong></span> <span class='ocrx_word' id='word_1_480' title='bbox 1433 3720 1496 3782; x_wconf 85' lang='lat' dir='ltr'><strong>Sed</strong></span> 
     </span>
    </p>
   </div>
   <div class='ocr_carea' id='block_1_11' title="bbox 34 3804 1495 3898">
    <p class='ocr_par' dir='ltr' id='par_1_12' title="bbox 34 3804 1495 3898">
     <span class='ocr_line' id='line_1_43' title="bbox 34 3804 1495 3898; baseline -0.004 -23"><span class='ocrx_word' id='word_1_481' title='bbox 34 3886 37 3898; x_wconf 35' lang='grc' dir='ltr'>Ι</span> <span class='ocrx_word' id='word_1_482' title='bbox 146 3812 218 3893; x_wconf 92' lang='lat' dir='ltr'><strong>qnia</strong></span> <span class='ocrx_word' id='word_1_483' title='bbox 241 3811 333 3875; x_wconf 87' lang='lat' dir='ltr'><strong>etiarn</strong></span> <span class='ocrx_word' id='word_1_484' title='bbox 356 3819 381 3881; x_wconf 73' lang='grc' dir='ltr'><strong>(ς</strong></span> <span class='ocrx_word' id='word_1_485' title='bbox 405 3811 434 3873; x_wconf 93' lang='lat' dir='ltr'><strong>in</strong></span> <span class='ocrx_word' id='word_1_486' title='bbox 460 3809 562 3872; x_wconf 83' lang='lat' dir='ltr'><strong>sextili</strong></span> <span class='ocrx_word' id='word_1_487' title='bbox 584 3807 630 3883; x_wconf 70' lang='lat' dir='ltr'><strong>il,</strong></span> <span class='ocrx_word' id='word_1_488' title='bbox 663 3807 706 3869; x_wconf 86' lang='lat' dir='ltr'><strong>ita</strong></span> <span class='ocrx_word' id='word_1_489' title='bbox 738 3817 772 3870; x_wconf 91' lang='lat' dir='ltr'><strong>nt</strong></span> <span class='ocrx_word' id='word_1_490' title='bbox 795 3809 835 3871; x_wconf 91' lang='lat' dir='ltr'><strong>sit</strong></span> <span class='ocrx_word' id='word_1_491' title='bbox 859 3812 894 3878; x_wconf 78' lang='grc' dir='ltr'>Δ</span> <span class='ocrx_word' id='word_1_492' title='bbox 912 3804 933 3885; x_wconf 72' lang='lat' dir='ltr'><strong>ii</strong></span> <span class='ocrx_word' id='word_1_493' title='bbox 953 3807 999 3881; x_wconf 66' lang='lat' dir='ltr'><strong>ii,</strong></span> <span class='ocrx_word' id='word_1_494' title='bbox 1029 3808 1119 3888; x_wconf 87' lang='lat' dir='ltr'><strong>plane</strong></span> <span class='ocrx_word' id='word_1_495' title='bbox 1150 3810 1193 3871; x_wconf 91' lang='lat' dir='ltr'><strong>uti</strong></span> <span class='ocrx_word' id='word_1_496' title='bbox 1225 3810 1332 3873; x_wconf 91' lang='lat' dir='ltr'><strong>scribis</strong></span> <span class='ocrx_word' id='word_1_497' title='bbox 1363 3809 1495 3871; x_wconf 88' lang='lat' dir='ltr'><strong>divinum</strong></span> 
     </span>
    </p>
   </div>
   <div class='ocr_carea' id='block_1_12' title="bbox 144 3895 1496 4698">
    <p class='ocr_par' dir='ltr' id='par_1_13' title="bbox 144 3895 1496 4698">
     <span class='ocr_line' id='line_1_44' title="bbox 146 3895 1496 3982; baseline -0.004 -20"><span class='ocrx_word' id='word_1_498' title='bbox 146 3910 231 3963; x_wconf 85' lang='lat' dir='ltr'><strong>notat</strong></span> <span class='ocrx_word' id='word_1_499' title='bbox 255 3901 421 3982; x_wconf 90' lang='lat' dir='ltr'><strong>ingenium,</strong></span> <span class='ocrx_word' id='word_1_500' title='bbox 445 3899 524 3981; x_wconf 92' lang='lat' dir='ltr'><strong>quod</strong></span> <span class='ocrx_word' id='word_1_501' title='bbox 547 3906 649 3959; x_wconf 87' lang='lat' dir='ltr'><strong>natum</strong></span> <span class='ocrx_word' id='word_1_502' title='bbox 674 3897 715 3959; x_wconf 87' lang='lat' dir='ltr'><strong>sit</strong></span> <span class='ocrx_word' id='word_1_503' title='bbox 735 3917 845 3978; x_wconf 84' lang='lat' dir='ltr'><strong>magna</strong></span> <span class='ocrx_word' id='word_1_504' title='bbox 868 3897 898 3958; x_wconf 92' lang='lat' dir='ltr'><strong>in</strong></span> <span class='ocrx_word' id='word_1_505' title='bbox 921 3895 1037 3959; x_wconf 90' lang='lat' dir='ltr'><strong>artibus</strong></span> <span class='ocrx_word' id='word_1_506' title='bbox 1060 3916 1197 3976; x_wconf 87' lang='lat' dir='ltr'><strong>movere,</strong></span> <span class='ocrx_word' id='word_1_507' title='bbox 1223 3899 1248 3960; x_wconf 90' lang='lat' dir='ltr'><strong>si</strong></span> <span class='ocrx_word' id='word_1_508' title='bbox 1272 3900 1434 3961; x_wconf 85' lang='lat' dir='ltr'><strong>infelicitas</strong></span> <span class='ocrx_word' id='word_1_509' title='bbox 1458 3918 1496 3958; x_wconf 85' lang='lat' dir='ltr'><strong>ex</strong></span> 
     </span>
     <span class='ocr_line' id='line_1_45' title="bbox 146 3986 1496 4069; baseline -0.003 -17"><span class='ocrx_word' id='word_1_510' title='bbox 146 3986 251 4069; x_wconf 72' lang='lat' dir='ltr'><strong>iinon</strong></span> <span class='ocrx_word' id='word_1_511' title='bbox 276 3992 420 4053; x_wconf 87' lang='lat' dir='ltr'><strong>obstaret.</strong></span> <span class='ocrx_word' id='word_1_512' title='bbox 459 3988 588 4053; x_wconf 87' lang='lat' dir='ltr'><strong>Occasio</strong></span> <span class='ocrx_word' id='word_1_513' title='bbox 613 3988 836 4050; x_wconf 88' lang='lat' dir='ltr'><strong>contentionum</strong></span> <span class='ocrx_word' id='word_1_514' title='bbox 860 4006 898 4047; x_wconf 82' lang='lat' dir='ltr'><strong>ex</strong></span> <span class='ocrx_word' id='word_1_515' title='bbox 916 3986 1005 4046; x_wconf 89' lang='lat' dir='ltr'><strong>malis</strong></span> <span class='ocrx_word' id='word_1_516' title='bbox 1029 3986 1160 4048; x_wconf 88' lang='lat' dir='ltr'><strong>familiae</strong></span> <span class='ocrx_word' id='word_1_517' title='bbox 1184 3989 1316 4051; x_wconf 90' lang='lat' dir='ltr'><strong>moribus</strong></span> <span class='ocrx_word' id='word_1_518' title='bbox 1340 3998 1370 4050; x_wconf 88' lang='lat' dir='ltr'><strong>et</strong></span> <span class='ocrx_word' id='word_1_519' title='bbox 1393 3989 1496 4069; x_wconf 91' lang='lat' dir='ltr'><strong>suspi-</strong></span> 
     </span>
     <span class='ocr_line' id='line_1_46' title="bbox 146 4074 1495 4159; baseline -0.003 -17"><span class='ocrx_word' id='word_1_520' title='bbox 146 4079 285 4156; x_wconf 86' lang='lat' dir='ltr'><strong>cacitate,</strong></span> <span class='ocrx_word' id='word_1_521' title='bbox 310 4087 341 4141; x_wconf 93' lang='lat' dir='ltr'><strong>et</strong></span> <span class='ocrx_word' id='word_1_522' title='bbox 354 4099 422 4142; x_wconf 87' lang='lat' dir='ltr'><strong>mea</strong></span> <span class='ocrx_word' id='word_1_523' title='bbox 444 4078 578 4140; x_wconf 83' lang='lat' dir='ltr'><strong>vicissim</strong></span> <span class='ocrx_word' id='word_1_524' title='bbox 601 4076 779 4156; x_wconf 85' lang='lat' dir='ltr'><strong>impotentia</strong></span> <span class='ocrx_word' id='word_1_525' title='bbox 798 4083 829 4139; x_wconf 91' lang='lat' dir='ltr'><strong>et</strong></span> <span class='ocrx_word' id='word_1_526' title='bbox 844 4074 1009 4138; x_wconf 89' lang='lat' dir='ltr'><strong>insultandi</strong></span> <span class='ocrx_word' id='word_1_527' title='bbox 1032 4074 1164 4138; x_wconf 87' lang='lat' dir='ltr'><strong>libidine.</strong></span> <span class='ocrx_word' id='word_1_528' title='bbox 1200 4079 1257 4140; x_wconf 86' lang='lat' dir='ltr'><strong>His</strong></span> <span class='ocrx_word' id='word_1_529' title='bbox 1279 4077 1495 4159; x_wconf 88' lang='lat' dir='ltr'><strong>superveniens</strong></span> 
     </span>
     <span class='ocr_line' id='line_1_47' title="bbox 145 4164 1492 4249; baseline -0.003 -18"><span class='ocrx_word' id='word_1_530' title='bbox 145 4169 368 4249; x_wconf 85' lang='lat' dir='ltr'><strong>Tengnagelius</strong></span> <span class='ocrx_word' id='word_1_531' title='bbox 396 4174 572 4249; x_wconf 88' lang='lat' dir='ltr'><strong>argumenta</strong></span> <span class='ocrx_word' id='word_1_532' title='bbox 595 4185 667 4227; x_wconf 87' lang='lat' dir='ltr'><strong>sane</strong></span> <span class='ocrx_word' id='word_1_533' title='bbox 690 4186 749 4229; x_wconf 92' lang='lat' dir='ltr'><strong>non</strong></span> <span class='ocrx_word' id='word_1_534' title='bbox 778 4165 859 4228; x_wconf 89' lang='lat' dir='ltr'><strong>levia</strong></span> <span class='ocrx_word' id='word_1_535' title='bbox 889 4164 1022 4240; x_wconf 90' lang='lat' dir='ltr'><strong>invenit,</strong></span> <span class='ocrx_word' id='word_1_536' title='bbox 1055 4164 1133 4226; x_wconf 87' lang='lat' dir='ltr'><strong>male</strong></span> <span class='ocrx_word' id='word_1_537' title='bbox 1167 4167 1204 4228; x_wconf 88' lang='lat' dir='ltr'><strong>de</strong></span> <span class='ocrx_word' id='word_1_538' title='bbox 1232 4187 1279 4228; x_wconf 89' lang='lat' dir='ltr'><strong>me</strong></span> <span class='ocrx_word' id='word_1_539' title='bbox 1309 4167 1492 4247; x_wconf 84' lang='lat' dir='ltr'><strong>suspicandi.</strong></span> 
     </span>
     <span class='ocr_line' id='line_1_48' title="bbox 145 4253 1492 4334; baseline -0.002 -13"><span class='ocrx_word' id='word_1_540' title='bbox 145 4258 346 4321; x_wconf 91' lang='lat' dir='ltr'><strong>Possidebam</strong></span> <span class='ocrx_word' id='word_1_541' title='bbox 370 4256 605 4330; x_wconf 88' lang='lat' dir='ltr'><strong>observationes,</strong></span> <span class='ocrx_word' id='word_1_542' title='bbox 629 4275 809 4334; x_wconf 84' lang='lat' dir='ltr'><strong>negaveram</strong></span> <span class='ocrx_word' id='word_1_543' title='bbox 832 4274 879 4316; x_wconf 89' lang='lat' dir='ltr'><strong>me</strong></span> <span class='ocrx_word' id='word_1_544' title='bbox 904 4273 940 4315; x_wconf 91' lang='lat' dir='ltr'><strong>ea</strong></span> <span class='ocrx_word' id='word_1_545' title='bbox 954 4253 1150 4334; x_wconf 91' lang='lat' dir='ltr'><strong>possessione</strong></span> <span class='ocrx_word' id='word_1_546' title='bbox 1174 4276 1327 4319; x_wconf 91' lang='lat' dir='ltr'><strong>cessurum</strong></span> <span class='ocrx_word' id='word_1_547' title='bbox 1351 4257 1492 4318; x_wconf 89' lang='lat' dir='ltr'><strong>haeredi-</strong></span> 
     </span>
     <span class='ocr_line' id='line_1_49' title="bbox 144 4338 1494 4428; baseline -0.003 -19"><span class='ocrx_word' id='word_1_548' title='bbox 144 4347 221 4423; x_wconf 81' lang='lat' dir='ltr'><strong>bns3</strong></span> <span class='ocrx_word' id='word_1_549' title='bbox 246 4366 327 4409; x_wconf 88' lang='lat' dir='ltr'><strong>eram</strong></span> <span class='ocrx_word' id='word_1_550' title='bbox 351 4347 381 4408; x_wconf 96' lang='lat' dir='ltr'><strong>in</strong></span> <span class='ocrx_word' id='word_1_551' title='bbox 404 4367 457 4428; x_wconf 92' lang='lat' dir='ltr'><strong>spe</strong></span> <span class='ocrx_word' id='word_1_552' title='bbox 481 4345 602 4408; x_wconf 88' lang='lat' dir='ltr'><strong>salarii:</strong></span> <span class='ocrx_word' id='word_1_553' title='bbox 627 4343 687 4425; x_wconf 90' lang='lat' dir='ltr'><strong>ipsi</strong></span> <span class='ocrx_word' id='word_1_554' title='bbox 709 4344 844 4407; x_wconf 89' lang='lat' dir='ltr'><strong>vicissim</strong></span> <span class='ocrx_word' id='word_1_555' title='bbox 868 4363 905 4404; x_wconf 83' lang='lat' dir='ltr'><strong>ex</strong></span> <span class='ocrx_word' id='word_1_556' title='bbox 921 4344 991 4404; x_wconf 85' lang='lat' dir='ltr'><strong>aula</strong></span> <span class='ocrx_word' id='word_1_557' title='bbox 1013 4342 1087 4405; x_wconf 92' lang='lat' dir='ltr'><strong>nihil</strong></span> <span class='ocrx_word' id='word_1_558' title='bbox 1111 4345 1307 4426; x_wconf 87' lang='lat' dir='ltr'><strong>accipiebant.</strong></span> <span class='ocrx_word' id='word_1_559' title='bbox 1339 4338 1401 4408; x_wconf 82' lang='lat' dir='ltr'><strong>Sed</strong></span> <span class='ocrx_word' id='word_1_560' title='bbox 1420 4346 1494 4406; x_wconf 92' lang='lat' dir='ltr'><strong>illud</strong></span> 
     </span>
     <span class='ocr_line' id='line_1_50' title="bbox 145 4430 1495 4517; baseline -0.002 -19"><span class='ocrx_word' id='word_1_561' title='bbox 145 4435 285 4517; x_wconf 88' lang='lat' dir='ltr'><strong>peccavit</strong></span> <span class='ocrx_word' id='word_1_562' title='bbox 298 4436 488 4511; x_wconf 87' lang='lat' dir='ltr'><strong>Franciscus,</strong></span> <span class='ocrx_word' id='word_1_563' title='bbox 512 4430 590 4516; x_wconf 88' lang='lat' dir='ltr'><strong>quod</strong></span> <span class='ocrx_word' id='word_1_564' title='bbox 609 4442 679 4514; x_wconf 91' lang='lat' dir='ltr'><strong>post</strong></span> <span class='ocrx_word' id='word_1_565' title='bbox 702 4453 818 4497; x_wconf 91' lang='lat' dir='ltr'><strong>onmem</strong></span> <span class='ocrx_word' id='word_1_566' title='bbox 842 4432 1080 4495; x_wconf 88' lang='lat' dir='ltr'><strong>satisfactionem</strong></span> <span class='ocrx_word' id='word_1_567' title='bbox 1104 4454 1163 4497; x_wconf 93' lang='lat' dir='ltr'><strong>non</strong></span> <span class='ocrx_word' id='word_1_568' title='bbox 1186 4435 1347 4516; x_wconf 88' lang='lat' dir='ltr'><strong>acquievit,</strong></span> <span class='ocrx_word' id='word_1_569' title='bbox 1371 4437 1424 4496; x_wconf 92' lang='lat' dir='ltr'><strong>sed</strong></span> <span class='ocrx_word' id='word_1_570' title='bbox 1449 4456 1495 4496; x_wconf 90' lang='lat' dir='ltr'><strong>me</strong></span> 
     </span>
     <span class='ocr_line' id='line_1_51' title="bbox 146 4521 1493 4605; baseline -0.001 -18"><span class='ocrx_word' id='word_1_571' title='bbox 146 4525 310 4588; x_wconf 84' lang='lat' dir='ltr'><strong>terroribus</strong></span> <span class='ocrx_word' id='word_1_572' title='bbox 325 4525 420 4587; x_wconf 87' lang='lat' dir='ltr'><strong>illatis</strong></span> <span class='ocrx_word' id='word_1_573' title='bbox 435 4525 474 4586; x_wconf 89' lang='lat' dir='ltr'><strong>ad</strong></span> <span class='ocrx_word' id='word_1_574' title='bbox 490 4523 619 4586; x_wconf 90' lang='lat' dir='ltr'><strong>levicula</strong></span> <span class='ocrx_word' id='word_1_575' title='bbox 641 4522 752 4605; x_wconf 88' lang='lat' dir='ltr'><strong>aliqua,</strong></span> <span class='ocrx_word' id='word_1_576' title='bbox 776 4521 938 4605; x_wconf 90' lang='lat' dir='ltr'><strong>quaemihi</strong></span> <span class='ocrx_word' id='word_1_577' title='bbox 953 4521 1110 4599; x_wconf 88' lang='lat' dir='ltr'><strong>restabant</strong></span> <span class='ocrx_word' id='word_1_578' title='bbox 1126 4525 1319 4604; x_wconf 89' lang='lat' dir='ltr'><strong>praestanda,</strong></span> <span class='ocrx_word' id='word_1_579' title='bbox 1344 4544 1493 4605; x_wconf 87' lang='lat' dir='ltr'><strong>nunquam</strong></span> 
     </span>
     <span class='ocr_line' id='line_1_52' title="bbox 145 4611 1496 4698; baseline -0.002 -20"><span class='ocrx_word' id='word_1_580' title='bbox 145 4616 229 4698; x_wconf 86' lang='lat' dir='ltr'><strong>prius</strong></span> <span class='ocrx_word' id='word_1_581' title='bbox 252 4614 397 4677; x_wconf 89' lang='lat' dir='ltr'><strong>monitum</strong></span> <span class='ocrx_word' id='word_1_582' title='bbox 420 4633 458 4675; x_wconf 82' lang='lat' dir='ltr'><strong>ex</strong></span> <span class='ocrx_word' id='word_1_583' title='bbox 481 4612 607 4694; x_wconf 88' lang='lat' dir='ltr'><strong>abrupto</strong></span> <span class='ocrx_word' id='word_1_584' title='bbox 631 4613 752 4692; x_wconf 88' lang='lat' dir='ltr'><strong>adigere</strong></span> <span class='ocrx_word' id='word_1_585' title='bbox 776 4611 943 4687; x_wconf 88' lang='lat' dir='ltr'><strong>contendit,</strong></span> <span class='ocrx_word' id='word_1_586' title='bbox 971 4611 1095 4692; x_wconf 89' lang='lat' dir='ltr'><strong>perinde</strong></span> <span class='ocrx_word' id='word_1_587' title='bbox 1118 4633 1154 4675; x_wconf 86' lang='lat' dir='ltr'><strong>ac</strong></span> <span class='ocrx_word' id='word_1_588' title='bbox 1177 4612 1204 4674; x_wconf 93' lang='lat' dir='ltr'><strong>si</strong></span> <span class='ocrx_word' id='word_1_589' title='bbox 1227 4612 1286 4675; x_wconf 87' lang='lat' dir='ltr'><strong>vile</strong></span> <span class='ocrx_word' id='word_1_590' title='bbox 1314 4614 1496 4695; x_wconf 87' lang='lat' dir='ltr'><strong>mancipium</strong></span> 
     </span>
    </p>
   </div>
   <div class='ocr_carea' id='block_1_13' title="bbox 145 4706 1496 4928">
    <p class='ocr_par' dir='ltr' id='par_1_14' title="bbox 145 4706 1496 4928">
     <span class='ocr_line' id='line_1_53' title="bbox 145 4706 1496 4858; baseline -0.004 -13"><span class='ocrx_word' id='word_1_591' title='bbox 145 4706 293 4844; x_wconf 53' lang='lat' dir='ltr'><strong>fmsseiim</strong></span> <span class='ocrx_word' id='word_1_592' title='bbox 310 4791 448 4858; x_wconf 83' lang='lat' dir='ltr'><strong>Kaplerus,</strong></span> <span class='ocrx_word' id='word_1_593' title='bbox 471 4804 514 4856; x_wconf 89' lang='lat' dir='ltr'><strong>per</strong></span> <span class='ocrx_word' id='word_1_594' title='bbox 537 4790 628 4857; x_wconf 82' lang='lat' dir='ltr'><strong>aliquot</strong></span> <span class='ocrx_word' id='word_1_595' title='bbox 652 4804 730 4842; x_wconf 87' lang='lat' dir='ltr'><strong>annos</strong></span> <span class='ocrx_word' id='word_1_596' title='bbox 748 4803 800 4840; x_wconf 86' lang='lat' dir='ltr'><strong>rem</strong></span> <span class='ocrx_word' id='word_1_597' title='bbox 824 4788 945 4838; x_wconf 86' lang='lat' dir='ltr'><strong>intactam</strong></span> <span class='ocrx_word' id='word_1_598' title='bbox 969 4788 1108 4856; x_wconf 84' lang='lat' dir='ltr'><strong>relinquens</strong></span> <span class='ocrx_word' id='word_1_599' title='bbox 1131 4790 1228 4841; x_wconf 88' lang='lat' dir='ltr'><strong>demum</strong></span> <span class='ocrx_word' id='word_1_600' title='bbox 1247 4803 1313 4840; x_wconf 86' lang='lat' dir='ltr'><strong>anno</strong></span> <span class='ocrx_word' id='word_1_601' title='bbox 1335 4785 1411 4838; x_wconf 80' lang='lat' dir='ltr'><strong>ioci.</strong></span> <span class='ocrx_word' id='word_1_602' title='bbox 1432 4792 1496 4840; x_wconf 87' lang='lat' dir='ltr'><strong>redit</strong></span> 
     </span>
     <span class='ocr_line' id='line_1_54' title="bbox 148 4858 1494 4928; baseline -0.004 -10"><span class='ocrx_word' id='word_1_603' title='bbox 148 4863 181 4918; x_wconf 75' lang='lat' dir='ltr'><strong>td</strong></span> <span class='ocrx_word' id='word_1_604' title='bbox 192 4864 245 4917; x_wconf 81' lang='lat' dir='ltr'><strong>bas</strong></span> <span class='ocrx_word' id='word_1_605' title='bbox 262 4864 410 4924; x_wconf 66' lang='lat' dir='ltr'><strong>multatas,</strong></span> <span class='ocrx_word' id='word_1_606' title='bbox 428 4863 541 4914; x_wconf 79' lang='lat' dir='ltr'><strong>Fabricio</strong></span> <span class='ocrx_word' id='word_1_607' title='bbox 559 4864 688 4928; x_wconf 81' lang='lat' dir='ltr'><strong>quaerenti</strong></span> <span class='ocrx_word' id='word_1_608' title='bbox 707 4861 754 4922; x_wconf 82' lang='lat' dir='ltr'><strong>„de</strong></span> <span class='ocrx_word' id='word_1_609' title='bbox 770 4866 840 4912; x_wconf 87' lang='lat' dir='ltr'><strong>statu</strong></span> <span class='ocrx_word' id='word_1_610' title='bbox 849 4858 1059 4923; x_wconf 65' lang='lat' dir='ltr'><strong>&#39;inmodicarum‘</strong></span> <span class='ocrx_word' id='word_1_611' title='bbox 1080 4862 1105 4913; x_wconf 91' lang='lat' dir='ltr'><strong>d.</strong></span> <span class='ocrx_word' id='word_1_612' title='bbox 1118 4859 1143 4912; x_wconf 84' lang='grc'><strong>7.</strong></span> <span class='ocrx_word' id='word_1_613' title='bbox 1156 4860 1229 4915; x_wconf 80' lang='lat' dir='ltr'><strong>Febr.</strong></span> <span class='ocrx_word' id='word_1_614' title='bbox 1248 4860 1312 4914; x_wconf 80' lang='lat' dir='ltr'><strong>irasc</strong></span> <span class='ocrx_word' id='word_1_615' title='bbox 1330 4863 1494 4928; x_wconf 79' lang='lat' dir='ltr'><strong>respondens:</strong></span> 
     </span>
    </p>
   </div>
   <div class='ocr_carea' id='block_1_14' title="bbox 0 0 1644 5550">
    <p class='ocr_par' dir='ltr' id='par_1_15' title="bbox 0 0 1644 5550">
     <span class='ocr_line' id='line_1_55' title="bbox 0 0 1644 5550; baseline 0 0"><span class='ocrx_word' id='word_1_616' title='bbox 0 0 1644 5550; x_wconf 95' lang='lat' dir='ltr'><strong> </strong></span> 
     </span>
    </p>
   </div>
  </div>
 </body>
</html>
