3278 5550
582 286 646 341 um
663 284 770 350 ths
806 284 961 354 &retm-
1379 286 1446 357 377

121 464 185 544 gitur
205 464 322 540 mirum,
345 472 378 526 et
399 465 567 545 longiorem
588 467 649 528 BD
673 466 766 528 esse?
803 465 999 546 Respondeo:
1025 464 1245 549 qualescunque
1269 467 1366 530 lineae
1390 469 1448 547 eji-

121 558 220 629 autnr,
245 572 365 635 semper
386 561 510 617 manent
528 554 596 629 ΑΒ,
612 557 686 630 AD,
711 555 781 637 quia
797 562 867 616 sunt
885 573 922 615 ex
942 554 1203 618 observationibus
1223 558 1448 621 demonstratae

121 670 126 707 ι
150 642 265 724 triplici
288 644 387 706 forma
408 643 637 726 hypothesium:
672 653 703 706 et
730 645 768 706 ad
792 643 1079 705 demonstrationem
1102 644 1301 727 hanc,.quod
1325 656 1449 711 contro-

121 731 169 795 ιιιι
198 732 318 813 possit,
350 741 518 797 assumtum
539 734 629 813 plane
653 734 737 795 nihil.
784 732 977 795 Manentibus
1001 732 1091 812 igitur
1113 735 1186 809 ΛΕ,
1209 735 1285 808 AD,
1310 735 1449 814 ejiciatur

121 841 165 884 me
188 819 261 897 Bc,
285 829 319 885 ιι
342 822 512 903 oppositum
534 822 609 884 mlhi
631 831 695 886 est:
721 821 775 883 illa
798 830 898 883 tamen
922 820 995 896 BC,
1019 830 1053 883 ut
1074 822 1280 886 demonstravi
1303 843 1367 903 cap.
1392 826 1447 900 VI,

121 930 281 993 quaquam
315 910 413 992 gignit
444 910 626 993 hypothesin
653 920 756 991 aptam
785 910 956 972 observatis
985 907 1185 993 ἀκροινχιοις;
1222 913 1276 973 sed
1306 932 1361 992 pro
1392 910 1447 976 Bc

121 1007 232 1075 rortet,
269 1008 302 1063 ut
329 1001 481 1063 salvemus
509 1000 726 1082 acronychias,
759 999 867 1079 ejicere
898 1018 953 1080 per
979 1000 1005 1062 F
1031 1000 1092 1080 ipsi
1116 999 1168 1063 OB
1192 1001 1360 1083 parallelon
1381 1002 1447 1077 ΒΗ,

121 1108 143 1152 ιι
163 1092 202 1165 F,
225 1089 257 1152 H
279 1098 384 1152 centra
406 1088 600 1171 aequalitatis
613 1089 725 1152 Martis
744 1097 774 1150 et
790 1088 881 1151 Solis.
917 1089 984 1149 lloc
1000 1098 1100 1151 autem
1119 1091 1210 1165 iacto,
1235 1111 1294 1153 nna
1312 1100 1449 1154 centrum

121 1179 254 1242 centrici
277 1198 314 1241 ex
338 1178 363 1243 G
387 1177 417 1241 in
439 1181 456 1242 1
479 1179 670 1254 transfertur,
694 1185 726 1239 et
747 1178 816 1258 plus
839 1197 929 1257 quam
952 1177 1156 1241 semicirculus
1176 1181 1275 1259 vergit
1288 1181 1446 1254 versusE
1557 1170 1562 1183 '

121 1269 190 1331 ιιιι
212 1267 391 1331 versusD:
416 1288 471 1330 nec
494 1268 700 1349 relinquuntur
722 1267 790 1341 ΑΕ,
812 1267 883 1341 AD,
908 1268 963 1328 sed
984 1266 1181 1347 prolongatur
1194 1270 1262 1343 ΑΕ,
1286 1268 1447 1331 abbrevia-

121 1376 137 1421 ι
164 1359 252 1421 AD:
283 1357 389 1440 quibus
420 1357 509 1419 lineis
541 1357 666 1419 mutatis
696 1374 846 1437 nunquam
877 1354 1075 1417 salvabuntur
1106 1358 1331 1420 observationes
1359 1366 1446 1419 extra

120 1442 182 1511 lrrm
210 1446 441 1528 acrouychium:
472 1446 543 1528 quia
574 1447 632 1508 hae
660 1453 811 1508 testantur
840 1445 877 1506 de
902 1444 1086 1526 aequalitate
1110 1446 1255 1509 linearum
1277 1447 1352 1521 ΑΕ,
1375 1448 1444 1511 AD

120 1554 154 1599 ec
188 1555 266 1638 opus
298 1555 366 1597 esse
396 1544 470 1615 puto
503 1535 735 1616 computatione
792 1534 827 1597 Si
859 1533 926 1616 quis
949 1544 1051 1595 tamen
1072 1534 1129 1597 hoc
1152 1536 1255 1599 labore
1279 1536 1446 1598 delectatur

123 1625 247 1688 uamvis
269 1625 356 1687 nefas
381 1633 429 1686 est
451 1632 656 1686 astronomum
683 1623 815 1686 numeris
838 1623 952 1705 aliquid
975 1632 1110 1700 tentare,
1144 1626 1229 1705 cujus
1253 1625 1448 1687 fundamenta

120 1734 148 1777 ιι
187 1713 272 1797 prius
308 1714 423 1775 vidit
414 1734 446 1775 m
473 1713 653 1792 geometria,
682 1732 757 1794 quae
784 1712 850 1791 jam
880 1713 993 1775 laboris
1025 1712 1113 1792 hujus
1143 1715 1337 1776 fundamenta
1360 1714 1447 1777 nobis

120 1804 230 1879 ertit),
253 1803 280 1865 is
303 1802 396 1865 habet
418 1802 586 1883 exemplum
611 1821 702 1881 supra
723 1821 790 1883 cap.
812 1800 932 1877 XXIV,
955 1801 1005 1864 ubi
1020 1801 1182 1865 distantias
1202 1803 1333 1865 Telluris
1353 1804 1446 1879 st,

120 1900 201 1957 mcto
226 1892 421 1974 aequalitatis
444 1902 543 1955 motus
567 1891 706 1964 Telluris,
733 1900 763 1952 ιι
785 1890 962 1953 distantiam
977 1891 1089 1954 Martis
1109 1892 1147 1953 ab
1165 1892 1313 1955 eodemH
1332 1901 1444 1973 puncto

120 2034 122 2045 .
143 1982 252 2045 eadem
275 1981 448 2062 operatione
472 1980 576 2054 slmul,
599 1980 708 2042 iisdem
731 1979 992 2043 observationibus
1015 1981 1195 2061 computavi,
1219 1981 1326 2063 quibus
1339 1990 1447 2063 postea

120 2090 158 2154 rp.
182 2070 304 2135 XXVI.
334 2069 497 2131 distantias
528 2070 662 2149 ejusdem
685 2070 816 2132 Telluris
838 2068 1003 2133 athlantis
1031 2071 1201 2151 computavi
1229 2070 1267 2133 ab
1289 2072 1320 2134 A
1343 2080 1446 2134 centro

120 2162 185 2224 olis.
234 2159 372 2225 Methodi
389 2159 477 2234 enim,
501 2178 559 2239 qua
575 2177 640 2219 snm
657 2178 738 2232 usus,
762 2157 914 2237 ingenium
927 2159 984 2223 hoc
1000 2167 1057 2233 est,
1081 2167 1116 2220 ut
1130 2160 1247 2234 doceat,
1272 2178 1445 2243 quocunque

119 2258 203 2315 meto
227 2250 259 2311 in
281 2250 372 2329 plano
395 2248 499 2309 circuli
522 2247 653 2309 Telluris
677 2255 822 2321 assumto,
847 2246 926 2329 quod
949 2247 1061 2309 habeat
1084 2248 1268 2329 descriptum
1289 2257 1321 2311 et
1343 2250 1447 2312 deter-

272 2339 363 2401 situm
394 2337 434 2398 ad
461 2355 570 2416 corpus
594 2335 693 2411 Solis,
724 2344 787 2397 tam
810 2338 840 2398 in
864 2337 1049 2416 longitudine
1072 2338 1205 2414 zodiaci,
1230 2358 1319 2419 quam
1341 2339 1372 2401 in
1395 2359 1446 2402 re·

248 2447 269 2489 a
292 2426 381 2501 Sole,
408 2445 463 2506 per
485 2427 602 2505 aliquot
624 2426 850 2487 observationes
874 2425 982 2487 docere
1006 2433 1038 2487 et
1061 2426 1191 2489 Telluris
1219 2436 1250 2489 ιι
1272 2427 1384 2491 Martis
1406 2428 1444 2491 ab

166 2524 313 2601 sumpto
336 2523 446 2595 puncto
470 2515 663 2588 distantiam
687 2515 764 2576 citra
787 2516 878 2577 etiam
902 2514 1104 2595 cognitionem
1126 2517 1294 2579 anomaliae
1315 2517 1445 2580 eccentri

306 2605 347 2667 ιι]
377 2605 409 2666 id
435 2613 577 2684 punctum
606 2604 865 2666 accommodatae:
898 2624 957 2685 qua
987 2604 1105 2686 quidem
1138 2624 1195 2684 ego
1224 2624 1288 2687 cap.
1321 2606 1444 2670 XXVI.

244 2694 303 2759 odo
325 2693 492 2797 compendii
515 2713 607 2755 causa
630 2712 702 2755 usus
726 2712 801 2757 sum

170 2782 247 2863 βαι
274 2782 374 2847 alia
363 2801 488 2863 insuper-
512 2783 630 2845 ratione
660 2780 865 2861 argumentari
887 2780 967 2842 licet
1013 2780 1263 2846 Demonstratum
1285 2791 1333 2847 est
1356 2802 1448 2865 supra

168 2870 303 2950 mv,
324 2872 455 2935 orbitam
477 2872 617 2952 planetae
640 2891 700 2933 non
723 2891 790 2933 esse
814 2872 967 2946 circulum,
991 2872 1046 2933 sed
1069 2873 1197 2949 ovalem,
1221 2882 1255 2935 ut
1277 2873 1361 2954 cujus
1377 2873 1446 2936 dia-

177 2968 181 2975 '
195 2980 316 3047 ,quae
338 2960 477 3043 apsidum
499 2962 622 3037 dircitur,
659 2960 701 3023 sit
723 2960 908 3040 longissima.
954 2959 1025 3022 Jam
1048 2981 1113 3042 cap.
1138 2962 1189 3024 Ll.
1214 2963 1445 3040 demonstratur,

185 3052 188 3057 ’
227 3073 249 3116 ι
270 3050 303 3117 (ι
327 3056 448 3132 punctu
460 3049 574 3135 aphelii
596 3058 730 3112 remotas
753 3050 920 3131 aequaliter
953 3049 1069 3128 ingredi
1099 3051 1192 3114 etiam
1219 3053 1392 3155 aequaliter·
1407 3052 1447 3114 ad

228 3230 296 3295 ΒΗ.
339 3228 383 3293 Et
404 3229 455 3312 qui
476 3228 580 3291 varias
602 3228 714 3290 Martis
736 3229 900 3290 distantias
923 3229 1140 3308 computaverit
1161 3250 1182 3292 a
1202 3240 1313 3311 puncto
1329 3233 1358 3293 Η
1380 3251 1446 3294 me-

206 3318 275 3403 jam
288 3318 505 3393 commendata,
529 3317 763 3398 deprehendet
756 3338 782 3387 ιι
798 3337 937 3397 magnam
953 3317 1165 3381 distantiarum
1182 3320 1446 3400 irregularitatem,

171 3407 525 3563 Ι,ζ,ιίΐιιιῖιιοιιιίῗίξιιιιιωιιίιιιιι
546 3408 657 3469 includi
679 3425 774 3489 neque
797 3407 909 3469 circulo
932 3426 1027 3488 neque
1050 3408 1200 3488 probabili
1218 3409 1308 3472 alicui
1323 3410 1445 3490 figurae,

118 3130 207 3563 ξ
249 3138 358 3205 Oralis
388 3157 461 3243 ergo
487 3139 635 3243 genuinus
658 3140 736 3201 situs
760 3148 809 3200 est
831 3140 912 3201 circa
935 3139 1044 3200 lineam
1066 3140 1145 3216 Ac,
1170 3160 1230 3204 non
1253 3141 1344 3222 igitur
1366 3141 1447 3205 circa
1537 3172 1546 3207 ι

182 3586 318 3651 Rursum
339 3586 441 3670 itaque
463 3585 553 3649 iidem
575 3601 641 3665 cap.
666 3584 722 3647 Vl.
748 3591 780 3645 et
799 3583 915 3664 passim
933 3583 990 3645 hoc
1011 3604 1099 3665 opere
1123 3586 1349 3668 oppigneratam
1370 3587 1447 3649 citra

118 3676 189 3741 llam
211 3675 353 3757 principii
372 3674 550 3759 petitionem
571 3672 711 3749 liberavi,
736 3680 767 3734 et
789 3672 895 3749 docui,
919 3674 1117 3738 eccentricum
1139 3676 1250 3741 Martis
1272 3697 1331 3739 non
1353 3694 1445 3758 posse
1564 3716 1569 3727 ·

118 3765 159 3829 ιιιι
179 3766 221 3828 ιιι
242 3765 346 3830 Solem
368 3764 474 3828 referri
495 3765 610 3845 ipsum:
634 3782 671 3825 ac
693 3762 817 3843 proinde
837 3781 898 3825 non
913 3765 1010 3824 solam
1024 3764 1181 3842 rationem,
1205 3766 1258 3827 sed
1274 3767 1341 3847 ipsa
1354 3767 1446 3828 etiam

118 3852 261 3919 hrervata
281 3874 337 3936 pro
359 3873 407 3918 me
430 3860 523 3929 stare,
547 3854 617 3915 dum
640 3851 868 3915 observationes
890 3853 1001 3915 Martis
1024 3873 1044 3915 a
1065 3854 1162 3918 medlo
1185 3863 1267 3918 motu
1289 3855 1373 3918 Solis
1388 3854 1446 3917 ab·

118 3940 205 4008 hcm
226 3943 267 4007 ad
289 3944 387 4025 ipsum
409 3950 603 4026 afferentem
625 3941 709 4006 Solis
731 3950 845 4004 motum
868 3941 1005 4023 expendi.

646 4297 699 4375 ce
724 4310 767 4371 ut
798 4297 898 4373 LIII.

117 4440 181 4510 Alia
198 4444 362 4510 methodus
384 4438 574 4528 explorandi
596 4324 769 4507 amahus
783 4439 903 4503 Marte
918 4458 941 4503 c
957 4434 1035 4505 Sole
1049 4444 1113 4525 psi·
1134 4437 1258 4524 ule'quot
1278 4438 1445 4509 ιἰιιιιιιιιιι

118 4532 327 4601 moses
348 4541 421 4598 cate
434 4539 545 4617 etpost
558 4532 655 4596 situm
675 4529 918 4633 wongcdiom:
940 4528 997 4595 ubi
1008 4526 1105 4597 m
1119 4531 1217 4595 etiam
1238 4528 1445 4616 ecplorcsrtar

636 4616 707 4685 loca
729 4619 909 4683 educatrice.
1014 4634 1017 4641 ·

1590 4448 1627 4513 fi

205 4749 287 4823 Quia
317 4746 367 4810 hic
395 4766 491 4809 novas
513 4744 698 4828 hypotheses
720 4740 894 4818 condimus,
923 4742 1108 4824 inquirentes
1138 4742 1257 4807 scilicet
1275 4745 1445 4809 naturalem
1535 4772 1538 4779 ·
1608 4715 1618 4737 ⁶

121 4846 222 4907 Qum
243 4836 456 4921 aequationem
477 4834 623 4912 eccentri,
646 4833 735 4898 decet
755 4832 858 4897 omnia
877 4831 965 4899 nubis
988 4849 1169 4955 0qupr
1189 4828 1443 4963 ῗριοῃιῑηῑωι,
