3278 5550
141 277 207 357 458
373 238 379 250 α
563 276 593 333 ln
612 276 795 335 commentaria
811 280 843 334 de
859 281 965 336 ssoflbns
982 277 1072 335 liastis

144 465 194 516 bus
217 461 307 515 Germ.
329 459 402 515 inira
414 460 557 519 Graetium
577 462 671 516 Dravo
697 480 726 515 se
746 463 849 519 miscet.
891 463 981 532 Ajunt
999 463 1189 517 Romanorum·
1203 462 1364 527 Valeriam,
1382 463 1401 518 4
1418 454 1458 519 'mh

145 540 288 597 Grdetium
308 541 470 595 milliaribus
491 542 631 611 sepultam
643 544 751 596 Attilae
772 543 972 611 immanitatelr
994 541 1039 596 hic
1058 541 1145 615 igitur
1173 542 1202 597 in
1222 544 1313 613 plano
1332 544 1458 599 humosa

144 622 214 677 omni
235 621 381 690 diligentia
400 622 551 675 meridiana
570 623 710 691 descripta
729 629 759 676 et
785 623 962 693 superposita
981 622 1085 694 pyxide
1105 623 1218 694 vulgari
1241 626 1305 678 cuni
1324 623 1444 695 campi&¹

143 704 237 773 longa,
260 700 399 771 divisoque
414 702 514 755 circulo
535 703 563 757 in
585 696 664 765 360⁰,
686 702 837 757 certissime
855 704 947 757 inveni
962 702 1100 772 cuspidem
1119 721 1176 757 non
1189 638 1458 856 dmum-3³

147 790 240 837 autem
274 788 437 844 metuerem,
460 800 493 835 ne
518 783 583 835 etilo
604 782 770 837 adhaereret
799 784 954 853 pulvicula,
987 799 1045 836 rem
1074 783 1131 838 alia
1161 783 1208 837 via
1240 801 1303 838 sum

142 861 199 912 Jam
217 861 332 911 describit
348 859 470 923 chlerne
488 862 610 909 radonem
627 874 699 910 suam
717 863 864 924 procedendi
881 862 955 925 plane
974 861 1093 921 eandam,
1112 875 1188 926 qnssn
1205 860 1350 913 Μιιιιιιιι
1368 862 1458 926 eulpa*

142 946 207 982 anno
237 927 303 980 151111
323 924 420 995 (Comp.
448 930 489 986 11,
514 947 538 995 p.
567 928 644 991 ets),
672 945 736 995 qnae
762 935 809 996 ipsi
838 931 974 983 exhibuerit
992 931 1126 997 „angulum
1149 933 1255 1001 segniae
1280 947 1340 983 cam
1364 932 1458 983 merids

141 1015 259 1062 minorem
272 1006 303 1058 6⁰
315 1011 386 1074 idque
399 1026 448 1059 non
467 1011 567 1060 semei.“
603 1005 727 1075 Pragae,
749 1014 837 1076 pergit,
856 1007 1045 1068 Bohemorum.
1068 1021 1138 1076 quse
1159 1007 1209 1062 vix
1224 998 1297 1067 272⁰
1311 1012 1359 1059 est
1379 1006 1458 1060 aad&

143 1086 227 1140 talior
248 1084 375 1147 Graetio,
398 1085 578 1139 instrumento
600 1092 662 1138 utor
682 1103 717 1138 ex
740 1086 886 1148 orichalco,
909 1088 979 1156 quod
999 1093 1042 1139 est
1062 1087 1201 1156 quadram
1227 1086 1418 1141 aaimuthalis.
1450 1086 1458 1139 l

143 1165 276 1220 collocato
297 1172 329 1218 ut
350 1164 488 1217 meridiem
508 1172 617 1233 spectet
630 1165 776 1235 exquisite,
800 1174 930 1235 rectaque
951 1165 1094 1235 applicata
1113 1167 1215 1238 regula
1234 1183 1297 1220 cum
1319 1166 1458 1223 instrum

142 1263 192 1300 seu
212 1245 315 1315 pyxide
337 1243 508 1316 magnetica,
540 1261 611 1314 quae
631 1246 772 1299 versatilis
793 1253 838 1299 est
858 1242 941 1315 supei
960 1248 1030 1315 pede
1052 1245 1192 1308 immobili,
1217 1246 1266 1316 qui
1294 1247 1387 1300 babet
1404 1246 1458 1299 ss'res

144 1324 281 1389 sectiones
303 1324 463 1394 incipientes
478 1341 496 1378 a
509 1325 651 1385 diametro,
673 1341 743 1394 quae
764 1325 801 1378 sit
821 1326 912 1380 lineae
926 1325 1120 1396 applicationis
1140 1326 1233 1380 etsie
1254 1325 1320 1380 basi
1340 1327 1458 1396 meires

143 1404 306 1477 parallelus,
328 1412 385 1458 tam
405 1404 451 1457 diu
471 1421 550 1458 serso
570 1405 700 1475 pyxidem
721 1422 804 1474 super
824 1406 909 1475 pede,
933 1409 1019 1459 donec
1040 1406 1130 1475 cuspis
1151 1412 1212 1459 cum
1234 1406 1398 1476 subscripta
1415 1405 1458 1459 liri

144 1502 215 1557 quae
236 1485 297 1538 exit
318 1484 345 1538 in
365 1485 519 1547 indiculum,
541 1484 683 1537 coincidet.
725 1487 785 1538 Hoc
805 1486 879 1540 facto
900 1486 1029 1554 inspicio,
1056 1502 1135 1557 quem
1156 1488 1277 1556 ςηᾱιιιιι
1297 1493 1382 1540 notet
1399 1485 1458 1539 lade

143 1567 196 1621 lus.
234 1564 347 1627 Quoties
368 1565 457 1618 adhuc
478 1565 517 1617 sic
538 1564 673 1633 praestiti,
696 1581 804 1634 semper
825 1567 897 1620 inter
911 1560 944 1618 5υ
957 1573 986 1619 et
1000 1558 1034 1620 6⁰
1047 1583 1148 1629 versor,
1171 1567 1271 1636 quibus
1293 1564 1458 1637 lingula&

144 1646 249 1701 netad
270 1651 367 1698 ortum.
407 1643 555 1698 Plurimum
575 1661 642 1698 sane
671 1644 800 1714 temporis
822 1654 887 1700 ante
910 1645 926 1699 7
948 1662 1034 1699 annos
1056 1645 1206 1708 consumsi,
1230 1636 1270 1700 Ιιιι
1288 1664 1330 1701 ex
1351 1638 1458 1719 Belgsss

144 1724 300 1781 observatis
321 1724 549 1779 declinationibus
571 1726 757 1787 ostenderem,
784 1732 943 1797 magnetem
963 1726 1045 1798 dirigi
1066 1728 1100 1780 ad
1121 1733 1262 1795 punctum,
1284 1728 1360 1796 quod
1379 1722 1458 1796 quatit

144 1806 228 1862 semel
242 1805 293 1859 sub
307 1806 392 1859 lixum
405 1803 549 1874 eclipticas
570 1806 662 1874 polum
682 1806 766 1858 venit.
802 1807 862 1859 Hoc
876 1807 989 1860 obtento
1004 1807 1210 1860 exclamaturus
1231 1806 1272 1860 liri
1286 1808 1323 1859 de
1336 1812 1458 1877 aganas

144 1876 290 1941 creationis
320 1885 435 1938 notabili
467 1885 585 1939 invento.
626 1886 698 1939 Nam
727 1887 928 1940 accommodavi
947 1894 977 1940 et
996 1887 1110 1940 Antonii
1130 1885 1238 1941 Mariae
1267 1880 1458 1940 traditioners'i

144 1966 269 2041 polorum
290 1963 517 2034 transpositione,
549 1980 619 2035 quae
641 1964 802 2018 exciderunt
822 1966 888 2020 mihi
909 1966 1053 2020 hactenus.
1096 1968 1193 2037 ltaque
1215 1973 1293 2020 certo
1314 1966 1365 2020 tihi
1383 1976 1458 2036 pers!

145 2050 220 2109 deas,
244 2063 286 2100 me
307 2046 386 2099 nulla
399 2045 525 2114 opinione
547 2045 631 2098 tirisse
652 2046 792 2099 seductum
812 2047 885 2100 inter
906 2046 1115 2102 observandum.
1148 2047 1245 2100 Potius
1265 2046 1340 2115 enim
1353 2036 1458 2105 sitii*

146 2144 227 2198 quam
248 2127 283 2178 ad
303 2125 390 2178 minus
412 2121 522 2196 aliquid,
545 2125 697 2178 invitarunt
717 2142 758 2178 me
780 2135 847 2179 vota
867 2143 936 2181 mea.
1014 2163 1016 2167 -

218 2214 345 2273 ⁴interim
373 2215 528 2268 commendo
556 2214 617 2268 Tibi
651 2215 791 2286 negotium
825 2233 913 2270 meum
942 2215 1096 2286 eclipticum
1125 2232 1206 2288 quam
1238 2233 1349 2287 possum
1378 2213 1458 2285 dilige

146 2294 258 2349 tissime.
281 2291 326 2350 ιιι.
369 2289 492 2365 (Pragae
514 2296 539 2348 d.
562 2295 609 2349 IV.
632 2296 701 2348 Non.
725 2297 803 2355 Febr.
829 2291 929 2362 1606.)

236 2388 282 2448 ⁸2⁰)
299 2405 324 2454 p.
344 2389 404 2439 152.
441 2389 545 2439 Veteres
564 2391 729 2455 geographiae
748 2393 877 2455 scriptores
895 2406 945 2441 non
969 2392 1044 2456 plane
1063 2393 1222 2444 consentiunt
1239 2390 1307 2442 hanc
1332 2386 1458 2443 meanis

148 2461 291 2512 scribentes.
321 2460 484 2520 Ptolomeus,
504 2470 633 2510 comment.
653 2463 712 2511 Ant.
731 2461 833 2527 Magino
851 2461 928 2525 (Van.
951 2459 1030 2524 1596)
1048 2463 1110 2515 libro
1129 2462 1183 2513 vn.
1203 2462 1264 2528 Cap.
1284 2463 1316 2512 ιι
1334 2458 1458 2533 ὒιιιιὴΙ

151 2533 313 2598 promontorio
331 2534 458 2596 opponitur
477 2533 557 2581 insula
575 2532 745 2595 Taprobanes.
774 2548 838 2598 quae
855 2534 912 2585 olim
932 2533 1049 2598 Symondl
1068 2534 1150 2586 insula
1168 2534 1311 2597 dicebatur,
1329 2548 1390 2583 nans
1450 2526 1455 2535 ’

152 2603 240 2654 Salice.
272 2604 346 2654 Parte
363 2603 397 2653 II.
417 2619 441 2669 p.
462 2601 513 2651 ιιι
531 2602 647 2667 Maginus
665 2605 728 2654 baec
747 2605 833 2654 affert:
853 2605 948 2655 Zeilam
960 2606 1068 2655 insulam
1086 2607 1159 2656 inime
1173 2605 1346 2670 'taprobanam
1359 2603 1405 2653 rai

149 2675 261 2726 Andreas
279 2675 393 2724 Corsalus
411 2682 437 2724 et
453 2673 543 2724 Joann.
563 2674 662 2723 Barrius
681 2690 737 2725 cum
755 2676 875 2740 plerisque
903 2676 957 2726 aliis
977 2682 1096 2740 censent;
1122 2676 1248 2727 Mercator
1263 2692 1334 2731 seeo,
1359 2674 1393 2725 cni

148 2748 173 2797 ln
191 2746 239 2796 hac
256 2761 283 2796 re
300 2746 373 2795 iidem
386 2752 547 2809 praestamus,
566 2754 638 2808 putat
651 2761 705 2795 esse
716 2746 851 2797 Ptolemaei
864 2747 1017 2812 Nanigerim.
1050 2749 1147 2798 Deinde
1167 2745 1236 2813 (pag.
1259 2744 1338 2808 285):

148 2819 253 2869 insulam
279 2819 431 2882 antiquorum
449 2817 621 2881 Tsprcbanam
647 2818 722 2866 luisse
740 2833 823 2867 omnes
842 2833 905 2882 pene
924 2827 1038 2869 auctores
1067 2821 1189 2877 sentiunt,
1214 2820 1275 2870 licet
1294 2819 1365 2884 aliqui

149 2889 291 2941 smditionis
309 2890 352 2939 riri
370 2890 450 2952 ipsam
462 2890 569 2937 Auream
587 2890 662 2939 tuisse
676 2888 853 2939 Chersonesum
871 2896 966 2954 putent
1447 2892 1450 2897 '

150 2994 153 2999 ,
212 2980 215 2985 ·
236 2959 268 3009 R.
283 2960 387 3010 Gemma
405 2959 456 3020 (De
473 2960 596 3023 principiis
614 2962 778 3009 astronomiae
797 2968 823 3009 et
840 2974 958 3025 cosmogr.
973 2961 1054 3010 hotv.
1072 2957 1148 3017 15³⁰,
1169 2955 1263 3020 ihm:
1282 2961 1382 3026 sequitur
1393 2954 1450 3021 w

147 3031 215 3083 bana
234 3030 315 3080 insula
325 3032 400 3080 totins
412 3032 494 3080 mundi
507 3032 622 3090 maxima,
642 3045 706 3095 qnae
724 3045 789 3081 nunc
803 3030 919 3083 Samctrs
931 3032 1026 3082 dicitnr.
1057 3031 1215 3082 Ptolemaeus
1227 3045 1284 3082 ιιιιι
1301 3039 1372 3082 antes
1395 3028 1408 3042 ''

150 3103 242 3153 dictam
259 3101 333 3152 inisse
351 3101 434 3151 tradit.
1328 3096 1333 3107 ’

159 3188 162 3193 ·
239 3172 334 3223 Similia
345 3173 546 3236 deprehendimus
565 3175 590 3221 in
609 3174 741 3237 Apiani
761 3171 953 3238 Cosmcgraphia
971 3173 1009 3234 (in
1023 3175 1142 3225 Gammae
1160 3172 1268 3224 editiom
1289 3171 1353 3225 itit
1370 3187 1389 3237 p·
1402 3164 1447 3241 ιιι,

149 3243 330 3295 clusores
357 3250 444 3294 contra
466 3245 576 3293 inscribit
592 3245 698 3293 insulam
717 3244 809 3307 Ceylcn
829 3245 904 3301 „olim
923 3245 1107 3309 Taprobana“,
1126 3251 1153 3295 et
1179 3247 1205 3294 ln
1223 3244 1313 3295 charta
1404 3244 1407 3249 ’

150 3317 237 3365 addita
250 3314 305 3373 ,Jc,
318 3315 421 3364 Honteri
433 3315 574 3364 rudimentis
587 3315 777 3380 geographicis“
791 3314 886 3380 (Tignri
897 3313 989 3378 1548),
1011 3319 1112 3380 signata
1122 3323 1160 3366 est
1177 3316 1308 3380 peninsula
1320 3315 1405 3378 (Zeilw

150 3384 351 3452 repraesentans)
370 3387 434 3436 inter
451 3387 516 3435 ostia
532 3387 658 3435 fluviorum
675 3387 729 3435 Indi
749 3394 774 3436 et
792 3388 886 3451 Gangis
904 3402 964 3438 voce
982 3387 1140 3453 Taprobana
1456 3402 1458 3433 :

239 3456 284 3520 at)
303 3473 329 3522 p.
350 3455 408 3511 152.
443 3456 476 3505 D.
504 3457 695 3507 Fabricius
722 3460 747 3507 in
775 3456 934 3522 epistola(d.
954 3459 977 3509 d.
997 3456 1039 3506 26.
1058 3457 1117 3509 Jan.
1138 3454 1303 3518 lectitans
1324 3457 1392 3508 morit
1407 3458 1458 3523 pi

150 3531 263 3590 silonem
283 3535 399 3593 spectans
417 3529 496 3578 locum
509 3528 631 3591 Tychonis
649 3531 674 3578 in
693 3530 849 3593 epistolarum
868 3530 1013 3580 collectione
1032 3527 1067 3593 (p.
1088 3526 1160 3589 189),
1179 3529 1221 3579 ubi
1239 3529 1325 3595 Tycbo
1340 3529 1414 3583 reem
1440 3534 1458 3589 ,ξ

150 3603 196 3651 bns
214 3602 349 3650 rationibus
361 3601 458 3651 innixus
484 3601 536 3664 lpse
566 3599 749 3650 Rothmannum
767 3601 909 3650 miutarerit
922 3601 1084 3665 Copemlcnm
1097 3601 1279 3651 defendentem.
1306 3599 1403 3651 renuet
1456 3600 1458 3651 ἓ

151 3673 214 3722 haec
233 3679 303 3721 sunt:
323 3670 380 3732 Qua
399 3673 539 3721 rationein
558 3670 691 3735 Ccpemico
710 3672 823 3721 addictus
843 3679 1013 3737 argumentum
1032 3671 1156 3734 Tychonis
1175 3672 1206 3721 de
1225 3671 1364 3735 exploaione
1379 3656 1458 3720 tosa&

151 3744 244 3795 solrere
262 3742 320 3792 risi
351 3741 423 3792 Certe
442 3743 462 3791 ai
480 3756 564 3791 sersus
582 3750 660 3791 ortum
680 3750 795 3792 cartrana
814 3744 965 3807 explodatur,
985 3744 1029 3793 liet
1047 3751 1075 3792 ut
1094 3742 1124 3792 ob
1142 3742 1285 3792 celeriorem
1303 3739 1457 3793 memmius·

150 3817 253 3865 emissus
281 3815 365 3882 globus
399 3827 483 3863 serens
510 3828 624 3864 occasum
650 3816 729 3877 potius
756 3815 835 3863 iocum
869 3816 957 3879 quletis
990 3815 1114 3869 inveniat,
1142 3820 1241 3864 tantum
1269 3815 1343 3866 abest
1362 3821 1390 3864 ιιι
1406 3810 1458 3861 ed

151 3893 232 3938 ortam
249 3887 392 3952 proteratur.
428 3884 577 3935 Herculeum
596 3892 662 3936 certe
681 3893 719 3934 est
746 3893 916 3950 argumentum
935 3886 1050 3937 adsersus
1077 3891 1172 3935 motum
1190 3885 1283 3936 Terrae
1301 3884 1458 3947 dimum!

151 3958 276 4010 (ιιιιιιιιιι
295 3964 380 4007 cetera
396 3955 470 4006 lasne
488 3956 587 4006 cadent.

242 4045 364 4111 Ksplerns
383 4058 438 4095 cam
456 4043 557 4100 rideret,
575 4045 607 4094 ab
625 4044 680 4093 aliis
697 4058 792 4108 qnoque
810 4045 893 4110 magni
911 4044 963 4094 fieri
982 4045 1031 4094 hcc
1047 4044 1169 4107 Tychonis
1187 4052 1369 4113 argumentum.
1385 4042 1458 4095 ιθ

152 4119 209 4172 mm
226 4118 286 4168 illud
304 4117 400 4168 sensuit
416 4117 441 4165 ln
460 4130 532 4180 opere
550 4131 601 4177 suo,
620 4129 747 4179 suppresso
765 4130 821 4165 vero
840 4116 937 4166 nomine
956 4115 1092 4178 Tychcnis,
1111 4131 1143 4166 ne
1161 4115 1263 4167 ultanus
1281 4100 1458 4185 offenderat-

152 4198 279 4251 haeredes.
316 4196 426 4247 Fabricio
445 4202 528 4245 antem
546 4195 608 4244 haec
627 4195 764 4259 respondit:
786 4190 829 4245 De
850 4189 1005 4257 objectione
1026 4189 1178 4260 Tychonis,
1201 4206 1274 4261 quae
1294 4182 1458 4245 tormenttfl

153 4284 261 4346 pugnat
279 4279 380 4325 motum
403 4271 513 4332 Terrae,
535 4284 619 4339 rogas
641 4269 749 4333 eadem,
772 4287 842 4340 quae
864 4268 1051 4323 cancellarius
1073 4269 1210 4323 Bavariae
1230 4271 1395 4341 nuperrima.
1418 4266 1458 4327 Ἠ

152 4355 259 4424 pondeo
278 4353 381 4406 eadem,
402 4349 507 4404 misceri
521 4358 619 4414 motus,
640 4366 695 4402 non
714 4348 871 4421 impugnari
892 4359 941 4403 aut
962 4350 1068 4404 aboleri
1088 4350 1207 4404 alterum
1228 4351 1265 4405 ab
1279 4351 1380 4421 altera
1409 4349 1458 4425 Tui

153 4440 277 4487 moretur
297 4433 333 4486 ab
354 4425 453 4484 occasu
474 4429 501 4483 in
521 4436 624 4493 ortum,
654 4446 714 4483 cum
734 4445 770 4483 ea
789 4429 873 4483 omnis
895 4429 975 4498 copia
995 4429 1068 4483 atris
1089 4429 1259 4495 circumfusi,
1291 4448 1373 4487 omne
1397 4438 1458 4505 gs!

154 4514 211 4567 sire
228 4512 325 4581 jacens
346 4510 403 4564 sive
423 4511 552 4579 pendens.
585 4509 656 4563 Nam
676 4525 724 4562 cur
743 4527 797 4563 non
811 4518 840 4564 et
860 4512 980 4578 pendens
1003 4510 1067 4580 quid
1086 4510 1222 4580 impediti
1255 4510 1332 4569 Num
1350 4510 1458 4585 gravit!

154 4597 249 4655 Atea
268 4590 356 4646 tendit
376 4593 411 4644 ad
432 4597 553 4644 centmm
574 4590 683 4652 Terrae,
706 4591 741 4644 ad
761 4598 884 4644 centmm
904 4590 985 4644 faciei
998 4590 1125 4655 Telluris,
1147 4606 1218 4660 quae
1238 4590 1328 4662 lapidi
1347 4598 1393 4666 est
1407 4603 1458 4661 esp

155 4672 225 4737 site,
256 4673 326 4744 quod
346 4670 374 4723 si
392 4671 551 4742 magnetica
571 4670 689 4740 lapidem
709 4671 828 4724 attrahit
856 4670 952 4725 lortiin
974 4686 1054 4741 quam
1081 4670 1105 4725 si
1126 4678 1234 4724 eentum
1253 4680 1414 4729 osteum
1426 4684 1458 4737 η

155 4768 249 4809 vorum
277 4749 628 4806 tensissimorum.·rincuiis
659 4766 875 4820 quaquaversum
905 4758 981 4811 esset
1009 4766 1139 4805 annexus.
1155 4751 1271 4811 Telluri,
1311 4753 1383 4809 Nam
1408 4750 1458 4825 igis

155 4831 285 4907 inpediet
302 4830 392 4903 ipsum
411 4836 474 4896 aer,
496 4831 541 4902 qui
561 4838 605 4887 est
625 4831 823 4900 trajiciendos?
864 4833 911 4886 ut·
922 4831 1042 4887 Terram·
1054 4837 1085 4885 et
1112 4831 1173 4901 ipse
1191 4830 1330 4903 aequitare
1348 4828 1458 4890 saltasi
