3278 5550
535 300 597 356 ess
617 296 721 365 ouras.
758 300 840 370 capue
858 301 946 356 xnrx.
1355 296 1419 370 357

119 480 289 566 nepicyclo
312 483 473 564 promovit,
497 490 530 542 ut
553 491 686 543 centrum
711 481 881 563 epicycliD
906 489 988 543 esset
1006 481 1036 543 in
1051 478 1108 544 AG
1132 480 1222 556 linea,
1247 501 1313 543 cum
1337 481 1420 567 plius

126 573 177 634 AB
202 574 294 635 esset.
343 571 403 634 Illa
426 590 497 632 vero
522 570 631 644 uirtus,
657 591 732 650 quae
757 583 890 632 centrum
915 571 1042 652 epicycli
1066 571 1256 650 circumagit,
1287 568 1421 651 tempore

119 657 224 724 τ360ο
253 663 374 740 signato
407 667 508 720 movet
540 679 593 739 per
624 656 706 722 360⁰
739 681 792 721 seu
825 668 953 740 quatuor
983 669 1082 722 rectos
1115 660 1195 722 circe
1220 660 1267 732 A,
1296 658 1424 740 propter

119 751 280 812 tantiarurn
295 747 362 812 360
381 768 536 817 summam,
562 748 659 823 Ergo
684 750 758 809 data
781 769 896 811 sumnia
919 748 1033 830 aliquot
1058 749 1270 823 distantiarum
1287 749 1423 825 ex,CDE

119 857 200 919 rpore
219 839 428 907 uthaotenus,
453 837 572 898 dabitur
596 837 686 900 etiam
706 841 833 919 angulus
849 839 945 905 ΗΑΒ.
985 836 1083 917 Quam
1102 839 1178 899 enirn
1195 838 1425 921 impressionem
1530 904 1533 911 ,

119 927 142 989 it
172 926 227 990 Sol
258 928 290 988 in
321 944 429 1007 corpus
458 927 599 1006 planetae
630 936 683 1005 per
715 928 881 989 mediantes
912 927 1074 988 distantias
1097 928 1263 1001 Ata-An,
1298 927 1424 987 eandem

119 1017 188 1079 titur
212 1016 306 1078 etiarn
332 1018 437 1076 facere¹
455 1016 682 1095 impressionem
706 1016 736 1076 in
761 1024 895 1077 centrum
919 1016 1043 1097 epicycli
1061 1015 1137 1077 GD:
1160 1008 1423 1096 propterea‘qu'od

119 1114 201 1179 neta,
225 1107 310 1183 silse
334 1103 398 1185 ipse
423 1123 480 1164 non
505 1105 689 1166 extricasset
712 1103 827 1165 interea
851 1124 957 1167 versus
980 1106 1006 1166 B
1031 1125 1068 1166 ex
1090 1098 1176 1166 radio
1206 1100 1342 1166 virtuoso
1367 1105 1423 1165 AB

119 1194 205 1269 ΛΟ,
232 1193 287 1257 sed
311 1198 429 1255 tanturn
454 1193 662 1254 descendisset
685 1195 723 1255 ad
748 1192 860 1266 Solem,
886 1202 956 1256 tunc
980 1195 1077 1255 adhuc
1099 1200 1188 1254 esset·
1198 1193 1236 1253 in
1256 1192 1312 1257 AC
1338 1193 1443 1272 ejus-¹

119 1300 127 1343 e
147 1290 261 1363 puncto
285 1284 320 1354 F,
344 1283 372 1342 in
398 1302 457 1362 qua
480 1279 561 1342 linea
584 1290 615 1343 et
638 1283 735 1363 ipsum
758 1282 786 1343 D
811 1292 953 1344 centrum·
978 1283 1103 1364 epicycli
1127 1280 1270 1355 ·inest.*)
1314 1281 1422 1355 Extri-

119 1371 148 1435 rit
169 1382 275 1434 autem
299 1390 366 1433 sese
390 1371 458 1448 lege
483 1371 647 1452 epicyclica
670 1380 701 1432 et
725 1372 906 1432 diastemate
920 1371 986 1444 DE,
1012 1372 1124 1451 angulo
1142 1366 1235 1431 CDE.
1249 1372 1325 1443 (boc
1344 1370 1422 1430 enirn

119 1460 134 1521 t
154 1461 257 1542 opinio
281 1480 347 1539 cap.
372 1459 472 1533 XLV,
497 1459 542 1520 cui
567 1460 615 1521 hic
640 1463 823 1540 operamur).
869 1460 951 1537 Ergo
975 1460 1041 1540 ipse
1065 1461 1122 1522 sibi
1151 1458 1423 1541 fictionequadam

119 1557 201 1612 rtrum
234 1549 361 1631 epicycli
392 1549 422 1610 in
453 1549 480 1609 D
516 1550 644 1629 reponit.
698 1551 836 1610 Diximus
871 1551 948 1610 enim
978 1549 1053 1628 cap.
1081 1540 1424 1631 XXXIX,·'Jquomodo

119 1638 292 1719 tginandum
316 1639 366 1711 sit,
393 1638 532 1699 virtutem
558 1659 610 1699 seu
634 1639 756 1700 fictitios
779 1638 1055 1700 radios·virtu0s0s
1080 1640 1145 1712 AB,
1160 1636 1217 1699 AG
1232 1638 1287 1715 &a
1307 1628 1424 1697 'servire

119 1736 207 1791 ustae
231 1746 287 1807 pro
311 1728 387 1788 loco.
434 1728 504 1789 Janr
528 1727 588 1789 etsi
619 1747 677 1788 non
711 1728 801 1807 plane
833 1728 938 1787 eadem
968 1736 1015 1788 est
1046 1726 1200 1807 proportio
1223 1722 1278 1787 BE
1302 1718 1430 1797 arcuum,

119 1817 259 1878 eoralis
283 1818 321 1877 ad
346 1823 444 1884 totam
467 1817 595 1891 evalem,
620 1837 696 1897 quae
720 1827 768 1877 est
792 1835 911 1877 arcuum
938 1816 997 1877 GD
1025 1816 1269 1895 respondentium
1297 1814 1424 1893 perfecti

119 1906 169 1968 :uli
193 1906 234 1967 ad
257 1914 353 1967 toturn
377 1905 527 1979 circulum,
554 1906 608 1965 sed
631 1925 726 1984 neque
751 1914 784 1966 ut
803 1903 857 1968 BC
882 1906 920 1965 ad
944 1913 1040 1966 toturn
1065 1905 1209 1965 ambitum
1233 1903 1336 1965 circuli
1358 1902 1424 1978 ΒΟ,

134 2014 223 2057 arcus
248 1993 346 2055 ovalis
371 1994 425 2054 BF
448 1994 487 2053 ad
511 2003 607 2056 totam
632 1996 758 2056 ovalern.
806 1995 851 2055 At
873 1994 947 2055 nihil
980 1995 1037 2055 hoc
1068 1995 1159 2055 debet
1181 2014 1237 2054 nos
1270 1992 1424 2072 Impedire,
1531 2046 1536 2057 .

119 2083 215 2147 ΙιΒΕ
239 2085 289 2144 vel
313 2083 406 2143 etiam
428 2084 481 2145 BF
508 2085 695 2162 componitur
719 2103 757 2144 ex
780 2084 896 2144 duabus
923 2083 1105 2156 virtutibus3
1139 2092 1170 2143 et
1193 2081 1279 2162 quia,
1304 2082 1331 2143 si
1355 2081 1426 2161 quid

126 2171 319 2253 proportione
343 2171 491 2243 turbatur,
514 2172 544 2232 id
565 2172 639 2234 facit
660 2174 785 2251 planeta
809 2173 985 2243 (secundum
1005 2174 1081 2233 hanc
1100 2191 1166 2251 cap.
1182 2170 1282 2232 XLV.
1307 2169 1425 2250 opinio-

119 2258 156 2341 ω)
180 2280 235 2322 suo
260 2262 407 2321 descensu
438 2261 559 2340 proprio
583 2263 613 2323 in
637 2261 876 2323 circumferentia
909 2261 1043 2343 epicycli.
1091 2261 1125 2323 Si
1155 2261 1233 2321 enim
1262 2259 1428 2321 mansisset

119 2358 196 2411 meta
228 2369 367 2431 supremo
397 2350 464 2410 loco
498 2350 639 2432 epicycli‚
673 2359 703 2412 et
725 2369 888 2431 perpessus
920 2359 1003 2411 esset
1034 2351 1158 2410 eandem
1181 2349 1241 2409 vim
1265 2356 1364 2409 motus
1389 2367 1427 2408 ex

119 2436 222 2519 {aper
247 2440 314 2513 AB,
334 2437 392 2499 ΑΕ
416 2439 633 2514 adumbratam,
657 2449 732 2520 puta
749 2439 969 2520 inaequabilem
993 2440 1086 2520 (quod
1111 2438 1229 2518 quidem
1252 2437 1315 2498 fieri
1339 2437 1428 2497 simul

119 2520 272 2609 lpotest:
308 2547 378 2588 narn
409 2534 547 2590 manente
581 2529 685 2590 eadem
716 2529 861 2589 distantia
893 2528 1034 2606 planetae
1058 2549 1077 2588 a
1100 2527 1190 2601 Sole,
1223 2532 1326 2587 manet
1349 2525 1428 2586 idem

119 2594 280 2785 tmotus
305 2635 343 2677 ex
363 2616 462 2690 Sole),
485 2626 556 2679 tunc
581 2618 757 2700 scripsisset
780 2618 945 2696 perlectum
972 2636 1074 2678 arcum
1097 2615 1201 2678 circuli
1224 2614 1348 2693 majoris
1362 2611 1427 2688 BC,

182 2705 290 2767 eadem
315 2713 362 2766 est
385 2706 540 2785 proportio
565 2708 604 2767 ad
626 2716 722 2768 toturn
745 2706 809 2778 Bo,
835 2725 909 2786 quae
935 2705 993 2767 GD
1017 2726 1109 2767 arcus
1128 2705 1167 2765 ad
1190 2710 1287 2765 toturn
1312 2701 1381 2764 GD.

119 2784 130 2829 ¹
162 2792 230 2857 Scio
256 2794 406 2875 equidem,
432 2794 458 2855 si
481 2796 605 2874 planeta
629 2797 656 2856 in
683 2796 847 2874 angustiori
872 2795 1002 2869 ambitu,
1032 2794 1128 2856 centri
1156 2793 1273 2855 scilicet
1301 2790 1429 2873 epicycli

119 2874 155 2957 E,
182 2892 388 2963 supponatur,
421 2885 509 2963 longe
541 2888 604 2946 tore
633 2885 816 2947 celeriorem.
868 2884 912 2946 At
939 2904 998 2945 non
1025 2884 1093 2945 ideo
1119 2890 1150 2943 et
1173 2889 1276 2944 centro
1300 2880 1428 2962 epicycli

119 2970 275 3053 &naudus
308 2982 356 3033 est
387 2982 485 3033 motus
524 2975 659 3036 celerior.
706 2976 785 3036 Nam
809 2983 941 3035 centrum
967 2972 1092 3055 epicycli
1117 2972 1229 3032 moveri
1253 2970 1428 3053 supponitur

119 3076 136 3123 n
161 3071 286 3143 propter
316 3081 366 3135 se,
399 3081 466 3123 curn
496 3062 526 3123 id
555 3069 611 3124 non
642 3064 683 3125 sit
710 3082 833 3141 corpus,
870 3064 924 3123 sed
952 3072 1075 3143 propter
1104 3062 1267 3141 planetam.
1319 3060 1427 3140 Itaque

119 3150 185 3225 tito,
225 3151 304 3231 quod
336 3152 460 3230 planeta
488 3172 573 3213 suum
607 3171 713 3230 corpus
742 3153 807 3231 ipse
840 3159 1028 3231 transportet
1058 3171 1096 3212 ex
1127 3150 1221 3211 radiis
1251 3149 1332 3212 Solis
1360 3149 1427 3229 lege

119 3238 258 3324 icyclica,
292 3248 323 3300 et
354 3240 448 3301 radiis
478 3241 663 3321 ,quibusdam
699 3232 841 3303 virtuosis
881 3261 918 3301 ex
942 3241 1012 3302 Sole
1045 3260 1098 3319 pro
1122 3240 1188 3300 loco
1212 3244 1315 3300 utatur
1338 3239 1429 3319 (quae

119 3346 140 3412 p.
166 3327 321 3392 XXXIX.
350 3329 465 3406 rejecta
498 3330 616 3410 quidem
649 3339 734 3403 sunt,
773 3330 826 3391 sed
859 3349 925 3410 cap.
950 3330 1050 3391 XLV.
1084 3335 1217 3390 resumta
1240 3338 1272 3389 et
1295 3327 1429 3390 nonnihil

119 3420 199 3493 data,
225 3419 275 3479 hic
298 3436 369 3478 vero
393 3419 560 3485 retiaeatur
584 3420 622 3479 ad
646 3419 839 3500 explicandos
864 3427 989 3480 conatus
1013 3421 1127 3491 meos),
1151 3437 1227 3478 sana
1248 3420 1357 3496 postea
1380 3425 1428 3478 est

119 3507 149 3572 io
174 3506 299 3580 calculi,
330 3507 495 3588 quicunque
520 3517 662 3587 sequatur
686 3510 750 3587 ejus
775 3508 909 3569 effectus.
956 3496 1072 3569 Existit
1105 3506 1182 3567 enim
1205 3513 1236 3566 et
1259 3505 1307 3566 hic
1331 3506 1427 3567 ovalis

119 3616 130 3661 ι
152 3597 254 3659 minus
278 3615 366 3675 quarn
389 3596 481 3676 prius,
506 3615 541 3657 eo
565 3599 642 3677 quod
667 3598 722 3659 DE
747 3606 778 3657 et
799 3597 856 3657 AB
880 3604 1084 3658 penmanent
1110 3594 1258 3674 paralleli.
1305 3591 1427 3663 Quanto

119 3706 149 3750 m
175 3693 323 3765 superant
345 3686 510 3747 distantiae
531 3687 597 3760 AB,
621 3687 679 3748 AE
698 3689 806 3764 longae
829 3685 995 3747 mediocres
1016 3683 1095 3759 AG,
1110 3684 1184 3758 AD,
1208 3691 1295 3744 tanto
1309 3683 1429 3745 brevIor

146 3775 253 3837 factus
290 3793 377 3836 arcus
400 3772 461 3835 DG
493 3794 545 3836 seu
575 3777 701 3855 angulus
734 3772 826 3836 DAG
858 3776 966 3854 angulo
991 3773 1074 3837 CDE
1103 3791 1244 3834 mensura
1273 3773 1427 3852 temporis.

119 3883 179 3946 que
202 3862 261 3924 DE
286 3864 324 3924 ad
346 3865 372 3925 B
396 3864 510 3937 annuit,
534 3863 560 3924 E
584 3865 675 3942 igitur
699 3885 717 3925 a
740 3864 981 3925 circumferentia
1003 3863 1106 3957 c'Quli
1129 3862 1168 3923 ad
1181 3861 1240 3925 BA
1253 3861 1442 3950 ingreditur..

119 3974 155 4017 m.
174 3972 232 4033 per
254 3971 321 4032 cap.
345 3952 385 4020 ΙΙ,
410 3953 436 4013 εἰ
459 3953 515 4014 DE
538 3955 701 4033 parallelos
724 3953 781 4034 ipsi
805 3953 861 4014 AB
884 3954 1055 4028 mansisset,
1081 3961 1151 4014 tunc
1174 3952 1206 4012 E
1224 3952 1254 4013 iu
1278 3950 1346 4031 ipsa
1366 3951 1428 4012 cir·

119 4039 272 4106 referentia
295 4050 387 4102 esset.

159 4130 309 4196 Nascitur
332 4148 402 4210 ergo
426 4130 583 4192 methodus
607 4131 677 4192 ista.
719 4129 893 4192 Distantiae
918 4138 1099 4209 quaeruntur
1122 4129 1161 4190 ad
1175 4146 1277 4190 omues
1292 4128 1426 4207 integros

119 4221 187 4284 edus
216 4220 386 4281 anomaliae
420 4217 561 4282 mediae(
601 4220 775 4280 Methodurn
799 4241 890 4299 supra
912 4220 1006 4279 habes
1030 4237 1096 4298 cap.
1120 4216 1279 4292 XXXIX,
1313 4236 1373 4297 qua
1396 4225 1427 4279 et

119 4309 278 4391 »rioribus
297 4327 365 4388 cap.
381 4308 503 4371 XLVII
519 4317 550 4370 et
566 4309 712 4371 XLVIII.
730 4328 795 4370 sum
810 4330 890 4372 usus.
929 4309 1061 4370 Primum
1077 4308 1155 4369 enim
1170 4306 1360 4368 inveniuntur
1375 4306 1424 4368 di·

163 4527 192 4600 *)
212 4533 290 4588 Haec
310 4531 361 4585 sub
383 4537 460 4585 certa
480 4533 633 4586 conditione
654 4538 719 4585 sunt
738 4549 814 4595 vera,
837 4532 859 4584 si
880 4547 977 4600 nempe
997 4531 1067 4585 radii
1086 4529 1202 4584 virtuosi
1223 4549 1260 4585 ex
1280 4531 1345 4586 Sole
1366 4531 1422 4585 sint

119 4618 209 4666 netas
227 4629 279 4684 pro
300 4612 361 4666 loco
382 4628 431 4664 seu
451 4612 539 4666 instar
559 4629 665 4675 currus,
693 4613 721 4665 in
741 4630 794 4683 quo
815 4614 931 4682 planeta
957 4613 1092 4674 vehatur,
1123 4612 1194 4681 quod
1214 4611 1258 4665 hic
1278 4611 1419 4682 pommus:

119 4705 179 4746 rae
198 4702 290 4748 autem
311 4709 405 4746 verum
425 4701 553 4747 nonest.
593 4694 662 4746 Vide
683 4694 716 4745 de
736 4693 788 4746 hoc
809 4710 869 4762 cap.
891 4692 1019 4747 XXXIX
1050 4693 1156 4745 modum
1187 4692 1308 4760 primum.
1349 4693 1419 4746 Nam

119 4774 156 4823 ter
172 4774 285 4846 quinque
316 4773 435 4826 absurda
454 4773 511 4826 illic
531 4773 637 4842 rejecta
666 4773 710 4826 hic
731 4781 838 4828 tautum
858 4788 953 4838 unum,
983 4788 1081 4841 nempe
1101 4771 1239 4837 ultimum,
1261 4772 1417 4836 omittimus,

119 4845 188 4920 *lena
205 4848 324 4926 quatuor
343 4853 500 4909 retineam.
