3278 5550
420 494 634 578 Respondet
656 505 791 562 auctor
812 498 960 582 Operis.

333 616 357 683 '0
378 626 490 697 ungens
510 642 614 697 genero
635 631 665 681 et
684 626 765 681 celsis
787 626 929 683 natalibus
949 628 1041 695 heros,

280 706 329 762 Cui
349 714 428 761 cena
447 712 514 761 ante
535 706 605 761 alios
626 706 709 761 animi
731 707 859 762 coelestis
881 707 959 780 origo
1051 732 1060 761 a

279 790 317 843 Et
336 794 481 857 praestare
502 786 578 841 dedit
598 786 680 841 lactis
700 795 731 843 et
750 790 864 843 tendere
884 794 969 843 canta

280 870 455 939 Hortatuque
475 884 574 921 novam
594 867 773 923 morientibus
795 870 896 923 addere
918 868 1020 925 vitam:

282 948 350 1010 Quid
370 947 507 1019 trepidum
528 946 633 1017 optatis
654 955 684 1002 et
705 956 786 1003 tanta
806 948 933 1003 incendia
951 950 1051 1005 dudum
1072 946 1076 953 '

280 1028 470 1083 Nutricautem
491 1027 611 1083 animum
631 1029 746 1083 flammis
767 1036 905 1101 ventoque
926 1028 1054 1101 fatigas?

281 1110 350 1163 Nam
370 1108 495 1179 quamuis
517 1115 598 1163 tauta
619 1102 691 1173 or'sa,
712 1126 788 1163 meas
809 1109 973 1179 superantia
993 1110 1073 1175 vires,

280 1191 340 1244 Non
359 1189 431 1242 alios
452 1196 578 1259 poscunt,
600 1206 683 1261 quam
703 1188 759 1244 lert
778 1195 829 1245 tua
848 1190 937 1255 Musa,
958 1190 1118 1263 magistros,

282 1268 477 1343 Ingeniumque
499 1270 589 1323 animo
609 1270 698 1324 niiuus
719 1270 885 1343 ingenioque
905 1270 1026 1326 lacertos

281 1348 417 1403 Nascendi
438 1349 502 1402 mihi
524 1350 588 1421 lege
609 1350 686 1404 dedit
706 1358 824 1405 natura:
846 1350 975 1405 Sororum

283 1430 362 1485 Nona
381 1436 475 1483 tamen
496 1430 594 1485 Dium
614 1430 709 1484 eoeli
730 1430 920 1501 inspirarit
941 1446 1096 1487 amorem.

332 1555 418 1609 Dirus
439 1572 515 1609 amor
535 1557 600 1627 quid
620 1573 675 1610 nou
695 1556 825 1611 mortalia
844 1562 960 1627 pectora
980 1556 1076 1627 cogit?

281 1636 329 1689 llle
350 1635 417 1689 mihi
437 1635 586 1706 ingenium.
607 1637 715 1691 validos
736 1637 812 1692 dedit
831 1637 880 1691 ille
900 1638 1030 1701 lacertos,

281 1716 334 1786 Spe
355 1733 410 1769 non
430 1731 522 1788 aequa
543 1716 676 1771 animans.
717 1716 771 1771 Sed
792 1717 864 1773 enirn
878 1710 1000 1771 'Junonis
1020 1715 1132 1787 iniquae

281 1796 433 1850 scindimur
452 1797 527 1852 haud
549 1814 637 1867 aequo
658 1797 751 1851 studia
771 1798 799 1851 in
820 1798 960 1853 contraria
980 1797 1060 1851 vultu

281 1878 375 1947 Tuque
397 1883 427 1929 et
446 1878 526 1947 Ego:
549 1878 610 1931 'libi
630 1877 741 1931 virtutis
762 1878 838 1933 dedit
858 1877 909 1933 illa
928 1878 1061 1932 colendae

281 1957 444 2019 Materiem3
466 1957 532 2011 mibi
552 1959 622 2012 dura
642 1964 747 2029 negat:
768 1959 841 2013 redit
860 1964 940 2013 astus
960 1959 1073 2021 eodemr

282 2037 429 2091 Aethereis
450 2054 545 2091 arcere
566 2038 634 2099 locis
655 2038 783 2109 furtoque
803 2038 963 2094 Promethei

281 2116 483 2182 Extimulante‚
504 2134 598 2173 saeros
619 2118 757 2173 custodire
778 2118 882 2175 arctius
903 2120 993 2191 ignes,

280 2198 357 2269 Ergo
378 2197 477 2267 opibus
499 2205 527 2251 te
549 2199 633 2269 larga
652 2206 762 2271 gravat,
785 2198 896 2271 hilgote
917 2197 1025 2254 metalli

281 2278 476 2351 Perstringens
498 2280 600 2342 oculos,
622 2286 655 2334 ut
674 2279 731 2333 sint
751 2282 786 2333 ad
806 2278 911 2334 lumina
931 2295 1034 2351 segnes

281 2358 400 2422 Caelica,
421 2358 622 2431 purpureisque
643 2362 741 2429 optent
762 2359 931 2431 sejungere
951 2357 1068 2429 pompis,

285 2439 359 2500 Quas
380 2438 506 2511 sequitur
526 2440 642 2493 blandus
664 2440 808 2512 popularis
829 2440 926 2494 sibilus
948 2454 1051 2502 aurae;

283 2519 478 2589 Infandumque
499 2519 619 2575 minetur
638 2520 694 2574 fors
716 2528 856 2601 contemta
876 2521 1005 2575 dolorem.

335 2644 429 2699 Macte
449 2643 539 2699 animo
560 2644 626 2699 forti
647 2644 734 2700 viator
753 2644 898 2716 Divaeque
918 2643 1110 2715 hominumque

283 2725 461 2795 Adeptusque
481 2725 540 2778 tui:
562 2724 607 2795 qui
628 2741 699 2796 quae
721 2725 837 2781 rationis
858 2724 947 2780 onello

284 2807 449 2859 dilect-auda
469 2806 579 2874 probas,
602 2822 672 2859 ausu
692 2813 839 2862 constante
860 2811 981 2868 secutus,

283 2889 310 2939 A
329 2894 411 2955 patre
431 2886 607 2949 uausmissos
627 2886 744 2957 potuisti
764 2904 896 2957 spernere
917 2902 1025 2939 census.

284 2966 387 3018 Desine
402 2968 443 3019 ad
463 2966 535 3021 haue
555 2966 661 3035 privam
682 2967 771 3021 socios
792 2983 934 3023 accersere
954 2966 1072 3028 laudem,

283 3046 430 3116 Verbaque
450 3046 605 3101 fluminibus
626 3046 793 3101 inscriberet
814 3048 876 3102 Non
898 3048 977 3110 boue,
998 3044 1086 3098 virtus

285 3126 416 3196 Gazaque
436 3127 620 3189 conveniunt3
643 3127 749 3183 distant
768 3128 884 3183 immane
904 3127 1040 3198 polusque

283 3206 431 3277 Terraque,
453 3214 483 3261 et
503 3206 620 3263 alterius
640 3207 711 3261 leuis
731 3216 776 3264 est
796 3217 939 3280 respectus
959 3206 988 3259 in
1009 3222 1071 3260 uuo.

335 3322 436 3392 Meque
456 3322 526 3376 adeo
548 3328 701 3391 aspernata
720 3323 878 3377 immensum
899 3320 995 3377 invidit
1016 3320 1146 3374 honorem

283 3401 356 3456 Diva
376 3409 491 3472 potens:
513 3403 696 3473 brevibusque
717 3405 844 3475 ingentia
864 3410 931 3456 vota
951 3406 1095 3455 coarctans

282 3482 436 3547 Limitibus‚
457 3483 525 3537 nihil
548 3483 669 3547 indulsit,
692 3486 763 3556 quod
784 3500 915 3554 spernere
935 3497 1044 3553 possem

284 3564 369 3616 Musis
390 3564 582 3633 postpositum,
605 3570 655 3617 aut
676 3572 813 3619 astrorum
833 3580 973 3635 opponere
994 3576 1092 3615 curae:

284 3643 475 3714 vicissentque
497 3644 560 3698 odia
580 3651 665 3715 atque
686 3645 761 3699 ausis
782 3645 943 3717 ingentibus
964 3642 1086 3706 obstent,

283 3725 479 3795 Ingeniumque
499 3730 599 3796 potens
620 3741 736 3793 superas
756 3726 876 3779 volitare
896 3742 947 3795 per
968 3736 1046 3776 areas

284 3804 379 3858 Invida
399 3802 474 3858 humi
495 3811 634 3875 premeret
653 3806 842 3861 Rhamnusia:
863 3822 907 3860 me
927 3802 980 3860 nisi
1001 3803 1087 3873 primo

284 3886 314 3937 ln
335 3885 407 3938 bivio
429 3884 513 3949 ritae,
535 3886 674 3939 coelorum
695 3902 798 3941 areana
819 3886 933 3940 canendi

282 3964 478 4019 Praesenisset
497 3981 581 4030 amor,
603 3972 654 4019 tua
675 3982 726 4035 per
746 3966 868 4037 vestigia
888 3982 1024 4038 gressum.

334 4082 411 4153 Ergo
432 4080 523 4137 animo
543 4082 666 4137 lustrans
688 4083 769 4137 tritos
789 4083 932 4138 erronibus
953 4082 1044 4147 orbes,

285 4163 473 4233 lmmanesque
493 4162 581 4217 uunas
603 4168 633 4217 et
651 4162 793 4217 hiantibus
815 4162 970 4219 interuallis

283 4242 395 4297 Moenia
414 4259 465 4296 nec
485 4242 583 4314 positis
603 4244 695 4297 mundi
715 4243 823 4299 ruitura
843 4243 992 4305 calumnis;

282 4325 354 4377 Dum
375 4339 475 4377 causas
495 4341 553 4379 uox
573 4330 637 4379 atra
657 4323 758 4394 premit
778 4341 928 4395 securaque
950 4324 1008 4377 reri

283 4404 404 4457 Pruteno
425 4402 553 4457 indormit
572 4404 730 4475 sapientum
750 4407 835 4459 turba
854 4404 1008 4477 magistro:

282 4483 440 4555 Aggredior
460 4486 544 4541 fidens
566 4482 642 4539 oneri
663 4487 808 4539 succedero
829 4492 917 4547 tauto,

283 4565 321 4617 Et
341 4563 501 4619 stabilire
522 4565 618 4619 noris
639 4564 729 4619 coeli
751 4564 935 4637 laquearia
956 4562 1148 4623 transtris;

283 4644 427 4698 Materiam
447 4644 555 4701 Samius
577 4646 719 4711 famosam,
740 4646 857 4717 quinque
878 4645 992 4715 figuras,

283 4724 411 4779 Euclides
433 4742 563 4789 normam,
584 4732 703 4779 mentem
723 4726 797 4781 dedit
817 4726 923 4797 inclyta
940 4725 1052 4785 l‘sllasc

285 4804 386 4861 Uranie
407 4804 580 4876 ingeminans
600 4824 655 4861 nnn
674 4823 729 4861 uno
749 4807 901 4877 interprete
921 4807 1037 4876 plausus

283 4884 410 4941 Aeeinuit
429 4886 574 4953 celebrem,
596 4902 724 4942 successu
743 4888 830 4954 laeta,
852 4886 1028 4959 triumphum.
