3278 5550
237 266 280 338 68
656 268 758 322 Literee
775 270 878 336 Kepleri
898 270 1048 335 allomrnque
1068 275 1170 321 mutuae

239 472 293 535 per
315 469 428 511 vemm.
474 449 633 512 Dissident
655 449 686 511 hi
710 449 767 511 duo
791 468 885 510 causa
908 447 1098 528 evagationis
1122 468 1141 510 a
1164 456 1282 523 ceutro;
1312 448 1388 511 haec
1413 464 1486 528 ergo
1511 466 1603 510 cansa

238 541 380 622 aequanti
395 540 476 603 Solis
500 539 626 600 accedit.
663 538 729 617 Ego
753 545 872 618 partem
895 538 982 618 hujus
1007 537 1114 600 erroris
1139 557 1192 617 per
1206 539 1410 601 reductionem
1434 537 1476 599 ad
1499 555 1604 600 verum

239 633 337 694 locum
352 628 444 699 Solis,
467 637 583 707 partem
607 647 661 707 per
684 636 863 708 aequantem
880 626 960 688 Solis
976 627 1125 708 expedivi.
1164 629 1198 689 ln
1220 635 1377 689 aeternnm
1391 645 1464 688 vero
1479 646 1603 691 causam

238 721 385 792 nescires,
419 719 530 779 frustra
561 718 599 777 ad
624 717 824 796 quadraturas
849 724 880 776 et
904 716 1082 778 solstitialia
1109 725 1222 796 puncta
1245 716 1421 796 respiciens.
1470 714 1598 781 Namiu

241 824 291 884 ea,
317 807 384 869 hinc
405 807 471 886 jam
494 807 569 867 bene
594 806 721 885 colligo,
754 805 937 868 contrarium
962 807 1062 868 evenit
1090 814 1121 867 et
1144 806 1318 868 observatio
1343 825 1407 867 curn
1434 803 1597 886 Copemioo

241 898 391 960 convenit.
419 928 456 939 -

329 985 395 1065 Ego
420 983 448 1046 in
473 983 614 1046 methodo
638 1003 705 1044 mea
729 1003 821 1063 supra
845 982 999 1062 descripta
1014 978 1034 1043 4
1051 983 1297 1066 acronychiarum
1317 1003 1374 1045 non
1389 1001 1590 1064 praesuppono

239 1075 438 1137 bisectionem
472 1072 727 1146 eccentricitatis;
761 1072 813 1133 illa
843 1074 1017 1152 operatione
1049 1092 1159 1152 quaero
1194 1073 1425 1154 hypothesin
1459 1080 1589 1135 tantun

238 1163 428 1227 vicariam.
474 1163 555 1228 Nam
579 1162 730 1223 cuniculos
755 1182 792 1221 er
816 1161 1077 1224 observationibus
1102 1162 1131 1224 iu
1151 1163 1248 1242 ipsam
1273 1181 1397 1225 veram
1420 1161 1588 1243 hypothesin

239 1272 328 1333 agere
361 1254 452 1332 plane
484 1252 621 1330 despero.
683 1249 814 1329 Oportet
844 1251 962 1312 omnino
1002 1250 1146 1314 vicariam
1180 1253 1385 1332 interponere,
1419 1262 1527 1330 postea
1560 1269 1588 1313 er

243 1342 357 1404 vicaria
381 1360 481 1402 veram
507 1341 678 1402 aestimare.
1263 1399 1266 1407 ,

328 1430 375 1493 De
414 1429 649 1510 aequipollentia
685 1426 895 1509 hypothesium
926 1428 970 1489 ita
998 1436 1061 1504 est,
1101 1436 1135 1490 nt
1167 1430 1293 1510 scripsi;
1326 1428 1468 1492 limitatio
1500 1435 1588 1490 mmor

240 1521 343 1601 ahqua
367 1519 507 1580 addenda
530 1526 593 1592 est,
616 1511 695 1598 'quae
720 1526 750 1578 te
775 1518 878 1594 fugere
903 1518 1030 1580 videtur.
1057 1549 1098 1559 -
1122 1518 1238 1597 Accipe
1263 1519 1311 1581 hic
1327 1519 1450 1580 schema
1466 1517 1589 1580 theoriae

241 1608 352 1673 Martis
377 1616 409 1669 et
432 1606 523 1681 Solis,
547 1623 579 1669 ec
602 1627 715 1669 mecum
740 1607 915 1685 speculare,
940 1607 1087 1687 quomodo
1111 1608 1264 1688 quaelibet
1287 1611 1436 1688 imperata
1452 1605 1590 1686 aequatio

239 1697 368 1759 seorsim
392 1696 594 1776 computanda
617 1697 674 1770 sit,
700 1715 789 1777 qnam
815 1697 961 1758 rationem
985 1715 1041 1775 ego
1068 1697 1198 1759 noudum
1223 1698 1280 1759 nisi
1304 1717 1341 1759 ex
1364 1697 1480 1759 vicaria
1503 1697 1591 1778 hypo·

239 1787 319 1850 thesi
343 1787 450 1848 calleo.
498 1787 575 1847 Puto
600 1796 700 1847 autem
724 1787 817 1846 senet
841 1786 976 1846 tabularu
1007 1786 1197 1865 aequatiouis
1228 1780 1490 1858 construendam,
1508 1802 1592 1866 eaque

238 1877 430 1956 postmodum
461 1876 618 1949 utendum;
662 1894 785 1954 possum
817 1883 916 1936 autern
946 1896 983 1936 ex
1011 1895 1084 1936 vera
1115 1876 1248 1938 tabulam
1279 1877 1381 1938 ordine
1415 1883 1593 1948 construere,
1629 1880 1633 1959 j

239 1965 289 2027 ubl
313 1984 431 2046 semper
454 1965 603 2045 posterior
627 1965 766 2045 aequatio
790 1965 1005 2043 praesupponit
1027 1964 1175 2044 priorem,
1199 1985 1292 2045 usque
1317 1967 1355 2027 ad
1379 1984 1561 2044 apogaeum.
1630 1978 1633 2047 s

784 2055 813 2113 A
829 2052 892 2127 Sol,
918 2054 975 2114 AB
997 2054 1099 2115 radius
1123 2054 1204 2115 orbis
1220 2056 1339 2130 Martie,
1362 2053 1418 2117 BC
1444 2053 1597 2117 verissima
1631 2068 1633 2077 '

697 2140 918 2205 eccentricitas
974 2140 1092 2212 Quodsi
1124 2142 1177 2205 Sol
1210 2164 1268 2206 non
1306 2152 1427 2223 raperet
1458 2144 1595 2218 Martem,
1631 2134 1633 2143 '

698 2233 783 2293 Mars
807 2252 825 2292 a
851 2229 875 2293 O
899 2250 953 2310 per
976 2233 999 2304 l,
1022 2231 1108 2304 Il‚G
1132 2232 1160 2293 in
1181 2234 1205 2294 F
1229 2233 1381 2294 circellum
1406 2232 1599 2306 describeret,

698 2320 783 2399 cujus
808 2320 1018 2381 eccentricitas
1035 2318 1131 2393 0105,
1156 2322 1287 2401 qualium
1305 2322 1360 2385 AB
1380 2318 1520 2385 100000.
1557 2323 1600 2385 Ac

699 2410 861 2471 etiamnum
900 2409 1043 2472 describit
1081 2410 1163 2472 illum
1200 2411 1317 2472 ratione
1351 2411 1448 2472 lineae
1480 2409 1541 2474 Ac
1572 2418 1603 2473 et

409 2125 463 2191 Fig.
485 2121 526 2172 11.

699 2498 795 2561 centri
821 2501 861 2574 A,
887 2499 940 2561 sed
965 2500 1165 2579 inaequaliter
1187 2510 1286 2562 motus
1309 2520 1363 2581 per
1383 2500 1540 2562 ambitum.
1573 2501 1601 2562 Ie

698 2597 841 2658 motnsd
865 2588 1007 2650 consistit
1031 2589 1060 2650 in
1075 2589 1197 2651 nitendo
1222 2599 1328 2652 contra
1351 2588 1494 2651 virtutem
1511 2588 1599 2653 Solis.

696 2681 775 2742 Nam
813 2679 843 2740 iu
881 2676 1026 2757 principio
1069 2685 1101 2739 et
1137 2678 1282 2757 temporis
1320 2677 1514 2740 restitutione
1551 2697 1600 2742 seo

698 2768 868 2830 anomaliae
892 2766 998 2828 uititur
1013 2767 1128 2829 directe
1144 2776 1233 2841 retro,
1260 2767 1288 2830 iu
1304 2777 1410 2847 quarto
1431 2768 1597 2831 anomaliae

696 2858 786 2936 padio
810 2864 881 2934 post
901 2854 930 2916 iu
945 2856 974 2916 H
997 2856 1115 2934 positus
1146 2857 1261 2918 directe
1285 2857 1403 2919 vehitur
1424 2857 1463 2918 ad
1489 2855 1596 2934 &iu

698 2945 821 3006 dimidio
844 2943 962 3023 positus
985 2944 1015 3005 in
1039 2946 1082 3020 F,
1101 2964 1190 3031 porro
1222 2945 1336 3007 nititur.
1383 2946 1488 3007 Habet
1512 2946 1599 3026 igitur

697 3034 745 3095 hic
769 3033 851 3094 nisus
883 3040 1052 3112 respectum
1084 3041 1203 3096 tautum
1227 3035 1266 3096 ad
1289 3035 1431 3097 virtutem
1461 3033 1517 3112 Θ.
1563 3036 1600 3099 ht

246 3138 296 3192 est
318 3126 468 3208 aequalis,
502 3124 571 3204 quia
594 3123 778 3202 temporibus
812 3120 987 3202 aequalibus
1016 3141 1104 3185 arcus
1128 3125 1285 3204 aequales,
1309 3124 1390 3185 circa
1413 3124 1599 3187 centmmB

243 3217 446 3297 inaequaliter
469 3222 580 3276 motum
605 3212 733 3274 coniicit.
782 3209 911 3281 Quando
935 3211 1012 3287 dico,
1036 3214 1190 3291 planetam
1215 3213 1365 3293 respicere
1389 3213 1535 3275 virtutem
1560 3210 1598 3291 Θ

242 3306 409 3381 innitendo,
434 3303 551 3384 explico
576 3322 697 3362 causam
721 3302 876 3384 physicam
896 3308 994 3361 motus
1018 3302 1180 3381 planetae;
1205 3304 1322 3383 qnando
1345 3303 1422 3376 dieo,
1447 3302 1599 3382 respicere

243 3406 380 3458 centmm
399 3394 435 3469 B,
462 3392 578 3472 explico
603 3392 720 3453 modum
745 3399 867 3452 nostrae
891 3391 1117 3452 intellectionis.
1155 3392 1223 3453 Non
1240 3393 1319 3453 enim
1336 3400 1418 3470 puto,
1443 3392 1607 3470 planetam,

244 3487 282 3547 ad
307 3484 428 3565 aliquod
456 3481 666 3561 imaginarium
699 3489 846 3542 centrum.
865 3481 1031 3558 respicere,
1062 3489 1102 3553 ut,
1125 3500 1199 3553 nos,
1230 3481 1337 3559 quibus
1360 3490 1409 3542 est
1436 3481 1546 3542 charta
1569 3488 1614 3562 et

245 3592 379 3657 papyrus
400 3574 439 3634 ad
455 3590 571 3633 manus.
608 3569 710 3632 Solem
734 3570 865 3632 concedo
891 3570 1040 3648 respicere
1064 3571 1218 3649 planetam
1242 3571 1271 3631 in
1289 3570 1459 3649 quantitate
1484 3568 1599 3633 circelli

245 3664 390 3738 tenenda,
416 3663 486 3742 quia
515 3657 567 3736 Θ,
593 3660 659 3720 sous
683 3659 820 3733 virtutis,
850 3657 910 3720 alio
935 3667 966 3721 ct
993 3659 1053 3722 alio
1082 3659 1192 3749 angulo
1221 3660 1352 3721 cernitur
1376 3667 1407 3720 et
1430 3678 1448 3718 a
1472 3659 1598 3739 planeta

244 3751 462 3833 imaginatione
486 3749 671 3827 concipitur3
695 3757 768 3828 puto
792 3747 870 3810 enim
884 3748 939 3809 has
963 3748 1180 3829 intelligentias
1200 3749 1245 3810 ita
1268 3747 1464 3810 materialiter
1488 3747 1595 3829 dispo-

245 3844 332 3916 sitas,
349 3849 382 3902 ut
397 3858 473 3921 quae
489 3857 542 3899 nos
558 3838 652 3898 oculis
668 3838 826 3911 cernimus,
843 3837 912 3902 illae
928 3839 988 3899 alia
1003 3838 1197 3917 impressione
1222 3838 1410 3916 concipiant:
1435 3844 1599 3917 propterea

245 3951 313 3993 esse
336 3940 368 3992 et
391 3929 524 3991 ordinem
538 3928 662 3988 fixarum
677 3947 734 3989 non
750 3934 874 4006 propter
889 3945 1076 3988 numerorum
1090 3926 1337 3989 'observationem
1351 3927 1405 3987 sed
1421 3933 1453 3986 et
1467 3935 1594 4005 propter

246 4020 380 4099 ipsorum
412 4016 656 4096 imaginationem
679 4018 719 4078 ad
742 4016 898 4094 dirigenda
922 4016 1029 4077 itinera
1052 4024 1086 4077 et
1107 4016 1202 4078 nodos
1232 4015 1492 4095 transponendos,
1523 4034 1599 4096 quos

247 4117 321 4188 puto
343 4107 416 4170 olim
439 4107 469 4169 in
493 4106 666 4191 hodiernum
690 4106 750 4185 poli
774 4104 931 4184 eclipticas
956 4105 1012 4167 sub
1036 4105 1102 4167 fixis
1126 4106 1223 4168 locum
1246 4112 1389 4167 venturos
1413 4103 1439 4165 si
1469 4105 1599 4168 muudus

247 4196 438 4273 consisteret.
475 4195 537 4258 Sed
561 4195 639 4258 iufra
653 4194 750 4256 dicam
774 4195 1012 4274 speculationem
1035 4193 1246 4275 simpliciorem
1264 4195 1369 4257 eodem
1392 4193 1598 4257 recedentem.

335 4285 404 4347 Jam
429 4286 511 4364 leges
535 4294 633 4347 motus
655 4283 757 4364 puncti
781 4284 807 4344 B
831 4283 999 4363 explicabo.
1038 4284 1208 4363 Imaginare
1232 4284 1344 4365 itaque,
1370 4283 1448 4345 sicut
1471 4288 1522 4344 est
1543 4282 1602 4345 AF

248 4375 287 4436 ad
309 4375 377 4450 ΑΕ,
400 4374 468 4447 ΑΒ,
494 4374 562 4448 AD,
586 4371 654 4448 AO,
680 4374 723 4437 sic
747 4392 814 4435 esse
838 4392 952 4435 moram
975 4381 1001 4443 d
1024 4373 1053 4434 in
1082 4369 1116 4435 1⁰
1139 4373 1187 4435 vel
1214 4373 1242 4437 1¹
1271 4372 1413 4436 circuitus
1437 4371 1519 4434 circa
1545 4369 1597 4450 Θ,

250 4465 367 4545 quando
392 4461 491 4524 estin
516 4465 548 4537 F,
573 4463 612 4523 ad
642 4482 755 4525 moram
787 4462 816 4522 in
851 4460 898 4537 G,
922 4462 968 4535 H,
992 4463 1023 4536 1,
1049 4460 1084 4525 0.
1132 4464 1209 4526 Nam
1242 4463 1337 4524 virtus
1363 4459 1403 4538 Θ
1441 4461 1600 4524 circularis

250 4553 367 4634 quidem
392 4559 449 4618 est,
474 4559 506 4612 et
530 4550 555 4612 si
578 4552 703 4630 planeta
726 4572 784 4613 non
808 4551 1007 4613 descenderet
1029 4571 1067 4613 ex
1083 4550 1118 4627 C,
1143 4561 1300 4631 raperetur
1323 4551 1459 4631 perfecto
1484 4550 1600 4612 circulo

249 4660 303 4723 per
326 4640 351 4705 0
376 4641 536 4719 descripto.
583 4642 631 4702 Ita
655 4641 735 4704 siin
758 4641 775 4703 I
798 4647 942 4713 maneret,
966 4649 1122 4721 raperetur
1134 4676 1138 4686 ·-
1148 4641 1261 4703 circulo
1285 4660 1337 4720 per
1362 4640 1407 4703 DI
1431 4638 1598 4718 descripto,

251 4731 306 4795 sed
333 4728 462 4792 breviori
490 4737 622 4809 tempore
652 4731 765 4792 rediret
783 4729 913 4804 eodem,
946 4730 1017 4810 quia
1047 4730 1143 4793 virtus
1166 4730 1196 4790 in
1221 4729 1443 4808 angustioribus
1476 4728 1601 4791 circulis

251 4821 392 4904 stipatim
415 4825 463 4883 est
485 4825 517 4881 et
539 4820 659 4885 densior
681 4816 806 4900 ideoque
831 4825 864 4881 et
885 4819 917 4882 iu
940 4818 1048 4883 effectu
1071 4819 1188 4893 fortior,
1213 4812 1307 4900 quam'
1324 4819 1355 4882 in
1379 4818 1546 4883 laxioribus
1569 4824 1604 4881 et
