3278 5550
150 276 215 345 298
609 270 798 333 tue'uouun
817 280 1016 335 saumones·

150 459 302 538 multoque
323 458 433 519 certius
449 458 608 536 apparebit
628 459 707 519 infra
726 478 790 540 cap.
806 460 907 522 XLII.
934 460 1026 520 Porro
1047 465 1079 518 et
1093 455 1195 538 Tycho
1221 455 1278 517 hoc
1303 455 1431 519 inLuna
1448 466 1481 520 est

150 548 286 611 imitatus
318 568 405 629 quam
435 548 578 626 proxime.
633 547 703 609 Jam
736 560 767 611 et
799 549 827 611 in
861 548 979 610 theoria
1006 545 1088 609 Solis
1120 544 1288 627 (Tychoni)
1319 547 1367 609 vel
1389 546 1477 609 Terrae

151 636 349 716 (Cupernico)
382 637 460 697 idem
493 648 541 697 est
569 637 815 699 demonstratum.
870 637 916 698 De
941 638 1061 697 Venere
1092 654 1163 696 vero
1196 643 1228 696 et
1251 635 1400 697 Mercurio
1429 636 1481 716 quin

149 726 227 786 idern
252 727 407 787 credamus
435 724 507 787 nihil
536 727 672 804 impedit.
725 728 791 789 Imo
810 728 875 805 jam
899 728 1139 788 demonstratum
1162 724 1276 796 habeo,
1306 724 1375 786 hinc
1405 734 1481 787 ortu!

151 834 217 876 esse
251 815 434 897 opinionem,
460 815 565 876 horum
589 817 778 895 planetarum
802 827 906 878 centra
929 815 1089 877 eccentrici
1112 815 1142 875 in
1167 832 1267 875 annuo
1292 814 1416 876 circello
1436 814 1481 876 cir·

149 904 269 966 cumire.
317 903 429 965 Omnes
460 923 531 984 ergo
564 905 705 985 planetae
735 905 792 966 hoc
815 907 937 967 habent.
986 903 1061 966 Cum
1086 922 1156 982 ergo
1181 903 1211 963 in
1234 903 1413 983 Mysterio
1434 920 1481 975 nep

150 991 487 1071 Cosmographico‚
513 1003 583 1053 ante
607 1013 701 1054 annos
726 1006 793 1055 octo
818 1001 925 1074 (plures
947 1004 1008 1073 jam
1033 998 1112 1071 sunt)
1135 992 1301 1072 publicato,
1325 992 1409 1053 litem
1425 991 1481 1053 hant

151 1083 188 1143 de
212 1102 304 1143 causa
328 1082 486 1161 aequantis
510 1083 688 1144 Ptolemaici
712 1084 767 1146 hoc
791 1085 855 1144 solo
880 1084 997 1145 numine
1022 1081 1206 1154 distulerim,
1239 1080 1320 1162 quod
1343 1100 1381 1141 ex
1403 1090 1481 1142 astro·

148 1172 248 1231 numia
280 1172 397 1250 vulgari
426 1171 485 1232 dici
514 1191 571 1232 non
594 1182 715 1252 posset,
750 1193 786 1233 an
812 1174 904 1234 etiam
928 1171 982 1233 Sol
1007 1172 1054 1231 vel
1078 1172 1172 1232 Terra
1195 1179 1309 1249 punctu
1333 1169 1481 1250 aequaturi

148 1271 180 1322 et
209 1261 275 1340 ejus
300 1260 511 1320 eccentricitas
535 1261 701 1322 bisectione
725 1270 843 1323 utatur:
874 1261 1012 1341 equidem
1036 1261 1100 1339 jam
1124 1260 1213 1320 decet
1235 1279 1299 1320 rem
1323 1260 1394 1320 esse*
1413 1256 1481 1339 liqui·

150 1350 237 1423 dam,
277 1362 438 1429 postquam
471 1349 642 1411 sincerioris
678 1351 879 1412 astronomiae
910 1349 1083 1411 testimonio
1112 1349 1319 1411 confirmatum
1352 1348 1481 1425 habeam

148 1439 267 1500 omnino
293 1439 321 1499 in
346 1439 463 1499 theoria
479 1438 560 1500 Solis
584 1440 633 1499 vel
648 1440 759 1501 Terrae
783 1447 961 1521 aequantem
986 1441 1095 1500 inesse.
1140 1439 1206 1499 Hoc
1231 1437 1353 1517 inquam
1370 1437 1481 1516 jamdc·

148 1537 327 1600 monstrato,
353 1528 440 1589 decet
463 1547 585 1588 causam
610 1529 958 1608 aequantisPtolemaici
984 1549 1002 1588 a
1023 1548 1071 1588 me
1096 1527 1284 1605 assignatam
1308 1528 1337 1587 in
1361 1524 1481 1608 mysteri

151 1616 408 1695 Cosmographico
431 1634 485 1695 pru
505 1617 591 1696 justa
614 1628 645 1677 et
669 1618 805 1694 legitima
828 1618 943 1692 haberi,
969 1638 1034 1679 cum
1059 1617 1100 1678 sit
1123 1616 1304 1677 universalis
1324 1624 1358 1676 et
1373 1634 1481 1676 commu·

148 1707 195 1767 nis
220 1706 357 1765 omnibus
384 1705 527 1785 planetis.
573 1707 662 1768 Illam
686 1708 776 1785 igitur
799 1708 856 1768 hac
880 1708 979 1786 operis
1003 1716 1090 1786 parte
1114 1705 1275 1767 declarabo
1288 1704 1425 1783 amplius.
1454 1701 1481 1767 Π

145 1795 215 1874 quia
238 1795 403 1856 declaratio
428 1795 486 1856 erit
513 1797 673 1874 generalis,
700 1808 767 1857 utar
790 1816 863 1857 voce
887 1797 1073 1875 planetae.
1120 1794 1231 1855 Lector
1259 1803 1364 1855 autem
1396 1794 1423 1853 in
1443 1793 1481 1853 hot

143 1895 175 1944 et
198 1884 393 1964 sequentibus
418 1885 534 1964 aliquot
558 1887 707 1962 capitibus
730 1905 849 1964 semper
873 1886 902 1946 in
920 1886 1020 1965 specie
1036 1885 1192 1959 Terram
1218 1882 1429 1962 Cupernici
1447 1878 1481 1943 vd

143 1972 268 2034 Solem
294 1973 491 2053 Tychonis
515 1974 677 2052 intelligat.

231 2061 363 2123 Primum
387 2062 481 2136 sciat,
519 2064 549 2123 in
573 2064 653 2124 omni
683 2062 844 2143 hypothesi
868 2062 1120 2124 Ptolemaica
1143 2062 1200 2122 hae
1226 2062 1323 2122 forma
1347 2060 1469 2129 instruc¹

144 2160 372 2231 quantacunque
404 2152 614 2213 eccentricitas
647 2153 751 2225 fuerit,
781 2151 968 2212 celeritatem
997 2151 1026 2212 in
1051 2151 1194 2230 perilrelio
1219 2160 1250 2210 et
1273 2066 1481 2225 tarditatem}

144 2240 262 2319 aphelio
300 2240 521 2320 proportionari
560 2261 648 2322 qnam
685 2240 820 2320 proxime
860 2241 946 2302 lineis
978 2259 1016 2301 ex
1049 2248 1152 2301 centro
1186 2239 1286 2301 mnndi
1324 2234 1481 2299 eductisi

101 2364 110 2376 ·
142 2330 306 2408 planetam.
1441 2380 1444 2387 ,
1473 2356 1479 2407 Ι

927 2421 962 2482 In
986 2418 1157 2491 schemate,
1189 2417 1219 2478 iu
1243 2437 1300 2497 quo
1326 2440 1347 2478 α
1371 2435 1423 2477 oen

861 2509 962 2570 mundi
986 2508 1059 2581 fuit,
1083 2515 1115 2567 et
1137 2507 1157 2582 β
1184 2516 1321 2567 centrum
1347 2423 1481 2585 euacua

862 2595 912 2671 dc,
928 2606 986 2675 ety
1005 2603 1147 2676 puuctum
1164 2595 1336 2676 aequantis,
1356 2588 1481 2673 scribat}¹

862 2694 990 2764 centroy
1004 2685 1150 2747 distantia
1164 2686 1206 2762 βᾶ
1222 2683 1355 2745 circulus
1372 2686 1481 2762 aequal

724 2832 732 2848 „
862 2795 924 2855 op;
949 2784 981 2836 et
1002 2794 1056 2855 per
1079 2799 1099 2836 a
1123 2782 1258 2836 centrum
1282 2772 1401 2847 muudi,
1451 2838 1456 2849 ¹

732 2851 768 2947 Χ,
862 2874 1052 2946 computatur
1077 2862 1288 2925 eccentricitas
1313 2863 1380 2935 (est
1402 2880 1421 2921 a

768 2953 790 3038 i„
862 2953 1069 3036 inpraesenti
1096 2952 1218 3031 negotio
1242 2951 1297 3014 Sol
1323 2949 1407 3030 Cope
1443 2947 1449 2962 ⁸

788 3041 802 3120 l,
863 3045 957 3105 'lurra
994 3042 1119 3115 ceteris)
1162 3049 1269 3120 agatur
1308 3047 1395 3101 recta

862 3153 970 3194 secans
1002 3131 1201 3192 eccentricum
1231 3129 1312 3207 inp
1342 3139 1373 3190 et
1397 3152 1436 3202 o,
1461 3126 1481 3203 ἢ

809 3230 812 3241 ’
861 3222 985 3301 planeta
1023 3221 1063 3282 sit
1098 3221 1127 3281 in
1165 3235 1191 3298 ψ
1228 3227 1260 3279 et
1293 3242 1336 3292 o,
1375 3214 1481 3411 mnan

815 3362 827 3386 0
862 3310 1022 3372 eccentrici
1047 3315 1097 3388 dp
1120 3317 1152 3369 et
1175 3331 1219 3369 ao>
1244 3307 1409 3379 confectis,
1439 3300 1474 3317 ''

668 3388 805 3463 ,⁰214
861 3401 899 3461 ab
924 3400 1044 3480 aphelic
1069 3417 1122 3459 seu
1146 3416 1293 3477 apogaeo‚
1318 3396 1368 3457 hic
1384 3388 1481 3474 apuli

861 3490 941 3550 helio
967 3509 1019 3550 seu
1044 3487 1205 3567 perigaeu:
1233 3485 1283 3566 qui
1307 3504 1399 3546 arcus
1422 3494 1481 3559 ex}

860 3587 1010 3659 ponuntur
1049 3595 1195 3656 apparere
1233 3575 1396 3654 aequales,
1432 3566 1481 3719 qq

861 3678 945 3728 recta
984 3683 1041 3746 ψω
1081 3664 1156 3726 facit
1193 3669 1268 3742 apud
1296 3673 1329 3724 et
1357 3682 1430 3724 ona

754 3745 762 3772 '
861 3757 1006 3818 verticem
1029 3754 1181 3834 aequales.
1224 3751 1304 3815 Cum
1324 3760 1426 3812 autem
1442 3753 1481 3827 lq

861 3869 905 3907 eo
930 3864 1017 3906 arcus
1041 3850 1190 3923 ponantur
1209 3861 1276 3902 esse
1299 3839 1427 3914 minimi,
1447 3842 1481 3899 ut«.

861 3943 929 4015 pote
955 3934 984 3995 in
1003 3932 1078 4012 ipsis
1095 3937 1152 4004 d‚e
1177 3930 1352 4010 apsidibus‚
1377 3920 1481 3989 aresti

863 4024 954 4102 igitur
983 4022 1069 4082 lineis
1098 4020 1172 4080 nihil
1202 4019 1346 4080 differunt
1368 4017 1407 4078 ad
1430 4030 1481 4076 seu

145 4149 218 4192 sum.
266 4127 372 4205 Itaque
395 4119 519 4201 perinde
543 4139 578 4179 ao
603 4119 629 4180 si
653 4125 741 4196 ὄαψ,
766 4139 838 4177 ano
869 4121 971 4173 essent
1002 4110 1154 4188 triangula
1183 4108 1358 4182 rectilinea,
1383 4113 1414 4167 et
1436 4109 1481 4179 ὀμ

146 4216 248 4295 anguli
271 4212 346 4276 recti
370 4219 402 4272 et
424 4233 444 4270 α
468 4207 632 4270 communis
655 4215 777 4279 vertex,
809 4203 868 4264 erit
891 4211 923 4262 ut
946 4207 988 4261 da
1012 4200 1051 4258 ad
1075 4222 1114 4258 aa
1139 4197 1183 4258 sic
1208 4204 1256 4274 δψ
1280 4217 1369 4257 arcus
1392 4193 1431 4255 ad
1451 4208 1481 4253 u

147 4325 258 4368 arcum.
296 4301 358 4366 Sed
381 4297 499 4378 longior
524 4304 572 4358 est
594 4302 637 4358 ad
659 4314 748 4378 quam
766 4313 827 4367 aa;
851 4289 969 4369 longior
992 4288 1085 4368 igitur
1109 4285 1200 4346 etiam
1225 4305 1315 4346 arcus
1340 4290 1392 4361 δψ
1414 4295 1481 4363 quau

147 4419 202 4457 ao.
239 4393 281 4455 Hi
305 4410 393 4453 arcus
412 4389 460 4462 (re
478 4405 550 4447 vera
563 4385 753 4467 inaequales)
778 4388 926 4461 apparent
942 4398 978 4439 ex
1003 4403 1022 4439 a
1046 4375 1199 4455 aequales.
1241 4372 1407 4444 Quaeritur
1426 4371 1481 4451 jan

147 4491 259 4566 quanto
283 4490 418 4559 tempore
442 4484 574 4537 moretur
604 4474 727 4554 planeta
751 4471 781 4532 in
804 4480 927 4548 utroque
961 4485 1031 4527 arcu
1062 4483 1099 4525 ex
1123 4462 1262 4524 doctrina
1285 4471 1317 4523 et
1340 4458 1481 4544 hypothes

146 4571 323 4645 Ptolemaei,
349 4565 466 4649 quando
490 4565 517 4625 is
541 4574 720 4643 aequantem
743 4557 890 4621 adhibet?
912 4556 1008 4635 Igitur
1031 4574 1097 4632 exp
1120 4559 1223 4613 centro
1247 4571 1300 4632 per
1326 4550 1414 4632 signa
1427 4565 1481 4629 pr

146 4669 248 4724 rectae
273 4658 429 4730 ducantur,
454 4660 592 4716 secantes
617 4656 794 4731 aequantem
812 4648 843 4709 in
861 4671 888 4727 χ,
904 4667 930 4707 c.
967 4645 1058 4705 Dicet
1081 4641 1173 4720 igitur
1196 4641 1413 4702 Ptolemaeus:
1437 4654 1481 4699 cun

148 4753 266 4830 integer
289 4747 418 4809 circulus
442 4741 601 4825 aequantis
624 4762 671 4817 oq
694 4740 820 4799 denotat
841 4745 959 4815 tempus
982 4732 1167 4811 periodicum
1190 4730 1345 4810 planetae,
1370 4739 1441 4793 tunc
1460 4750 1481 4805 u¹

147 4858 216 4904 esse
239 4852 410 4900 mensnram
431 4829 576 4911 temporis
600 4829 678 4911 quod
706 4828 832 4908 planeta
859 4823 1008 4887 consumit
1035 4822 1065 4883 in
1094 4838 1165 4882 arcu
1197 4819 1362 4882 eccentrici
1384 4824 1481 4899 ube

150 4949 194 5009 aa
217 4916 285 4990 erse
309 4937 480 4988 mansuram
501 4915 663 5011 temporis,
687 4912 768 4998 quod
789 4914 913 4995 planeta
940 4908 1090 4976 consumit
1110 4907 1143 4974 in
1165 4924 1239 4972 arcn
1261 4906 1430 4974 eccentrici
1450 4928 1481 4970 a«
