3278 5550
148 289 192 362 48
567 290 666 345 Literae
684 291 787 358 Kapleri
802 291 952 358 aliorumque
970 296 1080 343 mutuas.

147 473 278 548 modum,
301 471 352 554 qui
374 470 476 533 nescio
500 491 537 531 an
563 473 602 533 ad
624 491 752 551 unguem
778 474 866 553 jussa
889 473 1023 537 facturus
1047 471 1106 547 sit;
1137 478 1218 532 certe
1241 469 1272 531 in
1295 467 1408 530 vicinia
1433 475 1503 530 octo

147 565 282 628 locomm
304 562 336 623 in
361 563 399 638 (l,
416 564 454 633 00,
468 554 512 634 [1,
527 553 572 635 [1,
591 563 626 637 sst
649 564 684 637 ξι
708 567 801 639 sstdss
822 564 904 626 facit.
951 565 983 624 Is
1006 563 1079 624 talis
1102 572 1166 625 est:
1191 563 1292 635 Luna,
1316 569 1350 622 ut
1372 560 1505 642 quilibet

148 673 187 714 ex
209 652 358 733 planetis,
390 657 515 711 naturae
539 650 666 712 consilio
690 663 826 716 movetur
848 653 878 715 in
902 653 1041 734 longum,
1065 654 1173 728 latum,
1198 653 1386 734 profundum.
1436 652 1503 713 Nec

147 750 218 805 sunt
240 742 341 822 plnres
374 738 586 801 dimensiones.
633 741 750 803 Motum
773 743 803 804 in
828 743 888 805 lon
896 762 977 823 gum
1009 745 1100 805 infert
1123 745 1176 806 Sol
1199 736 1347 824 planetis,
1377 739 1439 820 ipsi
1463 742 1502 801 de

148 851 202 893 suo
226 828 300 892 nihil
317 829 441 901 addunt,
465 827 523 889 nisi
548 836 695 908 quatenns
719 830 748 891 in
769 832 897 894 diversis
920 834 1145 896 circuitionibus
1168 854 1187 893 a
1210 841 1319 894 natura
1342 830 1393 893 siti
1418 838 1500 892 sunt

146 921 264 983 Motum
289 919 320 979 iu
347 918 461 978 latum
492 916 618 997 planeta
640 918 705 996 ipse
736 919 871 998 conticit,
904 923 958 985 Sol
981 924 1039 985 hnc
1063 924 1137 985 nihil
1161 922 1288 984 confert.
1325 920 1445 982 Motum
1469 919 1501 980 in

146 1007 363 1091 protundum
387 1005 466 1067 inter
490 1025 523 1066 se
546 1007 725 1087 partiuntur,
748 1011 872 1090 planeta
894 1031 1022 1074 ascensu
1045 1013 1094 1074 vel
1116 1013 1273 1084 descensu,
1297 1009 1353 1072 Sol
1376 1008 1501 1071 accele-

145 1098 240 1161 rando
264 1096 313 1158 vel
327 1095 477 1156 tardando
496 1095 577 1156 ultra
599 1114 743 1160 ascensus
765 1100 814 1161 vel
830 1101 993 1164 descensus
1015 1121 1195 1163 mensnram.
1232 1102 1338 1180 ltaque
1362 1106 1501 1160 centrum

145 1184 305 1248 eccentrici
327 1183 448 1264 ponitur
472 1183 635 1264 aplaneta,
660 1195 793 1250 centrum
816 1192 973 1270 aequantia
993 1212 1011 1252 a
1028 1191 1109 1254 Sole.
1149 1191 1284 1271 Suntque
1308 1189 1337 1250 in
1362 1187 1501 1268 quolibet

143 1277 266 1357 planeta
280 1281 423 1355 quatuor:
441 1272 557 1334 medius
573 1272 780 1355 longitudinis,
796 1279 951 1342 inclinatio
968 1280 1148 1355 latitudinis,
1166 1287 1301 1341 centrum
1325 1276 1499 1350 eccentrici,

144 1372 278 1426 centmm
302 1359 470 1442 aequantia.
508 1361 595 1423 Luna
610 1382 682 1443 prae
701 1368 810 1430 ceteris
824 1369 881 1431 hoc
895 1371 997 1446 hahet,
1021 1379 1055 1431 ut
1070 1390 1135 1431 curn
1153 1369 1238 1431 coelo
1256 1388 1309 1428 suo
1328 1375 1498 1439 moveatur,

118 1471 277 1536 quaeque
301 1451 333 1512 in
355 1449 425 1512 aliis
455 1458 526 1513 sunt
555 1450 720 1531 simplicia,
754 1457 867 1521 sintin
894 1460 952 1521 hac
982 1460 1122 1541 duplicia.
1168 1457 1327 1539 Duplicem
1350 1477 1379 1518 n.
1404 1455 1498 1517 habet

144 1545 259 1606 fontem
291 1538 427 1601 motricis
459 1539 600 1616 virtutis,
624 1542 727 1608 Solem
750 1566 804 1627 ρει
827 1568 875 1621 se,
900 1551 1025 1612 Terram
1047 1568 1101 1629 per
1129 1548 1289 1621 accidens,
1322 1553 1354 1607 et
1375 1553 1411 1607 ιιι
1434 1545 1496 1606 dixi

144 1651 253 1713 supra,
287 1629 353 1708 ejus
384 1628 452 1689 sons
485 1629 605 1691 virtutis
630 1642 679 1717 est
706 1635 795 1697 linea.
841 1639 982 1719 Respicit
1011 1639 1102 1719 igitur
1124 1657 1184 1698 non
1213 1644 1331 1698 tautum
1355 1637 1493 1708 Terram,

143 1739 232 1803 quam
255 1718 432 1791 circumeat:
452 1719 506 1779 sed
525 1719 616 1781 etiam
631 1722 743 1787 Solem.
783 1726 891 1789 Omnia
910 1728 1011 1809 itaque
1027 1749 1081 1789 sna
1100 1734 1227 1809 quatuor
1242 1725 1336 1787 habet
1351 1723 1493 1804 duplicia.

142 1808 294 1883 Primum,
324 1814 424 1869 motus
448 1806 564 1870 medius
589 1809 618 1871 in
641 1812 721 1875 linea
744 1815 914 1879 diametrali
938 1819 1028 1879 velox
1051 1825 1118 1891 est,
1151 1815 1268 1878 tardior
1291 1833 1349 1894 qno
1373 1812 1495 1892 longius

143 1900 169 1971 2>
200 1898 296 1960 distat
322 1917 341 1958 a
369 1895 541 1958 diametrali
574 1897 662 1961 linea.
709 1905 794 1967 Hanc
828 1908 1024 1970 variationem
1054 1926 1108 1986 per
1140 1912 1319 1987 aequantem
1350 1903 1495 1963 dehemus

143 1987 273 2061 salvare,
297 1985 368 2068 quia
390 2005 409 2045 a
429 1984 502 2048 Sole
526 2005 579 2047 seu
605 1990 725 2053 alonte
749 1994 868 2057 virtutis
891 1997 1068 2076 simpliciter
1090 2003 1202 2068 manat,
1225 1994 1313 2055 Luna
1328 1992 1397 2072 ipsa
1420 1989 1494 2053 nihil

593 2082 719 2144 confert.
765 2085 794 2146 A
817 2087 921 2159 Terra,
944 2085 998 2150 Bc
1021 2084 1229 2165 conceptrions
1247 2085 1286 2156 h,
1310 2079 1396 2144 BAC
1414 2079 1497 2142 linea

593 2172 790 2234 diametralis.
838 2174 913 2238 Cum
937 2193 1008 2254 ergo
1031 2178 1057 2247 1>
1084 2183 1132 2236 est
1154 2173 1185 2235 in
1207 2174 1250 2246 B,
1284 2171 1325 2232 sit
1349 2176 1494 2250 punctum

591 2261 749 2342 aequantis
762 2262 795 2329 in
810 2264 847 2339 Ε,
863 2272 970 2325 contra
985 2284 1051 2326 cnm
1066 2266 1152 2334 est)
1170 2263 1201 2324 in
1219 2259 1254 2335 C,
1276 2260 1317 2322 sit
1333 2257 1494 2338 aequantia

591 2359 732 2432 punctum
755 2352 786 2413 in
809 2354 847 2415 D.
895 2353 1058 2424 Quantitas
1080 2353 1138 2417 AG
1163 2352 1201 2412 ad
1219 2351 1278 2413 DA
1302 2357 1336 2411 ut
1363 2344 1495 2411 100000

593 2442 631 2502 ad
655 2438 741 2505 2d00
765 2442 837 2503 sere.
883 2444 962 2505 Nam
986 2443 1015 2504 in
1038 2438 1099 2505 450
1127 2441 1265 2522 aequatio
1287 2438 1422 2499 maxima
1445 2444 1494 2498 est

592 2526 647 2594 40‘
671 2531 799 2593 circiter.
839 2532 931 2595 Sinus
954 2541 1054 2595 autem
1077 2528 1276 2611 digressionis
1299 2527 1349 2589 vel
1372 2526 1495 2588 distan-

592 2620 702 2692 tiae)
733 2642 752 2682 a
783 2622 863 2683 linea
884 2620 938 2685 Bc
968 2621 1187 2701 multiplicatus
1217 2619 1248 2679 in
1276 2618 1335 2679 DA
1370 2613 1493 2695 rejectis

593 2708 613 2772 5
637 2710 740 2790 rigoris
763 2711 865 2791 prodit
887 2711 986 2772 locum
1008 2711 1111 2791 puncti
1134 2706 1302 2789 aequantia.

681 2799 835 2863 Secundo:
870 2799 998 2862 latitudo
1031 2799 1163 2861 maxima
1190 2797 1222 2859 in
1253 2792 1491 2876 oppositionibus

594 2895 626 2947 et
670 2888 930 2965 conjunctionibus
968 2890 1111 2951 statuitur
1148 2907 1185 2948 ex
1229 2882 1490 2947 observationibus

594 2973 634 3038 40
656 2971 774 3058 58'l2‘3
804 2979 834 3039 in
866 2977 1056 3057 quadraturis
1087 2996 1158 3038 vero
1183 2996 1219 3036 ex
1248 2973 1353 3035 eodem
1384 2973 1492 3033 ohser-

594 3065 748 3126 vationum
780 3067 974 3127 fundamento
1006 3066 1162 3128 inveniunt
1190 3063 1352 3126 maximam
1383 3059 1494 3122 latitu-

594 3153 693 3215 dinem
710 3147 868 3237 5⁰17¹),·.
908 3156 973 3217 Hoc
991 3164 1087 3217 totum
1106 3155 1145 3217 ab
1159 3150 1363 3216 inclinationis
1382 3169 1495 3211 eccen-

142 3239 211 3302 trici
234 3239 412 3314 variatione,
436 3241 493 3302 hoc
513 3250 561 3301 est
581 3243 619 3303 ah
638 3243 705 3324 ipsa
728 3244 831 3306 Lunae
854 3245 1055 3324 divagatione,
1079 3265 1138 3325 qna
1161 3262 1194 3305 se
1218 3242 1383 3303 adnutum
1408 3236 1494 3302 Solis

143 3329 304 3408 componit,
327 3329 495 3409 provenire,
513 3340 652 3394 manente
668 3342 770 3395 centro
790 3333 969 3395 concentrici
987 3336 1145 3413 conjuncto
1164 3351 1231 3396 cum
1247 3339 1350 3391 centro
1367 3330 1494 3400 Terrae,

141 3417 245 3480 multis
277 3417 444 3479 rationibus
474 3429 603 3482 constat.
648 3423 717 3484 Non
749 3431 852 3503 potest
882 3423 961 3483 eninr
993 3424 1057 3484 lieri
1086 3441 1140 3502 per
1170 3417 1494 3502 appropinquationem

142 3504 313 3569 latitudinis
336 3508 375 3568 ad
397 3509 531 3582 Terram,
548 3524 611 3571 'nec
633 3530 687 3591 per
710 3512 927 3574 revolutionem
951 3513 1046 3573 centri
1069 3511 1227 3573 eccentrici
1251 3506 1331 3568 circa
1354 3508 1493 3568 Terram.

140 3595 276 3678 Utroque
299 3595 378 3658 enim
400 3598 488 3658 modo
511 3599 686 3678 proveniret
708 3600 908 3681 inaequalitas
932 3601 1034 3682 aliqua
1057 3600 1086 3663 in
1107 3597 1307 3679 longitndine,
1331 3616 1408 3677 qnae
1432 3617 1493 3660 non

141 3693 191 3747 est
221 3685 499 3747 commensurabilis
530 3688 568 3748 ad
608 3687 832 3751 observatorias
869 3691 1109 3771 inaequalitates.
1165 3691 1271 3768 Itaque
1300 3705 1354 3765 per
1385 3706 1494 3749 omnes

140 3773 247 3837 modos
264 3775 352 3840 ,eunti
382 3775 454 3837 mihi
485 3776 642 3857 apparuit,
673 3794 740 3840 cum
766 3778 849 3840 nnlla
879 3778 1125 3860 inaequalitatum
1157 3784 1322 3838 ceterarum
1345 3776 1376 3837 in
1399 3796 1493 3838 unam

143 3863 325 3946 hypothesin
350 3864 491 3927 confundi
513 3884 615 3945 posse,
639 3868 692 3929 sed
716 3887 785 3929 esse
809 3876 981 3948 separatam
1003 3867 1133 3948 penitus.

231 3952 352 4016 Tertio:
387 3954 598 4017 eccentricitas
627 3956 731 4029 Lunae
759 3966 886 4036 angetur
916 3964 947 4018 et
980 3957 1122 4019 minuitur
1152 3974 1207 4036 ρει
1235 3953 1332 4035 ipsam
1361 3954 1492 4031 Lunam,

142 4043 391 4123 quemadmodum
414 4043 511 4106 omnis
534 4045 742 4107 eccentricitas
765 4046 876 4108 accidit
898 4065 952 4126 per
973 4065 1130 4109 ascensum
1147 4053 1178 4106 et
1192 4045 1370 4107 descensum
1392 4041 1517 4122 ipsius·

142 4131 293 4211 planetae.
332 4132 381 4196 Sit
403 4134 547 4206 FTerra,
570 4134 600 4196 A
623 4143 758 4196 centrum
781 4135 950 4210 eccentrici,
974 4137 1000 4198 B
1022 4135 1200 4217 principium
1223 4132 1401 4206 anomaliae,
1426 4133 1495 4212 ejus

144 4239 186 4281 sc.
205 4239 380 4300 apogaeum,
405 4221 629 4304 Operigaeum.
667 4224 722 4286 AF
746 4223 954 4286 eccentricitas
977 4225 1085 4299 media,
1109 4225 1140 4286 in
1156 4226 1196 4301 ό,
1214 4227 1251 4296 0⁰·
1286 4224 1366 4284 Dum
1390 4231 1495 4288 antem

144 4307 231 4372 Luna
255 4309 347 4371 currit
371 4311 409 4372 ab
434 4315 461 4385 00
486 4310 515 4373 iu
538 4304 590 4385 [1,
614 4311 735 4374 libratio
766 4313 860 4375 centri
890 4313 1048 4376 eccentrici
1070 4316 1104 4377 fit
1125 4333 1179 4394 per
1201 4312 1269 4387 AB,
1294 4311 1495 4377 contradam

141 4398 168 4470 h
194 4396 219 4459 it
241 4418 260 4458 a
282 4391 369 4463 UD
390 4399 420 4461 in
446 4404 472 4474 00
496 4401 545 4460 vel
560 4402 600 4477 (ζ,
623 4401 743 4464 libratio
767 4404 802 4465 lit
822 4421 877 4483 ρει
898 4403 968 4464 AD.
1015 4403 1064 4466 Sit
1085 4404 1111 4474 h
1136 4403 1210 4474 in00
1235 4419 1302 4462 curn
1325 4400 1408 4474 Sole,
1434 4403 1496 4466 erit

142 4494 277 4550 centrum
301 4488 461 4551 eccentrici
476 4489 506 4550 in
522 4489 558 4564 Ε,
582 4491 668 4552 Luna
683 4491 856 4569 egrediente
871 4491 901 4553 in
917 4483 961 4564 [],
986 4493 1043 4554 erit
1064 4493 1095 4554 in
1110 4492 1150 4567 A,
1175 4491 1229 4553 sed
1246 4491 1333 4552 Luna
1350 4490 1494 4555 veniente

141 4575 173 4638 in
197 4575 233 4652 C,
258 4576 318 4638 erit
340 4585 475 4640 centrum
498 4578 658 4641 eccentrici
681 4578 773 4643 in·D.
818 4580 1044 4644 Dimensionem
1068 4581 1199 4642 nondum
1221 4597 1344 4660 possum
1367 4578 1493 4643 addere.

142 4666 213 4729 Non
229 4673 393 4728 esttamen
417 4674 512 4742 tanta,
536 4675 571 4730 ut
585 4676 683 4730 toturn
705 4668 893 4750 aequationis
914 4669 1064 4733 maximae
1080 4670 1110 4731 in
1126 4669 1317 4751 quadraturis
1333 4686 1495 4733 excessum

143 4754 326 4829 absorbeat,
356 4772 412 4816 nec
435 4757 514 4818 enim
543 4757 625 4820 ultra
649 4756 700 4821 18‘
733 4758 823 4820 dehet
853 4758 971 4820 inferre.
1019 4762 1085 4823 Hoc
1107 4759 1195 4821 modo
1219 4760 1252 4819 lit
1275 4757 1372 4820 ovalis
1394 4759 1494 4839 ligura

322 2146 375 2212 rig.
395 2141 420 2194 9.
