3278 5550
327 467 403 523 Unde
424 467 526 540 globos
546 473 653 538 septem
673 474 807 538 septenae
828 485 865 521 ex
887 465 980 522 ordine
1001 473 1115 532 mentes,

380 549 555 618 Octavusque
576 548 682 602 animum
703 550 736 603 de
757 555 838 619 patre
859 547 933 612 Sole,
955 548 1073 602 vehunt:

329 628 630 698 innumerabilibusque
651 636 735 682 vacat
754 636 857 682 natura
876 628 988 694 volutis,

377 710 415 764 Et
434 716 554 779 pereunt
574 709 678 774 novies,
698 711 731 762 de
752 725 850 780 grege,
873 708 990 779 quinque
1010 708 1073 763 Dei.

327 790 406 844 Fallc
426 790 522 859 'lycho
543 789 619 844 denis
640 789 784 852 rationem,
806 789 874 842 falle
895 788 1023 844 minutis:

382 869 468 933 Quae,
490 869 542 924 nisi
563 870 613 935 Tu,
635 874 761 924 numeret
780 886 876 932 nemo;
897 885 932 923 ea
953 876 1053 923 cuncta
1072 877 1161 925 ruent.

329 950 351 1005 0
372 965 453 1004 curas
474 950 620 1014 hominum,
642 968 658 1004 o
680 957 810 1021 quantum
831 956 875 1003 est
896 949 923 1004 in
943 951 1026 1004 rebus
1046 949 1145 1005 inane!

381 1030 523 1093 Quondam
543 1049 597 1086 non
619 1030 676 1085 alla
696 1029 720 1084 si
740 1029 796 1085 itur
818 1032 853 1084 ad
874 1037 953 1084 astra
974 1030 1027 1085 via.

279 1197 431 1284 mcccc
454 1199 650 1282 epigramma
672 1197 711 1260 de
733 1196 851 1260 stadiis
874 1195 1194 1281 scelestarum.

327 1323 456 1378 Pinarum
476 1324 571 1395 Tychc
593 1323 738 1393 descripsit
757 1322 883 1393 Solisque
903 1328 1026 1385 meatum

378 1404 476 1459 Lunae
496 1404 659 1459 curriculum
676 1403 782 1472 junxit,
803 1410 833 1457 et
853 1402 988 1458 occubuit.

327 1483 469 1539 Luciferae
488 1483 635 1539 Phaethon
654 1483 732 1538 dolet
752 1481 907 1538 ascendisse
927 1480 1094 1555 quadrigam

366 1554 426 1620 'Nil
447 1565 541 1619 nocuit
561 1565 659 1619 sollcrs
679 1565 751 1618 haec
771 1563 821 1618 tibi
843 1580 909 1617 cura
929 1563 1041 1634 Tycha:

326 1650 478 1700 Aeternum
498 1645 651 1717 Endymion
672 1644 765 1699 'hiric
785 1643 948 1698 obdormirit
968 1651 1081 1703 amata;

379 1729 531 1781 Aeternum
551 1725 660 1782 Triviae
681 1732 709 1780 te
731 1742 838 1798 quoque
859 1723 934 1794 sopit
954 1728 1046 1779 Amor.

671 1908 802 1918 *—

478 2098 486 2119 ,
582 2032 893 2108 Lectori

719 2154 753 2221 S.

151 2264 291 2327 Pluribus
313 2272 345 2325 te
368 2262 480 2344 alloqui
513 2262 705 2325 decreveram
730 2264 887 2337 (Lector),
920 2263 977 2325 uisi
1001 2270 1033 2325 et
1055 2261 1285 2344 occupationum
1307 2261 1414 2343 politi-

105 2374 159 2416 run
184 2355 293 2427 moles,
319 2352 425 2434 quibus
445 2353 528 2414 hisce
552 2351 657 2414 diebus
679 2353 747 2432 plus
770 2352 860 2414 sclito
884 2351 1029 2416 distineor
1050 2361 1081 2413 et
1095 2369 1313 2432 praeproperus
1328 2352 1415 2431 Kep-

105 2443 246 2518 rinostri,
274 2443 330 2504 boc
353 2442 420 2522 ipso
444 2450 595 2503 momento
615 2442 845 2503 Franeofurtum
864 2440 944 2518 ituri,
970 2441 1123 2503 discessus
1142 2441 1194 2502 vir
1216 2441 1294 2502 beno
1317 2458 1415 2520 quan-

105 2532 274 2613 uscunque
299 2530 370 2592 mihi
393 2530 544 2593 scribendi
568 2530 741 2611 reliquisset
770 2531 969 2592 occasionem.
1015 2531 1122 2612 Itaque
1146 2529 1242 2591 tribus
1267 2529 1416 2591 duntaxat

105 2620 166 2683 nbis
183 2632 211 2684 te
238 2620 421 2683 monendum
445 2619 559 2691 censui,
584 2639 621 2681 ne
644 2627 675 2681 te
699 2627 822 2682 moveat
843 2619 968 2701 Kepleri
991 2618 1021 2680 in
1046 2618 1202 2699 aliquibus,
1227 2617 1414 2698 potissimum

105 2710 285 2794 srcpbysicis
310 2708 618 2789 argumentationibus
634 2730 653 2770 a
668 2709 787 2773 Braheo
812 2708 1020 2771 dissentientis
1036 2708 1171 2783 libertas,
1196 2707 1415 2769 Tabularum

108 2798 362 2882 slolpbearum
386 2797 479 2879 Operi
502 2798 698 2881 nequicquam
722 2799 956 2874 incommodare,
981 2807 1013 2860 et
1031 2797 1168 2860 omnibus
1192 2796 1261 2859 inde
1283 2796 1321 2858 ab
1344 2794 1415 2858 orbe

105 2888 176 2951 alito
199 2887 396 2968 Philosophia
424 2888 592 2951 familiaris.
645 2887 788 2951 Ceterum
811 2908 849 2949 ex
872 2887 972 2970 Opere
994 2887 1060 2967 ipso
1085 2887 1240 2959 rescisces,
1264 2886 1363 2965 ipsum
1386 2885 1414 2946 iu

105 2977 148 3039 rlc
170 2978 302 3053 Brahei‚
328 2977 358 3039 id
381 2984 542 3057 estsuper
568 2977 664 3057 ipsius
696 2978 888 3040 restitutione
918 2977 1043 3038 fixarum
1067 2983 1100 3037 et
1123 2975 1205 3037 Solis
1228 2974 1415 3047 aedificasse,

105 3067 281 3148 terramque
305 3085 421 3128 omnem
439 3066 683 3138 (observationes
707 3066 860 3141 nimirum)
874 3065 986 3128 Brabei
1001 3082 1094 3145 opera
1113 3065 1206 3126 luisse
1229 3072 1415 3142 congestam.

105 3157 184 3217 terim
207 3158 268 3217 hcc
291 3155 402 3234 insigni
425 3153 549 3235 Kepleri
572 3152 673 3235 Opere
704 3157 782 3217 inter
805 3156 860 3217 bos
892 3154 1087 3216 rebellionum
1111 3162 1143 3215 et
1165 3153 1312 3215 bellorum
1340 3154 1415 3213 snb-

105 3244 132 3305 le
153 3245 399 3326 repullulantium
422 3245 595 3329 tumultus„
617 3246 686 3306 dum
710 3263 757 3305 res
782 3243 917 3307 literaria
939 3243 1027 3323 Reip.
1052 3244 1247 3324 compatitur,
1271 3249 1415 3322 tanquam

105 3332 243 3395 stolarum
269 3344 299 3396 et
323 3340 395 3413 post
417 3332 486 3395 illas
510 3330 763 3395 Observationum
796 3333 912 3396 tardius
937 3332 991 3393 boc
1023 3333 1141 3393 nomine
1166 3331 1194 3392 iu
1224 3331 1320 3393 lucem
1343 3349 1415 3410 pro-

105 3423 215 3484 nntium
231 3424 396 3485 Prodrcmc
422 3422 539 3498 fruere;
564 3429 595 3484 ot
615 3422 776 3484 alacriores
800 3422 1002 3504 inposterum
1026 3422 1124 3503 operis
1148 3428 1306 3500 tantopere
1331 3420 1415 3482 desi·
1442 3452 1445 3457 Δ

105 3513 164 3572 uati
186 3531 375 3592 progressus,
402 3521 432 3573 et
455 3518 593 3592 tempora
617 3510 771 3573 foelicicra
794 3533 813 3574 a
835 3511 900 3574 Deo
917 3508 1039 3593 Optimo
1057 3512 1142 3573 Max.
1167 3508 1320 3570 nobiscum
1344 3527 1415 3588 pre-

105 3619 146 3661 re.

541 3689 736 3755 Fbcamsoue
760 3690 907 3753 commo
932 3686 1113 3771 Tecyaoqel
1134 3688 1170 3750 irs
1194 3685 1325 3767 Oampp.

666 3777 724 3841 8⁸0
752 3777 810 3841 ΟΜ
837 3780 904 3841 Meis
933 3777 1141 3840 Consiliorius.
1159 3773 1200 3848 ¹⁸)
