3278 5550
547 279 608 335 Para
626 282 717 334 Tema.
756 283 837 352 capnt
855 283 963 338 xxxllt
1363 270 1429 347 319

111 456 247 537 eloacam
268 456 300 519 in
323 457 401 521 locis
424 478 462 521 ex
485 458 558 523 Sole
586 464 733 543 oppositis
763 474 885 541 secant,
917 465 995 546 quod
1028 483 1119 544 supra
1150 481 1216 543 cap.
1240 459 1312 524 XII.
1335 458 1424 523 XIII.

111 546 169 608 IIV.
190 547 226 608 de
246 546 349 623 Harte
382 565 420 609 ex
447 550 708 617 observationibus
731 565 780 616 est
811 557 1055 618 demonstratum
1101 553 1182 633 Ergo
1216 559 1248 613 et
1280 549 1426 610 diameter

111 635 233 699 bratorIa
253 630 294 715 γζ
311 656 419 701 uersus
434 638 538 702 Solem
561 641 657 722 ipsum
682 645 788 717 tendit,
813 655 844 707 et
862 645 1037 708 latitudines
1060 641 1162 705 Solem
1186 640 1304 702 omuino
1328 638 1426 716 respi-

111 724 172 789 iuut
208 724 279 788 Etsi
300 725 360 791 hoc
383 747 498 809 quoque
523 730 560 791 de
584 730 742 794 latitudine
766 735 844 796 infra
866 743 951 814 parte
968 735 1008 795 V.
1033 730 1206 794 amentis
1229 728 1367 809 partibus
1389 726 1429 786 ad

112 820 237 876 sturae
261 824 365 895 partes
389 824 422 878 et
443 820 676 898 magneticas
700 824 909 886 facultates
933 843 998 884 sum
1022 822 1221 885 traducturus.
1268 817 1333 880 Neo
1356 815 1428 876 mihi

111 921 139 965 oc
159 903 282 975 dixeris,
306 906 415 985 oppido
430 926 555 989 parvam
579 928 646 972 esse
669 911 747 973 hanc
762 911 843 974 Solis
867 913 1045 974 diametrum
1072 911 1194 991 ejusque
1220 905 1427 978 variationem,

111 1006 117 1055 t
140 1011 193 1074 pro
224 994 330 1073 regula
358 1014 427 1057 esse
457 1017 516 1059 non
545 1000 653 1077 possit.
707 998 830 1063 Certum
861 1001 940 1062 enim
971 1009 1035 1075 est,
1064 999 1096 1060 iu
1125 998 1207 1061 nullo
1237 996 1428 1076 planetamm
1497 1050 1500 1055 .

111 1081 196 1144 cuitus
227 1101 421 1146 evanescere.
469 1085 545 1149 Cum
579 1089 658 1150 enlm
680 1089 710 1151 in
733 1091 827 1152 Terra
856 1092 897 1153 sit
919 1088 983 1163 30‘,
1013 1090 1044 1151 in
1067 1089 1167 1149 Marte
1201 1083 1348 1146 obtinebit
1375 1079 1428 1157 20,

111 1169 204 1233 rJore
233 1171 264 1242 7,
287 1172 317 1233 iu
341 1173 474 1237 Saturno
498 1172 529 1250 3,
553 1185 586 1237 at
608 1177 638 1239 in
662 1179 781 1241 Venere
796 1177 849 1253 40,
874 1181 904 1241 in
927 1178 1078 1242 Mercurio
1101 1178 1189 1258 plane
1205 1172 1258 1249 80,
1282 1180 1314 1234 et
1334 1190 1429 1253 usque

111 1257 216 1325 l120.
262 1262 368 1341 Neque
392 1263 428 1324 de
453 1265 603 1342 paruitate
627 1266 715 1347 hujus
749 1270 895 1348 emperie,
925 1269 977 1330 sed
1002 1268 1038 1329 de
1063 1284 1204 1329 sensuum
1234 1264 1429 1326 humanorum

111 1358 178 1431 epta
201 1351 342 1437 crassitie
367 1371 503 1431 querare,
528 1355 576 1434 qui
600 1356 638 1417 ad
661 1365 724 1418 tam
747 1376 842 1436 parva
865 1358 1056 1438 percipienda
1077 1376 1136 1417 nou
1161 1360 1332 1433 sequuntur.

163 1438 244 1501 Ecce
269 1440 325 1501 hoe
347 1442 636 1524 quantulumcunque
652 1465 760 1525 corpus
785 1456 888 1526 aptum
909 1456 1012 1527 ‚tamen
1037 1453 1095 1517 est,
1120 1444 1197 1523 quod
1214 1442 1242 1502 in
1264 1439 1428 1520 superiori-

111 1547 138 1590 ua
156 1529 371 1603 demonstravi,
396 1531 435 1591 ad
458 1533 607 1594 movenda
629 1535 657 1595 in
681 1536 822 1597 circulum
847 1544 911 1611 tam
934 1544 1050 1598 remota
1073 1552 1208 1611 corpora.
1247 1531 1293 1591 Da
1315 1527 1428 1591 illumi-

111 1616 195 1679 stione
220 1618 322 1679 mundi
346 1639 365 1680 a
389 1619 509 1681 tantillo
533 1624 709 1700 corpusculo
733 1625 832 1686 sciunt
855 1645 965 1687 omnes.
1014 1622 1165 1687 Credibile
1189 1628 1237 1682 est
1261 1620 1380 1699 itaque,
1405 1616 1431 1679 si

111 1726 140 1769 ra
164 1707 311 1769 facultate
344 1709 473 1788 praediti
507 1718 576 1772 suut
599 1722 730 1774 motores
763 1715 806 1776 illi
831 1714 1036 1775 observandae
1065 1712 1153 1789 hujus
1177 1709 1329 1777 diametri,
1364 1725 1430 1767 eam

111 1805 255 1857 anteesse
280 1797 461 1876 argutiorem
486 1818 574 1878 quam
598 1804 766 1863 suntoculi
790 1804 894 1877 nostri,
922 1812 1033 1881 quanto
1049 1821 1123 1881 opus
1148 1799 1213 1878 ejus
1238 1805 1269 1859 et
1290 1795 1430 1877 perennis

111 1883 169 1965 ¹satio
192 1884 307 1947 nostris
331 1887 511 1948 turbulentis
536 1897 567 1950 et
591 1891 723 1952 confusis
748 1891 878 1970 negotiis
902 1901 950 1953 est
973 1889 1167 1953 constantior.

165 1974 213 2037 An
238 1994 310 2052 ergo
334 1974 421 2036 binos
444 1976 571 2055 singulis
594 1979 724 2058 planetis
748 1980 861 2042 tribues
886 1976 996 2055 oculos,
1022 1978 1176 2058 Keplere?
1222 1977 1428 2054 Nequaquam.

165 2075 253 2125 aest
278 2083 410 2126 necesse.
457 2066 562 2146 Neque
586 2067 663 2129 enim
687 2077 719 2131 ut
743 2071 853 2131 moveri
877 2070 1009 2151 possint,
1034 2068 1127 2147 pedes
1151 2066 1224 2146 ipsis
1249 2074 1339 2143 atque
1363 2063 1430 2124 alae

169 2152 356 2215 tribuendae.
397 2152 495 2215 Orbes
510 2174 580 2216 vero
604 2158 718 2219 solidos
732 2159 869 2221 Braheus
889 2160 953 2239 jam
978 2156 1153 2221 eliminavit.
1194 2155 1299 2232 Neque
1315 2152 1430 2212 exhau-

153 2249 252 2303 uoetra
286 2243 451 2321 speculatio
479 2263 582 2306 omues
615 2255 740 2308 naturae
769 2249 941 2322 thesauros,
976 2257 1010 2309 ut
1033 2266 1086 2325 per
1117 2252 1249 2306 nostram
1273 2241 1430 2303 scientiam

154 2340 259 2411 ,quot
284 2351 391 2392 seusus
414 2351 481 2394 esse
506 2334 644 2396 debeant.
692 2336 737 2397 At
760 2338 850 2398 etiarn
875 2337 1014 2417 exempla
1042 2334 1127 2396 uobis
1151 2331 1339 2393 admirabilia
1361 2336 1431 2390 suut

128 2416 253 2501 'foratu
295 2420 349 2484 Dic
364 2422 442 2483 euim
464 2423 598 2502 physice,
624 2425 729 2503 quibus
746 2427 840 2488 oculis
860 2436 1007 2488 astrorum
1033 2427 1098 2485 loca
1122 2424 1150 2483 in
1175 2422 1298 2481 zodiaco
1320 2437 1430 2498 specu·

147 2577 150 2583 ,
196 2509 361 2570 facultates
385 2509 531 2573 animales
561 2531 717 2592 corporum
740 2515 954 2588 sublunarium,
980 2524 1012 2575 ut
1034 2511 1207 2574 harmonica
1232 2507 1457 2588 dispositione·

200 2606 360 2678 aspectum
385 2597 526 2678 dicimus)
551 2601 630 2662 iuter
653 2622 690 2662 ea
712 2604 900 2684 deprehensa
930 2603 1103 2664 subsuiteut
1126 2609 1157 2661 et
1190 2599 1219 2658 iu
1244 2616 1320 2676 opus
1344 2615 1429 2657 auum

201 2688 300 2750 cant?
347 2687 394 2749 Au
425 2688 514 2751 etiam
540 2691 634 2751 oculis
663 2691 724 2751 suis
749 2694 881 2771 signauit
903 2701 1000 2754 mater
1029 2709 1096 2751 mea
1124 2690 1192 2749 loca
1215 2686 1363 2756 siderum,
1396 2693 1430 2745 ut

201 2796 232 2838 ae
257 2785 362 2839 natam
387 2777 417 2838 iu
432 2779 666 2858 configuratione
689 2779 823 2856 SaturnI,
846 2783 942 2855 Jovis,
968 2781 1087 2847 Martis,
1113 2776 1250 2849 Veneris,
1276 2774 1427 2848 Mercurii,

159 2867 278 2928 oextiles
302 2875 333 2928 et
356 2867 466 2941 trinos;
491 2887 585 2948 eoque
609 2870 646 2930 iis
670 2870 858 2949 potissimum
882 2871 986 2932 diebus
1009 2869 1120 2930 liberos
1145 2885 1224 2940 suos,
1249 2863 1431 2945 praesertim

150 2955 366 3035 pn‘mogeuitum
382 2957 554 3032 eniteretur,
580 2959 686 3037 quibus
709 2981 797 3041 quam
816 2961 932 3041 plurimi
949 2960 1109 3021 eorundem
1128 2964 1312 3035 aspectuum,
1336 2972 1428 3033 prae-

151 3040 158 3055 ‘
194 3043 320 3107 Saturni
344 3055 376 3106 et
389 3046 475 3107 Jovis
499 3059 695 3122 recurrerent,
721 3059 774 3110 aut
798 3050 1032 3130 quamplurima
1055 3049 1123 3110 loca
1145 3045 1273 3125 pristina
1297 3043 1429 3123 quadra-

142 3134 332 3213 ,oppositis,
358 3143 397 3203 ¹et
427 3135 501 3214 ipsis
525 3138 698 3216 corporibus
725 3139 976 3217 possiderentur?
1023 3136 1107 3209 Quae
1132 3153 1205 3195 sane
1232 3134 1263 3195 in
1292 3131 1430 3195 omuibus

167 3222 222 3302 plis
236 3223 431 3301 deprehendi,
456 3233 602 3306 quotquot
616 3228 655 3287 ad
679 3227 755 3288 hunc
782 3227 860 3290 diem
883 3230 1064 3307 obtigerunt.
1104 3224 1164 3287 Sed
1190 3223 1260 3303 quid
1284 3240 1338 3302 ego
1355 3223 1430 3305 haec

157 3330 172 3372 e
193 3313 327 3373 absurda
350 3321 440 3393 atque
465 3314 531 3387 illa,
565 3316 622 3378 nisi
646 3317 720 3390 illis,
756 3317 804 3395 qui
830 3319 858 3378 in
883 3327 993 3379 natura
1016 3335 1083 3377 sese
1107 3313 1280 3391 diligentius
1305 3329 1430 3372 exercu-

152 3407 173 3474 t,
196 3420 288 3481 quam
313 3401 399 3463 hodie
424 3403 568 3465 usitatum
593 3406 663 3468 est?
710 3411 807 3478 (Gomp.
822 3414 875 3464 vol.
888 3415 919 3474 11,
939 3431 963 3478 p.
979 3411 1051 3474 tlt.)

112 3560 119 3577 ⁵
163 3490 247 3551 Idem
272 3490 365 3569 Igitur
387 3491 445 3564 ille,
472 3513 557 3572 quem
582 3495 630 3555 hio
653 3495 789 3573 ponimus
806 3496 914 3569 dicere,
939 3497 1077 3574 planetae
1102 3493 1241 3554 iterasse
1265 3476 1476 3639 perfectu&

111 3578 225 3653 talum,
250 3579 309 3641 hoc
325 3578 413 3654 dicet,
438 3581 592 3661 planetam
616 3585 758 3645 affectare
783 3604 838 3647 sua
861 3585 1031 3658 libratione,
1056 3592 1089 3644 ut
1112 3583 1141 3643 iu
1158 3600 1216 3660 qua
1238 3577 1415 3658 proportior

111 3668 270 3729 balineae
294 3674 347 3738 δα,
373 3666 486 3747 οα,,ζα
510 3672 558 3732 vel
573 3674 713 3752 aequales
738 3673 797 3735 illis
821 3697 871 3748 aa,
895 3678 945 3748 λα,
970 3671 1011 3745 ζα
1035 3674 1074 3733 ad
1097 3669 1302 3749 longissimam
1325 3688 1378 3744 γα,
1400 3664 1431 3727 in

111 3750 179 3841 illem
213 3758 278 3819 fere
311 3761 387 3835 (nam
425 3785 485 3838 cap.
516 3771 599 3828 LVII.
628 3773 681 3827 erit
716 3774 855 3843 proportio
882 3776 966 3842 paulo
994 3767 1074 3839 alla.)
1105 3757 1295 3839 proporilffllfl
1325 3774 1432 3816 &Versa

111 3836 234 3907 hatur
258 3845 317 3924 ipsi
341 3846 478 3909 diametri
497 3846 578 3910 Solis
603 3861 672 3929 post
686 3853 828 3931 aequales
844 3841 1003 3914 ecoentrici
1027 3870 1113 3911 arcus
1128 3848 1296 3920 confectos3
1322 3852 1357 3904 et
1376 3845 1432 3904 hac

111 3942 293 3999 memorum
322 3932 404 3996 Solis
432 3938 672 4002 consideratione
700 3939 801 4002 venire
826 3940 915 4001 dietis
947 3949 1113 4017 temporum
1146 3934 1281 3999 articulis
1306 3952 1343 3994 ex
1365 3955 1380 4012 y
1402 3932 1432 3994 iu

117 4020 145 4098 l,
166 4018 185 4096 ζ
205 4022 491 4117 propinquitates..

163 4111 328 4175 Sciendum
350 4122 462 4188 mmen,
486 4136 544 4178 nou
569 4117 642 4178 bene
667 4119 814 4197 quadrare
839 4117 967 4179 invicem
990 4121 1183 4195 augmentum
1198 4110 1336 4174 diametri
1350 4108 1433 4172 Solis

111 4221 220 4264 ·arcus
243 4203 385 4285 epicyeli3
417 4204 518 4284 itaque
549 4206 724 4273 memoriam
747 4208 814 4269 huic
842 4207 937 4270 menti
965 4205 1082 4292 motpici
1111 4204 1199 4265 valde
1228 4202 1335 4263 bonam
1364 4218 1432 4260 esse

111 4296 207 4365 luctet,
231 4291 271 4352 ad
289 4293 430 4372 aequalia
452 4304 614 4376 augmenta
638 4295 776 4359 diametri
793 4297 874 4360 Solis
899 4294 1137 4357 accommodanti
1161 4291 1335 4372 inaequales
1349 4288 1432 4351 sinus

111 4388 185 4439 asos
208 4399 330 4443 arcuum
353 4383 494 4465 epieycli:
520 4404 576 4464 quo
601 4385 636 4445 de
660 4387 739 4447 iufra
762 4406 828 4464 cap.
852 4386 937 4459 LVI,
962 4384 1061 4445 LVII.

172 4467 226 4529 111.
265 4470 366 4549 Atque
390 4470 464 4534 haee
480 4474 517 4533 de
537 4473 624 4552 siguo
640 4476 770 4537 confecti
792 4474 885 4555 spatii
900 4475 982 4535 dicta
1005 4480 1102 4534 sunto.
1140 4469 1261 4543 Restat,
1286 4475 1321 4529 ut
1343 4466 1434 4530 tertio

111 4552 170 4639 §de
183 4556 300 4620 animali
313 4560 457 4622 facultate
481 4564 707 4625 transvectaudi
722 4565 855 4644 corporis
871 4562 1030 4644 planetarii
1052 4559 1148 4622 tribus
1163 4558 1263 4620 verbis
1278 4575 1432 4621 moneam:

118 4652 174 4736 Ψ,
195 4645 240 4723 qui
261 4648 359 4724 dicat,
392 4650 422 4710 vi
446 4650 536 4713 insita
561 4654 760 4730 transportari
784 4672 891 4732 corpus
915 4652 1072 4731 planetae,
1106 4648 1185 4709 nullo
1210 4649 1296 4709 modo
1321 4646 1432 4707 verisi-

125 4726 180 4788 bllia
196 4732 301 4811 dicere;
334 4739 396 4807 hoc,
414 4740 492 4801 enim
516 4741 689 4818 negavimus
713 4743 743 4804 iu
766 4742 922 4822 principio.
971 4741 1014 4801 At
1042 4757 1136 4819 neque
1162 4735 1226 4799 Soli
1255 4734 1432 4814 simpliciter

129 4814 257 4891 illulatribi
286 4834 390 4918 potest
421 4828 467 4895 vis
500 4829 585 4901 haec,
631 4832 716 4907 Idem
739 4834 832 4913 euim,
865 4832 914 4913 qui
936 4830 1091 4912 planetam
1120 4826 1263 4900 attrabit,
1299 4824 1432 4888 vicissim
