3278 5550
438 296 469 350 de
486 296 678 351 &nantario
695 299 729 351 de
745 304 814 350 metu
831 300 921 351 atellae
937 301 1034 353 Mum.
1163 359 1173 381 Ι
1370 299 1415 369 89

10 470 18 483 “
70 471 195 534 heistere
218 490 289 537 cnm
311 472 498 538 Ptolemaeo.
540 475 734 540 Ptolemaeus
757 477 884 557 primum
908 496 1011 541 crasso
1033 478 1132 554 modo,
1156 479 1314 560 supposita
1334 478 1413 543 sim-

67 560 122 643 plici
154 562 396 626 eccenuicitatis
427 564 604 648 hypothesi,
638 566 756 648 quaerit
789 567 1045 630 eccentricitatem
1073 568 1245 650 invenitque
1278 569 1413 650 quintam

67 650 271 715 semidiametri
294 661 422 735 partem.
458 653 530 717 Jam
553 674 611 717 uon
635 655 784 736 expeditis
808 656 944 718 omnibus
968 657 1049 719 circa
1072 659 1282 734 eccentricnm',
1306 658 1414 721 statim

67 739 171 803 aeeffit
202 740 311 805 orbem
344 760 472 807 annuum
504 744 756 827 seuepicyclnm
791 745 820 807 in
853 763 989 825 apogaeo
1019 754 1052 807 et
1079 747 1222 826 perigaso
1255 747 1415 810 eccentrici

10 848 16 855 ·
67 829 262 907 mstiwtum,
285 830 338 894 ubi
358 851 464 913 parum
487 831 518 894 iu
543 833 666 913 longum
679 833 845 917 aberratur,
865 834 1038 915 invenitque
1053 835 1219 916 simplicem
1235 835 1413 900 eccentrici-

10 932 30 979 rr
67 925 145 984 mm
166 918 256 1002 prius
278 940 383 984 orasse
404 921 605 984 constitutam
627 942 687 1000 non
709 941 801 1003 posse
822 923 861 985 ab
880 923 1014 1004 epicyclo
1038 925 1171 1000 tolerari,
1195 925 1254 988 nisi
1274 935 1414 1007 experta

10 974 29 1087 si
66 1009 187 1090 reuss
201 1009 339 1079 dimidia
363 1011 435 1074 Jam
449 1011 541 1092 igitur
554 1028 672 1075 rursum
686 1012 862 1092 aggreditur
871 1013 1090 1076 ordinationem
1099 1014 1269 1085 eccentrici,
1285 1024 1317 1076 et
1327 1014 1414 1096 qnasi
1495 1086 1498 1091 ,

10 1090 27 1155 el
66 1116 103 1178 per
131 1098 208 1162 falsi
230 1101 368 1181 regulam
390 1099 510 1164 iteratis
534 1101 760 1188 operationibus
774 1101 805 1164 in
819 1121 880 1164 una
895 1102 1031 1183 qnalibet
1053 1104 1319 1183 prostbsphaeresi
1338 1124 1413 1169 con-

11 1192 24 1241 t
67 1186 326 1263 damnauerat,
349 1190 445 1252 donec
468 1208 535 1252 eam
559 1197 610 1253 sat
632 1190 802 1270 praecisam
824 1210 892 1253 esse
916 1199 1013 1270 putet.
1060 1193 1160 1257 Aliter
1175 1192 1359 1272 Copemicus
1383 1201 1416 1256 et

10 1286 21 1318 ’·-“
65 1276 168 1354 uum,
192 1278 253 1341 boc
267 1287 317 1342 est
330 1276 428 1342 minus
442 1279 531 1341 docte
545 1298 635 1362 quam
649 1280 852 1343 Ptolemaeus.
900 1279 1009 1343 Credit
1030 1282 1108 1343 euim
1128 1283 1316 1367 acronychiis
1338 1283 1414 1346 solia

10 1360 16 1505 Ι
64 1374 106 1428 uon
120 1367 264 1431 wusulto
279 1369 423 1452 epioyclo,
447 1376 558 1450 putans
581 1389 615 1430 se
637 1369 669 1431 in
692 1369 748 1431 hoc
771 1369 979 1432 Ptolemaeum
1002 1371 1161 1450 corrigere,
1186 1379 1217 1433 et
1240 1381 1413 1453 suspectam

63 1454 166 1520 labens
190 1457 260 1539 ejus
283 1458 462 1521 relationem
481 1458 547 1520 siue
571 1458 878 1521 demonstrationibus
902 1459 1156 1522 observationum.
1191 1492 1193 1497 ·

132 1545 217 1611 Puto
239 1555 273 1610 te
295 1548 328 1610 in
351 1547 450 1611 altera
472 1548 696 1627 assignatarum
720 1556 878 1611 causatum
901 1567 1055 1629 peccasse,
1081 1550 1150 1611 dum
1168 1548 1300 1610 exstruis
1315 1550 1411 1612 semi·

60 1633 234 1700 diametrum
256 1636 348 1699 annui
381 1636 473 1700 orbis.
520 1636 651 1699 Accedit
682 1644 785 1700 umen
819 1645 851 1699 et
882 1637 958 1700 haec
985 1647 1071 1700 certa
1101 1640 1211 1701 erroris
1245 1658 1353 1700 cansa:
1386 1638 1413 1703 si

58 1723 147 1788 ltus
172 1725 206 1788 in
232 1733 317 1789 certo
341 1726 408 1789 loco
432 1726 592 1789 eccentrici
615 1725 810 1803 (existente),
833 1736 909 1806 puta
931 1727 961 1787 iu
981 1728 1061 1808 long.
1078 1729 1188 1803 media,
1213 1728 1260 1789 bis
1282 1729 1413 1791 emonis

56 1812 146 1877 orbem
169 1833 321 1890 aunuum,
356 1813 429 1878 Sole
460 1833 520 1878 non
553 1816 582 1878 in
616 1816 723 1878 eodem
754 1816 800 1878 sni
824 1816 906 1878 orbis
930 1816 996 1878 loco
1020 1827 1178 1892 versante,
1203 1817 1339 1879 iuvenies
1362 1816 1412 1880 bie

55 1921 161 1987 pugne
174 1905 276 1968 aliam
299 1912 390 1987 atque
414 1905 505 1967 aliam
529 1905 796 1978 semidiametrum',
814 1906 890 1987 ·qnia
912 1924 945 1967 re
967 1925 1042 1977 vera
1064 1906 1215 1989 epicyclus
1230 1906 1341 1969 Martis
1364 1915 1413 1970 est

54 1995 245 2071 meretrices,
269 1994 301 2057 b.
327 2014 354 2057 e.
377 1993 452 2057 nibil
475 1994 556 2057 alind
580 2014 669 2075 quam
692 1994 757 2076 ipse
775 1993 857 2057 Solis
882 1995 963 2056 orbis
987 2014 1054 2058 cnm
1077 1995 1245 2076 dimidiato·
1259 1996 1410 2059 eccentri-

53 2082 144 2147 titate.
201 2084 377 2166 Propterea
407 2103 464 2166 ego
497 2103 536 2146 ex
566 2084 663 2147 tribus
697 2084 869 2165 hujusmodi
901 2084 1030 2147 diversis
1063 2085 1294 2147 semidiametris
1327 2085 1409 2148 orbis

52 2175 133 2237 mni
165 2192 289 2259 quaero
322 2173 578 2236 eccentricitatem
611 2173 678 2253 ejus
702 2181 733 2234 et
756 2192 940 2255 apogaeum,
966 2180 999 2236 et
1020 2173 1139 2237 invenio
1163 2175 1219 2236 hoc
1243 2174 1321 2235 idem
1344 2192 1412 2238 eun

51 2261 190 2335 Meno.
228 2263 316 2326 illam
349 2262 537 2325 dimidiatam
564 2262 662 2325 'Solis
709 2260 799 2333 Quod
830 2271 864 2325 tu
896 2263 925 2325 in
958 2260 1110 2343 triangulo
1134 2264 1310 2343 rectaugulo
1332 2261 1412 2326 inter

52 2360 158 2430 oum,
193 2352 290 2433 cujus
320 2353 400 2415 alter
423 2352 551 2432 angulus
575 2352 723 2414 distantia
746 2370 965 2432 apogasorum,
988 2352 1106 2415 invenis
1129 2353 1258 2416 vicinum
1282 2352 1411 2433 aliquem

54 2460 193 2507 mum
219 2460 291 2505 meo
316 2460 448 2516 numero,
471 2440 500 2503 id
516 2441 607 2521 plane
622 2441 856 2504 accidentarinur
872 2451 990 2505 estnec
1005 2442 1165 2523 quidquam
1179 2450 1290 2504 movet.
1326 2442 1408 2506 Nam

59 2528 316 2609 aidirallerentur
338 2550 475 2612 apogsca
497 2531 625 2610 longius,
655 2529 825 2612 variaretur
848 2531 896 2592 hic
917 2539 986 2593 tuus
1002 2550 1150 2605 uumerus,
1176 2539 1317 2593 manente
1339 2550 1406 2609 roeo

66 2636 100 2680 ex
116 2621 462 2707 eutychiisdedncto,
487 2620 707 2700 quodquidam
731 2620 796 2699 ipsc
820 2620 962 2682 olfecisti.
999 2621 1094 2683 Miror
1115 2630 1215 2683 emen
1231 2621 1405 2703 propinqui·
1481 2682 1484 2687 .

48 2716 145 2773 'Men
161 2716 259 2783 (titt,
281 2716 373 2786 950⁰),
397 2711 453 2773 sed
476 2708 538 2772 scio
562 2710 777 2772 connexionem
800 2709 913 2771 nullam
937 2729 1015 2771 esse.
1062 2709 1225 2790 Triangulo
1255 2710 1311 2771 hoc
1334 2729 1406 2772 usus

64 2815 110 2878 ego
132 2820 198 2865 sun
232 2801 266 2863 iu
299 2799 450 2881 Mysterio
488 2799 611 2879 ejusque
648 2799 763 2862 tabella
794 2797 908 2879 majore
941 2799 1051 2881 aliqua.
1098 2799 1148 2862 Ab
1181 2799 1287 2861 eodem
1314 2799 1407 2863 etiam

60 2885 140 2972 hospi
161 2908 246 2954 anno
276 2886 362 2954 1600
384 2888 515 2950 Martios
537 2906 622 2950 meos
645 2888 776 2962 labores,
801 2896 836 2949 ut
857 2889 974 2950 videbis
996 2888 1027 2950 iu
1052 2887 1293 2952 Commentariis.
1315 2910 1320 2921 ·

129 2979 270 3043 Dabitur
293 2997 386 3061 opera
409 2976 530 3041 Fabrici
549 2979 672 3059 jamque
696 2996 763 3041 cum
788 2978 929 3059 Tycbone
952 2988 1133 3040 conventum
1156 2987 1222 3052 est,
1246 2986 1281 3040 nt
1303 2996 1406 3043 omnes

56 3065 326 3133 demonstrationes
350 3069 380 3130 in
403 3066 499 3130 tribus
521 3067 734 3149 hypothesium
757 3066 861 3129 formis
885 3068 1093 3148 expediantur.
1118 3073 1152 3137 (v.
1171 3091 1192 3126 a
1210 3091 1235 3140 p.
1264 3071 1321 3138 85.)
1344 3124 1352 3145 ,

130 3157 253 3222 Censes
277 3157 477 3240 acronycbiou
501 3155 682 3239 hypothesin
709 3155 792 3236 prius
817 3167 924 3219 exacte
945 3157 1196 3231 constituendam,
1220 3163 1284 3218 tam
1306 3155 1407 3240 quoad

54 3243 113 3309 loca
132 3245 335 3330 longitudinis
359 3264 448 3329 qnam
471 3246 570 3328 quoad
589 3242 774 3320 distantiam
799 3245 867 3307 inde
891 3246 1142 3327 progrediendum
1167 3247 1206 3309 ad
1230 3246 1316 3308 varia
1337 3247 1406 3311 loca

53 3334 125 3400 orbis
147 3335 242 3400 muni
268 3355 363 3419 eaque
386 3335 578 3417 inquirenda3
602 3342 634 3396 et
657 3334 777 3416 quaeris
801 3336 872 3415 quid
895 3337 933 3398 de
957 3336 1015 3398 hac
1033 3343 1087 3398 toa
1102 3335 1243 3398 methodo
1258 3334 1408 3398 seutiam?

131 3418 267 3490 Omnino
290 3426 330 3488 ab
354 3424 542 3506 acronychiis
565 3423 766 3508 incipiendum
790 3425 827 3486 ob
851 3424 1093 3505 simplicitatem,
1117 3425 1187 3505 qnia
1209 3425 1277 3487 loca
1299 3425 1408 3488 statim

53 3531 86 3576 ex
106 3515 323 3593 obsemtioue
345 3523 463 3597 patent.
508 3513 591 3594 Ergo
622 3512 802 3575 invenienda
833 3512 1010 3596 hypothesis
1044 3533 1081 3576 ex
1113 3514 1168 3589 iis,
1201 3532 1278 3594 quae
1311 3515 1408 3577 locum

54 3606 250 3691 eccentrmum
273 3610 422 3668 monstret
445 3603 484 3665 ad
508 3602 703 3684 quodcunque
727 3610 862 3682 tempus,
892 3604 985 3666 etiam
1009 3621 1074 3665 cum
1099 3623 1157 3665 non
1181 3612 1229 3664 est
1251 3602 1293 3664 ibi
1317 3622 1413 3665 acro·-

53 3694 153 3774 uychia
175 3692 341 3777 oppositio.
388 3692 435 3755 Dc
465 3690 621 3755 ‘distantiis
648 3710 724 3755 uero
758 3693 943 3775 acronychiis
974 3712 1031 3754 non
1066 3692 1216 3773 reddimur
1247 3692 1406 3755 admodum

52 3782 129 3862 tuti,
142 3783 206 3847 nisi
220 3783 357 3847 nonnihil
370 3801 409 3846 ex
422 3781 643 3856 latitudinibus,
658 3781 708 3844 ubi
723 3790 824 3843 tamen
840 3790 1122 3863 praesupponuntur
1135 3781 1240 3844 multa
1275 3779 1407 3862 Oportet

53 3888 117 3953 ergo
139 3873 308 3936 denudas
330 3871 436 3935 venari
459 3889 497 3933 ex
518 3870 734 3952 parallaxibus.
773 3872 818 3933 At
831 3870 858 3932 si
877 3871 1055 3952 simpliciter
1071 3871 1218 3951 procedas
1240 3890 1294 3952 per
1316 3889 1406 3935 uuam

51 3962 217 4040 parallaxin
242 3963 395 4025 stlocum
419 3961 630 4034 eccentricnm,
663 3960 722 4022 duo
751 3961 987 4040 praesupponis:
1025 3961 1058 4035 1)
1081 3960 1178 4022 locum
1201 3959 1405 4040 hypotheseos

51 4052 145 4114 valere
169 4051 266 4115 etiam
288 4070 355 4114 cnm
377 4069 437 4113 uon
461 4049 501 4112 sit
524 4048 673 4130 oppositio
697 4049 892 4132 acrouyehia,
918 4050 995 4131 quod
1018 4056 1120 4112 tamen
1145 4049 1231 4111 initio
1255 4049 1404 4127 nescitum

52 4134 329 4223 ²)praesnpponia
353 4139 529 4202 distantiam
554 4136 594 4216 Θ
619 4146 651 4200 et
674 4141 700 4215 ὅ
724 4157 776 4201 sen
800 4139 1058 4202 semidiametmm
1090 4138 1225 4220 epicycli,
1250 4140 1405 4220 planetam

50 4229 196 4307 ”beotia
220 4238 368 4311 perpetuo
389 4247 458 4292 esse
472 4229 609 4304 eandem,
634 4228 714 4309 quod
736 4229 845 4290 falsum
868 4238 925 4291 est.
964 4229 1071 4309 Itaque
1088 4246 1143 4308 ego
1159 4228 1255 4308 primo
1275 4229 1405 4295 omniurn

50 4335 84 4380 er
103 4320 196 4384 trinis
219 4318 426 4402 parallaxibus
450 4325 476 4388 ὁ
499 4318 604 4379 eodem
629 4317 788 4380 eccentrici
811 4318 877 4380 loco
902 4337 1011 4400 quaero
1042 4317 1302 4383 eccentricitatem
1323 4317 1404 4382 orbis

51 4409 149 4485 muni,
184 4417 258 4472 tunc
280 4417 389 4489 postea
410 4425 534 4490 possum
557 4405 698 4469 adbibere
718 4407 821 4487 justas
844 4407 1018 4483 distantias,
1048 4407 1074 4469 si
1097 4425 1172 4487 opus
1196 4416 1288 4471 esset
1334 4408 1404 4472 Nou

53 4498 177 4579 amplius
199 4516 273 4560 vero
302 4516 377 4578 opus
407 4505 465 4560 est.
512 4496 628 4558 Eadem
661 4495 739 4558 euim
771 4514 864 4577 opera
886 4496 973 4559 elicio
1006 4505 1038 4559 ct
1069 4495 1293 4577 proportionem
1323 4498 1405 4560 orbis

53 4588 135 4652 tuoni
158 4587 201 4650 ad
223 4587 309 4649 illam
333 4586 511 4649 distantiam
534 4594 559 4656 d
582 4592 615 4647 et
638 4582 696 4662 Θι
726 4585 832 4666 quodsi
863 4594 1002 4667 quartam
1029 4596 1061 4648 et
1091 4586 1226 4667 quintam
1249 4596 1281 4650 et
1302 4588 1404 4668 plures

54 4674 216 4740 meum
238 4676 413 4757 parallaxes
436 4674 476 4738 ad
499 4676 626 4737 eundem
649 4675 809 4739 eccentrici
832 4676 944 4745 locum,
977 4682 1064 4738 tauto
1092 4675 1190 4756 magis
1219 4677 1258 4740 tio
1282 4676 1403 4753 certior,

56 4764 174 4831 umen
197 4765 360 4829 eccentrici
383 4765 480 4829 locum
504 4772 536 4826 et
558 4763 683 4827 eandem
706 4764 772 4845 ejus
796 4764 971 4827 distantiam
994 4784 1014 4826 a
1037 4762 1078 4843 Θ
1102 4766 1215 4838 valere,
1238 4767 1403 4847 ubicunque

57 4849 105 4917 Sol
125 4856 178 4932 sit,
200 4863 236 4919 ct
255 4853 303 4919 sic
323 4874 359 4920 se
379 4855 448 4938 ipso
466 4860 549 4918 stare
564 4853 814 4937 eccentrioomd,
838 4872 895 4917 nec
915 4855 1008 4938 ullam
1026 4854 1132 4918 subire
1154 4854 1404 4938 inaequalitatem
