3278 5550
462 304 493 358 ds
511 295 700 358 Commentariis
718 305 749 357 ds
766 311 836 358 motu
852 305 941 359 mnes
958 304 1055 359 Mutis.
1389 304 1432 376 83

107 480 193 558 lKO,
215 488 286 549 tota
310 484 461 551 anomalia
474 484 660 567 significaret
673 486 775 551 circuli
788 503 899 561 aream,
924 503 1000 566 quaa
1014 484 1111 566 major
1125 491 1173 548 est
1187 501 1259 548 area
1273 483 1432 567 ellipoidis,

107 591 179 654 aqua
204 573 305 637 divisa
327 575 358 636 iu
381 594 482 638 aream
506 575 609 638 circuli
632 575 789 640 constituit
806 573 870 639 ΡΟ.
917 575 963 637 At
981 574 1048 653 jam
1070 592 1130 637 non
1153 581 1202 636 est
1225 574 1353 637 oiroolus
1377 577 1432 639 sed

107 660 245 741 lipoidaa,
271 664 369 729 miuus
393 664 512 727 conticit
535 672 567 726 et
590 664 827 728 motitur‘totam
847 663 1037 739 anomaliam,
1062 681 1133 743 ergo
1147 664 1215 745 plus
1231 663 1267 725 de
1282 666 1433 729 anomalia

107 751 166 813 rdet
186 752 287 816 radio.
324 753 450 816 Duobus
472 753 564 835 igitur
586 754 753 818 nominibus
777 752 987 816 eooeutricitas
1009 754 1043 816 fit
1071 753 1167 815 minor
1196 772 1284 834 quam
1308 753 1337 816 in
1360 775 1432 835 per·

107 848 157 903 ato
179 841 308 911 circulo,
341 843 424 924 cujus
455 843 625 906 dixeramus
656 863 723 906 esse
753 843 905 906 dimidiam
929 842 1184 905 ecceutricitatem
1215 842 1278 922 ejus
1302 862 1378 922 quae
1402 845 1432 908 iu

107 928 200 994 saria
248 932 329 994 Nam
351 933 445 1011 primo
469 933 539 1014 quia
562 951 600 994 ex
624 932 769 996 divisione
792 933 894 1015 prodit
916 931 1070 1013 quantitas
1093 931 1170 994 radii
1192 931 1255 1006 PL,
1273 931 1339 1010 PX,
1363 933 1431 997 ideo

107 1018 222 1100 pisunt
245 1040 338 1102 supra
350 1021 404 1084 PL
427 1028 459 1084 et
480 1022 560 1085 iufra
574 1020 631 1086 PX
648 1023 809 1103 longiores,
832 1023 900 1106 plus
923 1021 1078 1084 vindicant
1100 1021 1138 1082 de
1161 1021 1327 1084 anomalico
1350 1030 1431 1086 tem-

107 1127 159 1173 ore.
206 1110 355 1191 Tempore
378 1111 470 1191 igitur
492 1110 523 1173 in
546 1111 644 1174 medio
668 1119 826 1175 attenuato
850 1112 931 1175 cirea
952 1110 989 1186 L,
1014 1111 1056 1186 M,
1082 1110 1292 1173 encautrioitas
1315 1130 1431 1192 quoque

107 1199 332 1279 rproportione
365 1200 589 1275 attenuabitur,
622 1203 800 1282 praesertim
833 1221 899 1264 cum
932 1198 971 1261 ab
993 1201 1010 1262 I
1031 1199 1126 1279 multo
1148 1198 1250 1281 plures
1273 1210 1432 1264 occurrant

107 1286 228 1368 mores
260 1308 348 1369 quam
371 1311 390 1351 a
413 1289 452 1353 K.
498 1290 616 1352 Deinde
648 1291 683 1352 fit
714 1291 855 1371 aequatio
885 1290 988 1369 optioa
1020 1287 1119 1362 POH,
1149 1295 1181 1350 et
1202 1287 1287 1350 ΗΡΟ
1318 1298 1429 1366 rectus,

107 1376 208 1440 abebat
231 1377 326 1458 igitur
348 1379 377 1442 ei
400 1379 535 1460 aequalis
559 1398 627 1441 essa
650 1380 743 1454 PLH,
768 1381 817 1443 ubi
841 1380 951 1442 iterum
973 1378 1057 1440 HPL
1080 1384 1198 1453 rectus,
1232 1395 1298 1440 oum
1329 1387 1430 1442 autem

107 1462 209 1530 onoc
233 1474 284 1529 est
305 1468 361 1530 ΡΝ
384 1467 425 1531 sit
447 1468 565 1549 longior
588 1489 676 1551 quam
693 1469 755 1543 PL,
781 1471 839 1533 erit
860 1470 953 1549 igitur
975 1475 1008 1529 et
1028 1467 1085 1529 ΡΗ
1107 1467 1138 1530 iu
1160 1466 1296 1548 perlecto
1320 1467 1430 1531 circulo

107 1555 192 1637 ugior
214 1575 307 1638 quam
328 1557 390 1620 PH·
408 1558 438 1620 in
462 1558 627 1622 deliciante.
674 1558 722 1620 Ex
744 1558 793 1622 his
816 1558 908 1622 etiarn
932 1563 1028 1639 patet,
1053 1575 1105 1619 our
1131 1556 1214 1638 prius
1241 1555 1430 1637 inperfecto

107 1644 184 1708 uculo
217 1645 449 1710 observationes
481 1648 644 1711 octantium
680 1648 839 1711 conciliare
872 1667 931 1711 non
962 1645 1119 1726 potuerim
1169 1645 1319 1726 Tempora
1350 1646 1430 1710 enirn

107 1735 301 1799 aemulantur
322 1755 429 1798 versus
452 1755 620 1817 apogaeum
643 1745 674 1799 et
696 1737 868 1818 perigaeum
898 1742 1004 1800 contra
1035 1754 1154 1798 ornnem
1182 1735 1285 1797 circuli
1317 1736 1426 1815 legem.

107 1824 200 1888 icaria
222 1843 296 1889 vero
320 1825 499 1909 hypothesis
522 1845 557 1889 eo
581 1827 646 1906 ipso
670 1827 700 1890 in
714 1827 780 1889 looo
797 1825 1024 1891 accommodata
1038 1824 1104 1899 fuit,
1128 1824 1179 1886 ubi
1192 1823 1324 1886 maxima
1339 1825 1428 1888 diffe-

107 1914 185 1990 rtis,
210 1934 258 1978 so.
282 1914 313 1977 iu
337 1916 523 1991 notantibus,
549 1935 640 1998 quara
664 1916 705 1978 nil
728 1917 849 1993 mirum,
882 1914 1026 1980 vicariam
1048 1913 1177 1976 officium
1200 1912 1230 1974 in
1255 1913 1431 1985 ecoeutricis

107 2002 144 2069 ris
166 2002 284 2068 facere.
322 2005 408 2067 Haeo
431 2005 531 2068 omnia
552 2024 587 2067 eo
606 2012 757 2085 spectant,
782 2013 816 2068 ut
834 2005 950 2078 videas,
974 2003 1024 2086 qui
1038 2003 1091 2066 fiat
1104 2011 1139 2066 ut
1152 2002 1278 2085 physica
1293 2002 1431 2067 dimidiet

107 2094 234 2177 quautm
253 2094 531 2171 scoeutricitatem,
547 2114 614 2157 oum
628 2092 741 2161 vicaria
754 2095 823 2176 plus
843 2095 965 2158 dimidio
990 2099 1105 2155 sumat:
1130 2091 1241 2155 etenim
1256 2110 1293 2154 ne
1306 2091 1429 2156 dubium

107 2180 222 2246 maret
247 2183 279 2245 iu
305 2184 453 2264 ellipoide,
478 2184 560 2264 prius
584 2184 799 2257 demonstravi,
822 2184 878 2247 hoo
896 2182 960 2247 deri
979 2182 1088 2245 debere
1102 2179 1132 2244 in
1152 2181 1287 2263 perlecto
1310 2180 1431 2258 circulo,

115 2271 276 2337 dmidium
292 2282 446 2349 sumatur3
469 2281 578 2354 postea
592 2274 623 2336 iu
638 2273 779 2354 ellipoide
794 2274 892 2337 minus
907 2275 1001 2337 etiam
1014 2270 1136 2334 dimidio
1151 2290 1226 2352 opus
1242 2290 1308 2334 esse
1323 2271 1430 2351 patuit

155 2361 243 2434 Quid
263 2363 331 2443 jam
354 2363 448 2425 habes
472 2363 602 2443 amplius
626 2363 705 2443 quod
719 2371 750 2425 te
765 2363 918 2426 offendat?
953 2361 1003 2424 Au
1018 2360 1088 2442 quia
1102 2360 1312 2441 compendiose
1328 2360 1431 2442 nequit

107 2450 235 2515 talari?
285 2451 370 2514 Nihil
393 2452 495 2527 uobis,
519 2452 560 2514 mi
581 2452 717 2527 Fabrici,
751 2460 873 2534 praeter
902 2449 1098 2532 geometriam
1132 2449 1229 2511 deest
1275 2448 1359 2512 Doce
1384 2468 1431 2512 me

107 2540 254 2604 ηιιιὶοε
275 2541 470 2618 constituere,
495 2541 652 2621 quadrare,
677 2542 840 2605 secuudum
859 2542 963 2606 datam
979 2539 1126 2602 rationem
1142 2556 1246 2600 secare
1261 2538 1428 2620 ellipoides,
1546 2592 1547 2597 ,
1591 2520 1599 2533 “

107 2616 184 2703 latim
200 2630 319 2693 docebo
344 2638 374 2692 te
398 2649 436 2693 ex
459 2630 589 2711 genuina
603 2631 772 2734 hypothesi
796 2632 956 2697 calculare.
1006 2628 1153 2710 Adeoque
1177 2625 1278 2689 excita
1301 2626 1355 2689 illa
1377 2635 1432 2690 tua

107 2715 233 2799 Qu
224 2719 373 2799 ingenia,
403 2728 437 2783 ut
459 2719 506 2783 hic
530 2739 577 2782 me
597 2720 715 2800 Juveut.
761 2720 808 2782 Eo
831 2740 924 2802 usquo
956 2716 1095 2799 perveni,
1120 2725 1154 2780 ut
1177 2715 1292 2794 sciam,
1316 2716 1432 2780 circelli

107 2805 1342 2983 afficiet„altstidi,1trith,dtttlhl‘htl
1359 2805 1431 2958 lt

107 2986 206 3051 matrs
231 2986 434 3068 adjudicatur.
480 2989 546 3050 Hoc
569 2989 632 3051 scio
656 2989 827 3053 mechanica
851 3010 905 3053 sen
928 3007 983 3074 por
1011 2992 1201 3052 tentamenta
1227 3003 1428 3061 numerorum,

110 3078 185 3143 “A
199 3085 309 3141 couno
323 3076 426 3141 mundi
440 3078 536 3141 lineas
551 3079 685 3153 educam,
701 3078 769 3140 etsi
779 3077 950 3145 BAGLFB
1150 3149 1156 3162 J

107 3167 197 3249 mle
234 3175 285 3228 est
315 3167 446 3247 spatium
483 3162 581 3250 spatio
615 3165 823 3244 OEKHIDO,
854 3170 951 3250 majus
1129 3149 1184 3216 ΒΨ·
1207 3144 1250 3198 ²³·

107 3272 169 3319 nen
194 3275 268 3320 esse
287 3256 371 3319 ΕΑΒ
390 3257 488 3337 spatio
503 3254 598 3332 ECD,
624 3276 682 3318 nou
702 3217 842 3320 obstanle
862 3260 951 3340 quod,

118 3332 207 3410 CAK
232 3351 347 3421 rectus,
372 3353 443 3409 tuno
461 3345 599 3409 BFLAB
624 3346 750 3427 aequale
771 3366 839 3410 ease
853 3348 953 3429 possit

107 3435 168 3499 atio
191 3432 328 3498 RECDI
351 3442 384 3497 et
405 3433 496 3498 LAG
518 3434 620 3515 spatio
643 3435 728 3508 KHI,
751 3435 853 3517 itaque
877 3438 948 3500 bre-

107 3542 136 3587 rs
151 3524 233 3587 KHI
257 3524 383 3605 aequale
402 3524 531 3605 longiori
550 3522 633 3600 KCI,
657 3525 807 3605 quiahoc
830 3527 947 3603 exilius,

107 3613 144 3679 nd
164 3613 272 3677 latius.
320 3610 438 3684 Quodsi
460 3614 517 3676 hoo
545 3614 641 3676 solum
668 3614 810 3691 sciretur,
836 3623 949 3697 quanta

107 3709 154 3771 tel
172 3703 277 3807 portio
296 3701 392 3779 ECD,
411 3701 495 3777 KCI,
519 3703 703 3783 computatio
728 3665 844 3768 facilior
866 3714 950 3769 esset
977 3746 999 3792 Ι

107 3812 160 3857 nm
181 3793 214 3856 in
239 3791 347 3874 quavis
366 3793 429 3855 alia
451 3792 620 3876 hypothesi.
658 3793 822 3858 Possumus
845 3802 947 3858 tamen

107 3882 146 3946 're
166 3881 320 3946 rationem
344 3881 467 3957 calculi,
500 3881 675 3945 distributa
685 3884 824 3966 ellipoide
849 3885 949 3948 orbita

123 3980 231 4055 partes
255 3966 322 4034 360
351 3972 513 4053 aequales,
550 3991 603 4034 seu
635 3972 736 4053 potius
759 3993 797 4036 ex
820 3975 946 4038 termino

107 4060 214 4146 Iusque
231 4079 321 4125 arcus
345 4061 454 4124 educta
475 4060 557 4124 linea
578 4062 618 4123 ad
637 4064 825 4127 coutrumA.
863 4065 946 4126 Tune
1000 4139 1004 4142 ι
1183 4084 1208 4130 ιι

107 4149 149 4215 im
170 4152 249 4214 fient
272 4145 339 4214 360
367 4151 550 4232 asquebasia
581 4151 749 4233 triangula,
783 4153 946 4217 verticibus

122 4240 154 4304 A
176 4239 251 4304 Sola
281 4240 431 4303 coeuntia.
478 4237 639 4322 Sciturque
669 4243 756 4324 primi
787 4243 915 4306 altitudo
937 4240 1014 4321 Ac,
1045 4244 1168 4324 fingitur
1197 4243 1325 4308 alterurn
1359 4262 1426 4308 orus

107 4328 280 4413 quealmm,
314 4329 384 4410 quia
412 4348 519 4409 parum
542 4329 638 4394 deest.
685 4332 784 4396 Datur
807 4332 899 4413 igitur
922 4353 994 4396 area
1016 4333 1158 4415 trianguli
1188 4332 1276 4414 primi
1299 4333 1328 4397 iu
1351 4352 1424 4415 pro·
1529 4315 1539 4377 ⁵·-

107 4419 209 4485 rtioue
248 4420 338 4481 ar'eae
370 4416 456 4481 GKH
488 4439 542 4481 seu
573 4417 645 4483 CIH
681 4421 836 4485 subtracto
874 4422 1003 4486 defectu.
1049 4422 1098 4486 Ex
1130 4424 1300 4503 quantitate
1335 4423 1425 4505 hujus

107 4508 214 4588 iauguli
239 4508 330 4571 datur
346 4515 465 4588 tempus
489 4528 543 4571 seu
557 4511 717 4588 anomalia,
742 4532 780 4575 ex
799 4512 952 4576 anomalia
974 4512 1102 4576 altitudo
1124 4513 1248 4577 secundi
1271 4512 1424 4595 trianguli,

107 4596 292 4660 rdnmdine
307 4617 389 4673 arca,
413 4616 451 4660 ex
465 4617 537 4660 area
550 4607 670 4682 tempus
690 4609 722 4664 et
736 4603 896 4680 anomalia,
922 4621 997 4686 quae
1018 4603 1125 4682 juncta
1138 4601 1231 4685 priori
1255 4604 1424 4666 anomaliae

107 4687 206 4750 mudit
235 4687 425 4749 altitudinem
458 4687 539 4751 tertii
571 4689 731 4772 trianguli,
764 4701 795 4755 et
825 4692 868 4755 sio
901 4697 1118 4772 consequenter
1152 4711 1246 4785 usqua
1277 4692 1316 4755 ad
1347 4688 1424 4759 360

107 4777 250 4858 raeeipere
274 4776 412 4858 equidem
434 4797 565 4860 possum,
591 4785 625 4841 tu
648 4800 823 4863 exsequere.

160 4864 314 4932 Describis
336 4865 411 4931 mihi
433 4875 465 4931 et
487 4875 571 4933 tuam
593 4868 773 4954 hypothesin
797 4877 830 4943 et
851 4869 943 4957 petis,
966 4875 1001 4935 ut
1012 4868 1131 4937 calculo
1143 4888 1323 4944 examinem
1362 4869 1428 4940 sar

1167 4971 1210 5025 μ
