3278 5550
656 318 818 384 mamm.
1386 323 1418 401 5·

56 505 191 588 gicisque
217 504 347 570 inservit
374 507 648 593 disquisitionibus,
681 532 755 595 quas
783 512 949 590 Imperator
979 510 1158 591 Rudolphus
1189 511 1248 593 ipsi
1277 512 1406 576 manda-

57 606 159 669 verat,
194 597 304 659 iterum
327 597 405 659 adiit
426 599 575 674 Martem,
608 619 683 682 quae
713 601 803 662 dubia
826 599 884 680 ipsi
912 608 1103 661 occurrerant
1126 599 1156 662 in
1178 601 1296 685 theoria
1318 601 1407 684 hujus
1498 621 1505 647 ¹

57 686 195 765 planetae
220 706 240 746 a
264 687 406 769 Tychone
429 694 460 748 et
480 688 730 768 Longomontano
760 689 916 761 instituta,
950 687 1101 770 inquirens
1129 697 1219 772 atque
1248 691 1407 759 immuure

58 782 191 848 conatus,
218 783 364 855 quantum
387 776 465 838 iuter
488 776 566 840 alias
590 779 802 861 occupationes
825 777 889 839 fieri
911 777 1018 856 potuit.

140 864 277 943 Propius
300 873 400 926 autem
422 866 587 946 Keplerum
605 868 670 947 jam
694 887 731 929 eo
753 876 898 947 tempore,
922 885 980 947 quo
1003 866 1083 949 apud
1105 866 1277 948 Tychonem
1300 887 1409 931 versa·

57 952 149 1025 batur,
173 953 218 1012 ad
241 973 306 1014 rem
329 953 425 1035 ipsam
447 957 626 1032 accessisse,
649 965 735 1039 patet
753 977 769 1017 e
787 955 885 1017 literis
904 954 944 1015 ad
962 956 1117 1035 Maginum
1137 955 1202 1019 cal.
1224 958 1294 1019 Jun.
1314 954 1406 1022 1601.

56 1041 140 1113 datis,
160 1061 257 1121 quum
272 1043 453 1105 valetudinis
472 1053 504 1106 et
518 1064 618 1107 rerum
636 1045 868 1108 domesticarum
881 1063 974 1105 causa
990 1044 1148 1107 Graetium
1162 1064 1301 1107 reversus
1316 1054 1408 1121 esset,

58 1149 238 1211 quamquam
263 1131 410 1194 calculum
433 1134 562 1196 nondum
580 1135 638 1198 sibi
661 1135 886 1198 convenientem
910 1133 1157 1214 deprehenderat,
1180 1153 1269 1216 quarn
1290 1135 1409 1197 obrem

56 1220 213 1297 Magiuum
237 1220 330 1296 adiit,
357 1230 392 1283 ut
415 1223 503 1284 sein
526 1223 578 1285 illo
607 1224 779 1286 adornando
813 1221 986 1284 sublevaret
1009 1221 1092 1295 (vide
1116 1222 1217 1298 infra).
1264 1225 1410 1304 Proponit
1435 1247 1437 1250 ⁴

56 1308 176 1387 hagino
212 1309 387 1372 methodum
418 1330 519 1387 suam,
552 1333 641 1393 quam
672 1312 796 1375 exhibet
822 1313 884 1373 fere
917 1311 1042 1374 eandem
1065 1312 1097 1374 in
1120 1310 1409 1375 Commentariorum

58 1396 159 1476 Capite
191 1394 242 1472 16,
268 1406 299 1459 et
321 1400 439 1480 quaerit
463 1421 522 1472 „an
544 1410 577 1463 et
599 1404 647 1464 hic
671 1417 717 1464 me
742 1400 996 1462 demonstratione
1015 1401 1123 1481 juvare
1146 1400 1291 1482 possis?“
1324 1403 1408 1464 Fun-

57 1485 195 1546 damenta
221 1507 319 1548 novae
338 1489 510 1551 condendae
534 1493 735 1554 astronomiae
750 1490 873 1570 Magino
889 1490 964 1551 haec
982 1490 1141 1570 proponit:
1169 1489 1202 1560 1)
1216 1490 1410 1553 Planetarum

58 1586 150 1635 motus
175 1576 332 1638 referendi
356 1585 433 1654 sunt,
468 1598 526 1640 non
549 1589 583 1642 ut
609 1582 755 1644 hactenus
787 1579 934 1640 creditum
958 1586 1008 1639 est
1030 1580 1068 1640 ad
1090 1577 1264 1653 medinm,
1293 1579 1347 1642 sed
1369 1579 1408 1641 ad

58 1683 176 1726 verum
203 1664 289 1727 Solis
313 1666 420 1729 locum.
466 1665 502 1741 2)
534 1670 769 1752 Inaequalitates
799 1668 973 1729 inferiorum
1000 1667 1189 1747 planetarum
1221 1669 1408 1748 prodeunte

60 1763 133 1813 notu
151 1755 281 1815 Terrae.
321 1753 357 1829 3)
373 1755 588 1825 Inclinationes
606 1757 841 1840 planetariorum
860 1756 1024 1819 orbitarum
1048 1757 1310 1819 constantissimae
1330 1765 1409 1820 sunt

60 1838 260 1906 clemoium
284 1844 303 1905 7
328 1845 517 1925 planetamm
545 1848 728 1910 theoriamm
757 1847 853 1907 forma
880 1854 928 1907 est
955 1845 1079 1920 eadem,
1112 1845 1237 1928 quilibet
1267 1845 1410 1909 circulum

59 1931 183 1992 decurrit
210 1951 298 1994 suum
322 1933 472 2015 inaequali
496 1936 662 1999 celeritate.
710 1934 745 2008 5)
768 1936 859 1998 Datis
882 1934 978 1996 tribus
1006 1934 1194 2017 acronychiis
1219 1935 1410 1998 observatio·
1467 1954 1469 1959 ·

59 2019 140 2080 nibus
164 2021 355 2100 deprehendi
377 2031 481 2103 potest
503 2026 649 2088 distantia
663 2025 745 2088 Solis
769 2031 801 2084 et
818 2026 929 2085 Terrae
954 2031 985 2084 et
1007 2022 1075 2085 inde
1100 2024 1246 2086 distantia
1267 2024 1408 2105 planetae

59 2109 173 2190 ejusque
200 2110 295 2172 orbis.
343 2108 378 2186 6)
402 2114 492 2175 Datis
525 2123 652 2196 quatuor
684 2113 792 2176 sitibus
823 2112 963 2193 planetae
994 2113 1183 2196 acronychiis
1216 2111 1408 2176 determinari

60 2207 152 2276 potest
175 2198 295 2278 aphelii
319 2200 384 2281 ejus
407 2200 501 2265 locus.
1253 2274 1255 2283 ¹
1370 2230 1372 2237 ·

137 2287 230 2359 Quae
257 2289 359 2350 omnia
381 2293 510 2354 nondum
534 2291 665 2355 numeris
687 2290 815 2370 probata
838 2289 892 2350 sed
906 2288 1076 2369 probabilia
1098 2296 1215 2352 tantum
1238 2298 1270 2352 et
1283 2298 1408 2353 naturae

59 2375 283 2460 rationibusque
305 2379 441 2461 physicis
464 2389 667 2444 consentanea
685 2380 714 2441 in
734 2378 832 2440 literis
847 2379 909 2440 illis
924 2379 963 2439 ad
978 2377 1134 2459 Maginnm
1150 2379 1230 2442 datis
1245 2399 1313 2441 eam
1329 2379 1406 2441 forte

59 2466 88 2525 cb
104 2485 230 2528 causam
247 2466 403 2530 Graetio
427 2489 464 2530 ex
482 2471 553 2532 urbe
573 2470 705 2544 exhibet,
727 2486 766 2531 ne
781 2468 895 2550 Tycho,
922 2467 1030 2541 ,nimis
1046 2486 1143 2530 rerum
1163 2488 1283 2530 suarum
1292 2457 1407 2550 'parom

59 2565 81 2613 et
94 2566 203 2617 custos
226 2555 400 2636 suspicione
422 2559 549 2640 plenus“
576 2557 690 2621 sinistri
714 2556 786 2640 quid
801 2564 952 2637 argueret,
977 2555 1003 2617 si
1019 2556 1099 2637 apud
1121 2557 1218 2638 ipsum
1234 2558 1351 2637 Pragae
1367 2556 1407 2620 ad

59 2646 202 2705 aemulum
221 2646 447 2710 Bononiensem
469 2648 653 2729 scripsisset,
673 2646 769 2729 adque
783 2644 970 2725 Maginum
994 2645 1125 2725 scripsit,
1150 2647 1219 2727 quia
1234 2665 1253 2705 a
1267 2646 1409 2728 Tychone

62 2736 155 2813 (quern
183 2733 215 2794 in
233 2734 332 2796 literis
351 2736 389 2796 ad
403 2738 598 2799 Maestlinnm
621 2744 704 2797 etex
725 2741 813 2817 parte
837 2735 929 2796 etiam
950 2734 989 2794 ad
1003 2735 1156 2813 Maginum
1181 2735 1220 2796 ad
1234 2755 1337 2796 verum
1355 2735 1411 2795 de-

62 2824 166 2900 pinxit)
195 2842 233 2883 ea
259 2843 336 2905 quae
360 2827 533 2906 quaerebat,
552 2825 673 2888 minime
690 2843 722 2886 se
737 2830 964 2886 consecuturum
980 2841 1049 2884 esse
1064 2823 1144 2884 haud
1158 2823 1325 2903 ignorabat
1349 2823 1412 2886 Sed

59 2912 196 2991 ldaginus
213 2932 332 2995 quoque
349 2914 474 2996 Kepleri
490 2915 744 2996 exspectationem
761 2911 915 2987 destituit3
939 2911 1038 2992 plane,
1055 2912 1141 2994 quasi
1156 2913 1231 2975 nihil
1245 2934 1263 2974 a
1277 2912 1410 2993 Keplero

59 3003 237 3082 accepisset,
257 3002 415 3078 obmutuit,
431 3005 526 3066 donec
544 3023 622 3066 anno
638 3004 755 3064 demum
775 3000 868 3077 1610,
884 3010 1044 3083 postquam
1061 2999 1284 3064 commentaria
1298 3001 1409 3064 Martis

59 3088 205 3170 impressa
229 3091 366 3167 fuerant,
400 3113 463 3155 rem
494 3113 619 3156 movens
641 3091 727 3172 parvi
757 3090 900 3152 momenti
932 3090 1008 3152 adiit
1029 3092 1191 3172 Keplerum
1215 3111 1268 3173 per
1291 3092 1407 3170 literas.

59 3177 134 3248 Quae
160 3180 195 3240 in
219 3180 411 3262 praefatione
435 3184 473 3244 ad
499 3182 763 3262 „Supplementum
783 3179 1035 3261 Ephemeridum“
1062 3180 1146 3255 dixit,
1171 3200 1320 3243 excusans
1339 3180 1408 3243 diu-

57 3282 168 3331 turnum
205 3289 294 3331 suum
327 3271 498 3348 silentium,
531 3271 609 3333 infra
637 3271 790 3350 legentum
823 3269 872 3330 hic
901 3268 981 3330 dubii
1010 3268 1144 3349 quidem,
1176 3270 1235 3331 nisi
1265 3270 1407 3346 fallimur,
1440 3341 1444 3358 Ι

58 3357 124 3419 banc
149 3360 283 3442 insuper
310 3360 423 3423 silentii
451 3360 577 3423 dicimus
607 3360 700 3422 fuisse
731 3377 869 3433 causam,
901 3358 980 3438 quod
1013 3357 1090 3419 forte
1113 3358 1256 3439 Maginus
1279 3368 1408 3422 mentem

58 3446 179 3528 Kepleri
204 3468 267 3510 non
283 3450 405 3528 penitus
427 3449 606 3532 perceperit,
629 3468 684 3510 nec
702 3448 842 3510 habuerit
855 3446 926 3528 quid
949 3446 1153 3528 responderet,
1177 3467 1265 3529 qnam
1283 3447 1408 3510 eandem

59 3555 177 3599 ursam
212 3536 329 3599 silentii
353 3540 400 3601 sui
423 3539 516 3602 fuisse
546 3539 579 3600 Μ
587 3537 773 3599 aestlinns
806 3535 933 3616 ingenue
964 3537 1120 3617 profitetur
1143 3533 1283 3616 („Fateri
1306 3556 1407 3618 cogor,

58 3636 82 3686 tu
103 3645 326 3706 nonnunquam
356 3628 544 3703 sublimiora,
577 3647 664 3709 quam
697 3627 803 3707 quibus
833 3625 983 3705 ingenium
1007 3632 1038 3687 et
1060 3625 1186 3688 eruditio
1214 3645 1281 3687 mea
1313 3626 1408 3689 satis·

59 3715 149 3779 faeere
175 3716 297 3791 valent,
321 3719 533 3798 quaerebas“).
572 3717 622 3778 Ad
644 3717 722 3779 huuc
746 3716 823 3777 enim
844 3715 898 3777 sub
920 3715 1009 3776 finem
1031 3714 1101 3776 anni
1118 3713 1212 3779 1601.
1232 3713 1300 3789 (20.
1316 3717 1407 3790 Dec.)

45 3806 151 3868 'eadem
192 3805 277 3878 fere,
310 3819 386 3887 quae
423 3807 461 3868 ad
494 3804 668 3886 Maginum,
709 3805 890 3886 scripserat,
929 3805 1129 3880 contendens,
1170 3803 1336 3880 „theoriam
1372 3822 1405 3867 se

56 3895 246 3958 exstruxisse
264 3894 385 3972 Martis,
409 3905 442 3958 ut
465 3915 572 3959 sensus
596 3895 794 3957 subtilitatem
826 3894 915 3955 facile
946 3894 1167 3976 adaequatums
1192 3894 1232 3956 sit
1250 3892 1403 3956 calculus“

54 3985 128 4053 (ride
155 3984 267 4056 infra).

134 4072 235 4136 Initio
260 4073 330 4134 anni
357 4069 450 4149 1602,
479 4079 642 4155 occupatus
666 4072 697 4132 in
725 4072 839 4133 edendo
864 4071 1015 4152 Tychonis
1044 4089 1133 4151 opere
1157 4079 1189 4131 et
1213 4069 1406 4135 emendandis

52 4161 151 4225 bonae
179 4161 445 4232 observationibus
474 4163 600 4244 indeque
632 4161 768 4222 deductis
797 4160 908 4222 tabulis
941 4159 1106 4242 Tychonis,
1135 4161 1264 4223 Martem
1287 4160 1406 4241 quidem

53 4251 231 4315 observavit
260 4252 410 4330 Keplerus
443 4252 518 4324 (vid.
551 4251 625 4331 Cap.
649 4251 757 4323 XV·)‚
789 4269 893 4330 parurn
926 4258 1025 4311 autem
1057 4247 1087 4309 in
1120 4249 1239 4312 theoria
1267 4250 1405 4330 proiecit,

53 4359 235 4423 quamquam
259 4338 289 4400 in
313 4339 410 4401 literis
434 4341 472 4401 ad
494 4342 773 4420 Longomontanum
797 4339 877 4401 datis
899 4334 1015 4412 (1605)
1038 4337 1108 4399 huic
1131 4347 1244 4413 narrat,
1268 4339 1405 4419 coepisse

54 4450 79 4490 se
101 4450 187 4493 anno
217 4425 312 4491 1602.
338 4428 497 4492 obseruare
517 4438 549 4491 et
566 4429 605 4491 ad
620 4430 750 4491 Martem
772 4428 899 4490 rediisse
923 4447 958 4489 ac
981 4426 1184 4505 invenisse,
1207 4428 1300 4491 viam
1323 4428 1404 4509 ejus

54 4538 130 4582 esse
158 4538 233 4581 non
256 4517 458 4598 perfectum
482 4517 744 4592 eccentricum,
769 4517 832 4579 sed
855 4518 1004 4578 ovalem.

136 4609 191 4671 Ex
215 4606 326 4668 iisdem
348 4605 446 4668 literis
469 4615 613 4689 apparet,
634 4606 798 4687 Keplerum
821 4606 858 4667 ab
888 4625 965 4667 anno
992 4601 1085 4669 1602.
1110 4625 1202 4687 usque
1226 4606 1265 4666 ad
1287 4605 1405 4671 initium

57 4698 120 4760 anni
149 4691 250 4761 1604.
278 4715 402 4776 „parum
430 4697 603 4778 respexisse
634 4696 673 4759 ad
694 4696 855 4771 Martem,“
881 4714 964 4769 cum,
997 4694 1175 4776 praesertim
1206 4715 1283 4758 auno
1310 4689 1405 4770 1603,

56 4785 225 4868 Opticam
254 4786 435 4860 edomaret,
460 4805 548 4868 quam
580 4785 748 4848 absolutam
774 4784 902 4860 „obtulit
927 4782 1072 4846 Caesari“
1104 4783 1190 4846 initio
1214 4783 1284 4848 anni
1311 4778 1404 4859 1604,

54 4877 193 4961 typisque
205 4873 438 4950 exscribendam
447 4875 563 4938 curavit
571 4883 689 4939 aestate
698 4874 787 4955 hrrjus
798 4873 878 4953 anui.
900 4871 1405 4959 Ceterumappsretesequeutibus
