3278 5550
149 270 215 343 400
340 268 349 275 ”
426 276 429 281 ’
628 275 1012 331 monasteterium

149 454 282 537 ellipses,
306 455 424 518 omnino
444 454 629 534 existimans,
653 478 699 520 me
714 457 758 521 sic
777 458 866 538 lange
890 454 1126 521 diversissimam
1142 474 1163 516 a
1175 450 1379 516 hbratiombns
1396 450 1457 535 sequi

149 544 340 627 hypothesin,
367 564 433 607 cum
459 545 547 626 plane
571 544 755 623 coincidunt,
784 555 819 610 ut
841 546 941 628 capite
965 552 1107 626 sequente
1136 540 1397 606 demonstrabitur:
1420 543 1457 606 nisi

148 634 237 715 qnod,
260 653 336 715 qnae
357 652 554 715 peccaveram
576 636 659 718 prins
682 637 713 699 in
735 637 885 710 methodo,
908 637 965 699 hac
987 634 1104 696 ratione
1127 634 1249 695 fuerant
1270 631 1457 706 emendatae

146 724 248 806 Fpro
271 723 304 799 1,
330 723 377 786 ita
398 731 433 785 nt
460 724 575 795 debuit,
607 734 790 808 usurpatum.
835 724 1067 805 Argumentatio
1096 741 1166 785 mea
1192 719 1266 783 talis
1292 720 1363 796 luit,
1393 719 1457 803 quai

148 831 213 894 cap.
242 812 359 877 XLIX.
383 812 419 874 L.
443 820 475 875 et
500 814 584 877 LVI.
644 815 781 880 circulus
813 834 880 895 sap.
908 813 1024 877 XLIII.
1060 820 1167 893 peccat
1201 828 1345 886 excessu,
1378 808 1457 892 ellipsi

147 920 212 983 cap.
236 901 336 964 XLV.
360 910 468 982 peccat
490 901 618 966 delectu.
657 905 699 967 Et
722 912 793 968 sunt
814 923 957 966 excessus
980 901 1032 963 ille
1055 900 1158 963 ethic
1181 898 1319 963 deiectus
1343 898 1457 981 aequale

146 991 231 1053 Inter
254 990 395 1053 circulum
418 1009 489 1053 vera
513 999 545 1053 et
566 992 687 1075 ellipsin
709 993 784 1056 nihil
805 993 927 1068 mediat,
949 991 1010 1054 nisi
1029 990 1144 1071 ellipsis
1168 990 1240 1052 alia.
1276 988 1360 1069 Erga
1378 987 1457 1068 ellipsi

146 1086 196 1142 est
216 1079 355 1161 planetae
378 1080 453 1156 iter;
484 1088 516 1142 et
542 1080 645 1145 lunula
674 1103 693 1144 a
716 1083 902 1146 semicirculo
933 1088 1053 1143 resecta
1080 1080 1175 1142 habet
1204 1075 1360 1141 dimidiam
1386 1076 1457 1158 prior

146 1168 345 1242 latitudinem,
368 1169 486 1232 scilicet
507 1166 582 1234 429.

234 1257 351 1331 Quodsi
373 1258 432 1321 iter
457 1259 598 1340 planetae
626 1269 708 1324 esset
739 1259 869 1342 ellipsis,
902 1257 980 1321 satis
1007 1255 1121 1339 patuit,
1152 1274 1212 1319 nan
1241 1274 1335 1337 posse
1356 1255 1373 1317 1
1391 1273 1441 1337 pro

144 1347 300 1431 usurpari:
332 1347 411 1429 qnia,
443 1348 468 1409 si
497 1348 554 1410 hoc
586 1349 637 1424 lit,
669 1350 728 1413 iter
757 1350 899 1429 planetae
933 1347 1094 1410 buccosum
1123 1345 1258 1408 efficitur.
1313 1342 1388 1409 Siout
1411 1342 1457 1409 d

147 1435 276 1520 oaqale'e
306 1434 402 1511 GBD,
425 1436 515 1501 HAK
547 1438 695 1521 aequales
722 1439 815 1521 iufra
844 1437 936 1511 QBP,
966 1436 1068 1500 SAR:
1100 1442 1130 1498 et
1159 1441 1264 1499 aerum
1286 1433 1318 1497 R
1339 1433 1457 1501 mid

144 1544 274 1591 sarman
306 1525 463 1609 epiayclae
490 1528 543 1589 PT
571 1528 678 1610 priori
707 1527 869 1611 aequalia:
899 1534 929 1590 et
959 1546 1000 1589 aa
1027 1526 1062 1598 P,
1094 1526 1230 1588 cestim
1261 1520 1398 1608 epioyale'
1422 1540 1457 1587 ιι

144 1616 329 1690 ascetriae,
358 1613 640 1699 perpendiculares
665 1619 702 1680 ia
722 1616 789 1692 BQ,
812 1616 872 1680 AR
901 1615 1020 1679 cadant
1040 1614 1108 1688 PV,
1130 1613 1208 1678 Par:
1241 1621 1272 1678 a
1295 1616 1457 1679 comest*

146 1704 173 1767 P
196 1722 268 1768 cum
288 1705 326 1779 B,
347 1713 377 1768 et
399 1712 503 1769 centra
526 1706 566 1777 A,
593 1706 780 1770 diastemate
802 1707 876 1779 AM,
902 1724 999 1770 armes
1022 1704 1183 1768 aer-ibatur
1202 1702 1283 1778 MN,
1305 1722 1417 1766 aecana
1434 1698 1457 1764 Ρ

147 1794 184 1856 iss
207 1791 245 1867 0,
270 1793 320 1856 ΡΒ
342 1795 379 1857 in
399 1794 438 1856 N.
484 1794 546 1858 Eat
567 1796 665 1876 iqitar
686 1795 857 1879 aaahqam
877 1795 1102 1878 superioribas,
1124 1800 1161 1857 at
1181 1791 1212 1855 ai
1227 1811 1293 1876 pro
1312 1792 1339 1853 F
1358 1810 1457 1874 cerepi

147 1903 219 1949 mae
241 1882 266 1957 I,
279 1883 353 1968 jam
371 1903 432 1966 pra
456 1880 483 1944 Ο
506 1903 694 1966 usurpantes
714 1886 754 1960 N,
773 1892 978 1968 putantesque
999 1882 1076 1958 AN,
1099 1888 1134 1944 at
1155 1889 1201 1945 eet
1227 1880 1316 1963 iaetu
1341 1879 1457 1944 auae

145 1969 354 2054 leaqitude'ae,
377 1974 424 2035 sie
445 1980 474 2034 et
495 1973 560 2036 sita
579 1975 698 2057 iasmm
715 1994 789 2036 esse.
827 1974 927 2056 Atqui
945 1980 1065 2054 puncta
1082 1971 1107 2046 Ι,
1123 1971 1152 2033 Ν
1176 1977 1206 2033 et
1219 1967 1343 2034 masilia
1363 1967 1457 2053 aptata

144 2061 207 2125 iter
225 2059 375 2143 planetae
397 2064 569 2125 baeeosaaa
616 2064 705 2127 Nara
726 2062 874 2145 aequales
894 2069 970 2126 aare
991 2081 1087 2125 arcun
1103 2058 1162 2123 GD
1178 2067 1207 2123 et
1221 2057 1288 2133 ΟΡ,
1311 2066 1342 2122 et
1355 2054 1457 2134 ΒΜ

56 2166 59 2171 ·
145 2170 185 2214 ea
207 2151 364 2214 commeat
395 2158 499 2215 centro
529 2151 643 2234 demae
670 2160 778 2216 secaret
805 2158 957 2216 resectam
985 2149 1137 2214 laesam.
1182 2147 1284 2230 Atqui
1309 2147 1356 2210 DI
1376 2154 1406 2210 et
1421 2142 1457 2209 Pl

145 2238 499 2314 lassataslasatas,
526 2261 635 2305 caasa
656 2250 798 2306 cenerum
826 2250 987 2315 eateneae,
1009 2247 1082 2303 aaut
1102 2235 1306 2320 inaequales,
1338 2242 1370 2300 et
1386 2234 1457 2299 ariae

144 2328 199 2404 DI,
223 2330 327 2413 maias·
347 2328 412 2391 ΡΝ.
461 2328 539 2395 &aas
561 2332 645 2394 aem
666 2331 722 2393 ΕΙ)
745 2338 775 2394 et
795 2331 856 2394 MP
877 2332 942 2395 siat
963 2327 1119 2411 aequata,
1142 2336 1173 2392 et
1192 2327 1278 2401 EDI,
1294 2324 1383 2389 ΜΡΝ
1400 2320 1457 2399 aad

144 2418 271 2485 Eleae
295 2416 433 2483 circadae
453 2420 565 2502 maior,
588 2427 693 2504 utpote
714 2419 855 2504 leaqiore
876 2419 972 2484 radio
992 2418 1061 2494 ΑΕ,
1084 2425 1114 2481 er
1132 2417 1196 2481 MN
1218 2412 1360 2481 aeaeae
1405 2449 1406 2455 .

144 2514 252 2592 utpote
280 2507 418 2571 bassim
448 2509 544 2573 radio
566 2508 647 2572 AM:
682 2511 807 2574 camiac
838 2511 941 2596 majas·
961 2510 1023 2572 erit
1042 2506 1109 2583 ΡΝ,
1135 2507 1241 2571 mesor
1262 2505 1318 2569 Dr.

146 2605 193 2661 est
213 2595 313 2679 ἐρίων
342 2604 463 2660 resecto
490 2597 604 2661 lamia
630 2601 777 2683 sapas-ius
799 2599 887 2683 epod
908 2598 947 2673 D,
970 2596 1068 2662 latior
1098 2596 1236 2680 inseriae
1257 2593 1348 2679 apud
1367 2592 1398 2655 Ρ.

34 2696 39 2706 “
144 2688 181 2751 io
202 2683 310 2770 ellipsi
330 2683 443 2750 lanula
464 2686 542 2750 haee
564 2687 709 2771 aequalis
730 2697 775 2752 est
801 2687 986 2753 latitudinis
1005 2688 1041 2751 in
1061 2686 1193 2770 passche
1221 2680 1446 2784 aequabunt

145 2782 175 2840 et
203 2772 233 2846 Q
262 2774 427 2860 opsidibus
455 2777 592 2840 renatis.
647 2776 739 2840 Patet
765 2779 871 2858 igitur,
899 2776 979 2838 viam
1005 2776 1167 2838 buccosam
1193 2792 1279 2850 eese3
1314 2790 1371 2834 nen
1401 2797 1432 2841 e*

145 2863 281 2946 ellipsin,
313 2882 349 2927 ac
372 2883 438 2927 cnm
460 2865 576 2946 ellipsis
600 2867 745 2947 praebeat
763 2867 865 2947 justas
888 2865 1093 2946 aequationes,
1115 2863 1194 2927 hanc
1216 2862 1312 2943 igitur

144 2954 208 3036 jure
238 2953 367 3033 injustas
395 2954 549 3035 praehere.
601 2955 666 3017 Nec
694 2963 760 3018 erat
789 2975 880 3037 opus,
916 2954 1111 3037 aequationes
1143 2972 1181 3015 ex
1213 2950 1315 3033 ellipsi
1343 2949 1378 3013 de
1411 2976 1430 2999 o
1452 2963 1453 2966 ’

145 3049 328 3121 computare.
383 3040 522 3105 Sciebam
553 3044 633 3106 ultro
664 3045 797 3107 facturas
830 3044 968 3108 officium.
1025 3041 1072 3105 De
1099 3040 1254 3104 distantiis
1285 3047 1363 3103 tant
1452 3045 1454 3048 ’

145 3130 293 3193 sollicitus
317 3149 408 3204 eram,
430 3151 467 3193 ne
491 3132 570 3195 forte
593 3152 631 3194 ex
650 3134 749 3216 ellipsi
772 3135 926 3196 desumtae
950 3130 1102 3214 negotium
1125 3130 1196 3194 mihi
1215 3130 1403 3193 lacesserent
1435 3206 1442 3225 Ι

146 3219 280 3301 quamvis
304 3220 360 3282 hoa
383 3220 542 3296 acciderat,
566 3231 704 3302 paratum
728 3231 794 3286 erat
816 3223 887 3286 mihi
909 3223 1075 3297 latibulum,
1098 3218 1281 3283 incertitudo
1304 3214 1403 3298 toop
1432 3240 1435 3253 ⁴

146 3309 278 3371 cnlumm
308 3308 339 3371 in
372 3309 535 3375 distantiis.
587 3311 693 3392 Itaque
726 3331 763 3374 ne
792 3313 841 3375 bic
874 3312 991 3392 quidem
1023 3310 1112 3373 valde
1144 3308 1239 3373 haesi
1287 3307 1382 3373 Multa
1415 3332 1416 3335 ¹

144 3399 291 3461 maximus
313 3406 381 3462 erat
403 3401 573 3480 scrupulus,
597 3401 676 3480 qnod
698 3419 773 3481 pene
801 3421 893 3483 usque
917 3402 956 3464 ad
983 3401 1130 3464 insaniam
1153 3397 1349 3462 considerans
1370 3402 1426 3458 ets

145 3487 341 3571 cumspiaiens
364 3488 494 3551 invenire
518 3508 576 3550 non
598 3498 744 3571 poteram,
768 3510 819 3553 aur
840 3492 971 3571 planeta,
996 3490 1043 3553 cui
1065 3498 1153 3552 tauta
1170 3506 1238 3551 cnm
1260 3482 1447 3567 probabili

145 3585 230 3640 tanto
261 3596 409 3640 consensa
443 3578 669 3642 observaturum
700 3580 928 3656 distantiarum,
959 3578 1077 3642 libratio
1108 3577 1162 3639 LE
1191 3577 1223 3639 in
1255 3575 1397 3640 diametro
1434 3650 1447 3655 Η

145 3666 340 3737 tribuebatur,
363 3667 463 3748 potins
476 3668 520 3730 ire
538 3667 631 3731 vellet
653 3668 816 3751 ellipticam
830 3669 919 3745 viam,
944 3666 1173 3750 aequationibns
1194 3664 1354 3730 indicibus.
1384 3660 1408 3726 0
1443 3661 1451 3734 s

144 3755 319 3820 ridiculum!
344 3757 466 3838 perinde
491 3755 576 3838 quasi
598 3756 717 3821 libratio
741 3759 771 3821 in
787 3759 931 3822 diametra
955 3778 1013 3821 non
1036 3756 1134 3841 possit
1151 3774 1220 3817 esse
1234 3755 1340 3820 vissa
1364 3751 1412 3807 2¹¹¹
1442 3753 1454 3821 ᾖ

144 3847 249 3927 Itaque
273 3863 330 3908 non
358 3864 451 3927 parvo
480 3846 552 3909 mibi
579 3848 716 3910 constitit
738 3848 799 3910 ista
826 3847 950 3924 notitia,
979 3849 1069 3929 juxta
1099 3844 1290 3909 librationem
1320 3863 1421 3908 emsa

139 3935 274 4016 ellipsin,
296 3940 331 3996 nt
348 3935 484 4017 sequenti
502 3935 602 4016 eapite
624 3945 782 4017 patescet:
808 3936 857 3999 nbi
871 3938 957 4000 simul
971 3937 1063 3999 etiam
1085 3934 1350 4010 demonstrabitur,
1372 3936 1416 3995 ml
1453 3955 1455 3977 ³

142 4025 283 4105 planetae
305 4024 432 4105 relinqui
454 4024 579 4105 figuram
607 4027 722 4088 orbitae
750 4035 958 4108 praeterquam
985 4025 1119 4108 perfecte
1147 4023 1332 4105 ellipticam
1363 4032 1457 4121 comp

142 4115 279 4180 rentibus
308 4113 474 4177 rationibus
497 4135 516 4177 a
538 4114 691 4197 principiis
721 4115 853 4198 physicis
885 4115 1030 4179 derivatis
1060 4132 1128 4177 cum
1159 4113 1347 4196 experientia
1378 4108 1457 4197 obet-3

143 4205 296 4268 vationum
318 4210 350 4267 et
369 4203 575 4287 hypotheseos
597 4205 728 4269 vicariae
751 4205 807 4268 boc
831 4205 929 4287 capite
953 4207 1095 4286 allegata.
1109 4196 1153 4278 ”)
