3278 5550
673 279 834 333 Prooemium.
1053 317 1057 327 .
1385 277 1424 349 13

82 490 87 498 ·
155 461 204 522 De
233 467 318 521 statu
337 457 574 540 Tycbouicorum
597 467 737 523 constare
761 461 833 522 mihi
856 481 914 523 non
937 469 1048 542 potest,
1073 461 1144 543 quia
1160 483 1205 524 me
1220 463 1424 544 Teugneglins

71 558 250 613 summos-et
299 549 393 613 Canis
417 550 447 610 in
469 550 609 631 praesepi
632 569 686 612 neo
710 551 829 611 foenum
858 552 923 640 ipse
953 551 1084 613 comedit
1106 572 1161 613 nec
1185 553 1254 614 aliis
1277 552 1421 632 indulget.

69 640 191 720 Accipit
213 639 378 720 quotannis
401 639 493 701 mille.
526 640 584 702 Hic
607 641 709 714 vellet,
732 659 779 701 me
798 639 872 702 meis
897 641 1027 703 inventis
1051 641 1146 722 ipsius
1170 641 1313 704 salarium
1336 642 1423 705 tueri

70 730 170 802 Volui,
196 728 224 790 si
250 736 388 810 quartam
410 736 527 810 partem
551 730 588 790 de
612 730 676 804 suis
700 729 781 791 mille
805 730 878 791 mibi
901 729 1133 806 transmitteret,
1158 731 1305 793 communi
1329 731 1425 812 ipsius

71 829 99 881 et
120 837 192 880 meo
226 818 347 880 nomine
371 838 439 882 cum
471 818 608 881 omuibus
639 818 714 881 meis
748 838 848 880 coram
878 819 1009 883 Caesare
1041 840 1222 901 comparere.
1269 820 1332 883 Sed
1355 821 1425 902 quia

70 910 113 970 bis
136 907 227 968 mille
254 908 336 970 solus
361 907 418 970 frui
442 909 524 983 vult,
555 926 611 988 ego
635 929 750 990 quoque
773 928 832 970 non
861 928 987 989 possum
1013 910 1135 989 probis
1165 909 1247 970 mille
1278 910 1424 990 spondere

69 1008 96 1059 et
117 1016 217 1076 cogor
242 995 383 1077 privatim
410 1016 508 1059 meum
540 998 683 1059 salarium
712 998 871 1059 defendere
879 1018 888 1073 ;
922 999 1000 1080 quod
1024 1006 1055 1061 et
1077 999 1135 1061 feci
1158 998 1278 1060 traditis
1303 999 1424 1080 Optica,

68 1085 272 1166 premeride
288 1086 398 1148 Martis
422 1095 453 1148 et
470 1087 734 1149 transformatione
759 1086 927 1150 tabularum
940 1087 1103 1150 Lunarinm
1118 1087 1262 1151 Calendis
1276 1087 1423 1150 Januarii.

69 1179 131 1239 Hoc
156 1175 213 1237 ille
240 1175 347 1237 videns
370 1184 558 1256 praetextum
582 1177 718 1257 quaerit,
749 1197 794 1239 me
819 1176 971 1258 Tyohonis
994 1177 1109 1256 placita
1131 1176 1319 1249 convellere,
1342 1176 1423 1240 nolle

70 1286 98 1327 se
124 1284 175 1325 me
200 1283 320 1326 armare
345 1265 616 1327 observationibus.
664 1274 703 1337 (ln
721 1277 849 1340 margine:
880 1266 960 1336 Quid
983 1274 1016 1327 tu
1038 1266 1180 1329 Fabrici?
1203 1265 1336 1328 Lunaria
1358 1269 1423 1348 Ty-

70 1353 174 1416 chonis
199 1361 316 1432 negant
333 1353 437 1416 Solem
459 1354 581 1416 umbrae
596 1358 746 1418 Terreuae
770 1363 957 1430 metatorem,
980 1355 1093 1418 nnllam
1117 1356 1283 1417 concedunt
1305 1355 1423 1418 dimen-

71 1444 187 1506 sionem
205 1442 311 1516 Solis,
335 1443 440 1505 Lunae
462 1451 494 1504 et
508 1446 619 1506 Terrae
644 1444 855 1507 distantiarum
878 1454 909 1506 et
923 1444 1128 1525 proportionis
1151 1463 1317 1525 corporum.
1355 1445 1423 1506 Hoc

72 1540 263 1594 correcturus
287 1550 342 1612 ego
365 1540 436 1612 pcto
461 1532 695 1608 observationes,
720 1543 753 1595 ut
775 1534 920 1595 correctio
944 1554 962 1594 a
981 1533 1162 1614 Tychonicis
1186 1530 1261 1614 ipsis
1283 1533 1422 1615 proficis-

72 1632 155 1683 catur
177 1630 210 1682 et
232 1639 287 1700 per
300 1621 488 1703 Tycbouicas
512 1623 749 1685 observationes.
784 1625 850 1685 Hoc
870 1631 918 1685 est
932 1622 1083 1704 Tyohonis
1096 1622 1209 1703 placita
1224 1623 1421 1695 convellere.)

72 1712 113 1773 At
135 1709 241 1771 verior
263 1730 370 1785 causa,
393 1711 474 1791 cupit
496 1731 542 1773 me
565 1712 716 1791 impediri,
746 1721 780 1774 ut
801 1721 918 1792 tempus
949 1712 1061 1773 babeat
1083 1711 1196 1793 aliquid
1228 1711 1423 1786 elaborandis

72 1800 231 1880 profitetur
254 1799 333 1860 enim
357 1817 389 1861 se
414 1818 535 1881 sperare
557 1801 740 1882 profectum,
773 1802 825 1862 sed
848 1802 904 1862 boo
928 1801 1016 1861 valde
1044 1801 1265 1874 inconstanter,
1295 1800 1421 1864 subinde

74 1889 150 1950 cuim
175 1887 333 1967 interjicit,
357 1888 436 1951 hauc
459 1909 517 1951 nou
542 1909 609 1951 esse
633 1910 718 1952 suam
740 1891 968 1972 professionem.
1432 1904 1437 1912 ·

164 1977 234 2054 Ego
258 1985 366 2039 sancta
388 1978 445 2040 tide
469 1979 524 2041 tibi
542 1980 627 2059 juro,
650 1999 697 2041 me
721 1980 794 2041 nibil
817 1980 847 2041 iu
872 1979 968 2060 ipsum
992 1986 1050 2040 aut.
1072 1976 1165 2058 ipsius
1190 1977 1333 2040 salarium
1355 1986 1425 2040 ten·

78 2078 151 2128 tare.
202 2067 268 2128 Hoc
292 2066 388 2128 solnm
413 2085 486 2146 ago,
509 2076 544 2130 nt
566 2066 791 2130 observationes
813 2069 924 2130 babere
953 2067 1069 2149 possim
1091 2087 1166 2148 quas
1190 2067 1293 2147 cupio,
1318 2067 1424 2130 deinde

78 2166 106 2216 ut
124 2174 175 2216 me
190 2157 472 2217 commemoratione
494 2158 633 2219 veritatis
653 2158 809 2219 defendam
834 2165 939 2219 contra
955 2157 1168 2219 disseminatas
1192 2155 1425 2230 criminationes,

77 2243 172 2305 sicubi
195 2244 270 2304 mibi
293 2243 472 2306 iudicantur.
517 2247 710 2326 Accepemnt
732 2248 769 2308 de
793 2243 902 2309 20000
925 2254 1042 2327 partem
1069 2247 1219 2326 quintam;
1249 2245 1286 2306 de
1309 2245 1424 2325 reliquo

76 2334 102 2393 in
126 2351 183 2412 spe
208 2341 287 2394 sunt.
333 2333 434 2414 Tycho
458 2353 580 2397 uxorem
604 2336 688 2398 duxit
711 2355 819 2415 genere
842 2335 981 2409 nobilem,
1005 2336 1125 2397 fortuna
1147 2342 1274 2395 tenuem.
1296 2365 1336 2376 -·

164 2419 240 2480 Quae
258 2423 279 2470 si
298 2423 476 2486 comparaveris
495 2439 550 2473 cum
568 2425 607 2482 iis,
626 2439 689 2490 quse
708 2426 926 2490 Longomontanus
945 2425 977 2473 ad
994 2423 1128 2486 Keplerum
1145 2431 1170 2472 et
1183 2422 1304 2485 Keplerus
1322 2422 1355 2472 ad
1372 2422 1424 2474 He·

79 2492 217 2555 golontium
238 2489 306 2552 (Vol.
326 2491 348 2549 Ι,
367 2508 390 2556 p.
405 2489 468 2552 300)
486 2496 642 2558 scripserunt,
661 2496 733 2559 plane
753 2497 883 2552 constabit,
902 2495 1021 2545 haeredes
1039 2494 1161 2556 Tyohonis
1181 2509 1263 2544 curam
1284 2494 1381 2543 auriam
1400 2501 1426 2544 et

77 2564 194 2611 sollicitos
220 2562 353 2620 babuisse,
377 2564 510 2627 Keplemm
538 2569 615 2630 patrie
641 2569 835 2616 observationum
863 2567 1005 2616 thesaurum
1028 2581 1083 2614 suos
1107 2567 1132 2614 in
1155 2581 1213 2614 usus
1241 2572 1335 2614 vomere
1363 2565 1425 2616 vella

76 2635 198 2699 neglectis
216 2635 325 2697 ipsorum
344 2635 483 2685 commodis.
520 2637 617 2687 Deinde
636 2654 691 2688 cum
709 2639 817 2701 Keplero
837 2652 853 2686 a
871 2636 978 2686 Caesare
996 2636 1139 2694 mandatum
1159 2637 1244 2690 fuerit,
1262 2644 1290 2686 ut
1308 2635 1426 2686 conficiat

75 2706 198 2761 Tabulas.
226 2719 288 2768 quat
307 2705 390 2768 'l'ycbo
415 2710 571 2770 promiserat,
595 2717 620 2758 et
642 2724 727 2774 parum
746 2710 792 2759 boc
816 2710 940 2774 negotium
962 2708 1120 2764 succederet,
1146 2721 1187 2756 aas
1207 2708 1237 2755 ob
1256 2720 1345 2756 cemes
1363 2721 1425 2771 quae

75 2791 148 2839 supra
166 2777 245 2840 ipsius
263 2776 365 2839 Kepleri
383 2780 550 2849 proposuimus
567 2781 653 2842 verbis,
672 2781 810 2830 stimulasse
828 2781 907 2843 ipsum
930 2779 1043 2831 videntur
1061 2793 1115 2827 cum
1140 2777 1259 2827 haeredes
1277 2785 1329 2827 tum
1348 2778 1423 2829 aulae

76 2849 175 2910 quidam
194 2849 312 2901 ministri.
336 2855 365 2897 ut
382 2850 504 2911 promissis
521 2858 612 2909 steret,
640 2854 726 2917 quibus
751 2851 926 2914 intempestivis
953 2850 1110 2899 monitoribus
1131 2856 1224 2903 motus.
1251 2863 1306 2898 curn
1324 2849 1424 2914 iusuper

75 2921 249 2968 insumeretur
266 2919 400 2968 studiomm
419 2935 516 2971 snorum
538 2924 661 2986 inspector
684 2921 774 2987 (comp.
795 2931 878 2973 annot.
900 2919 937 2982 3),
957 2922 1091 2970 nominarit
1109 2920 1236 2969 Martem
1264 2935 1334 2970 suum
1353 2922 1423 2984 quasi

75 2991 148 3053 plane
168 2991 324 3050 insistentem
343 2990 467 3053 Tychome
489 2994 697 3044 observationibus
721 2994 954 3057 hypothesibusque,
979 2993 1056 3042 tacite
1079 3007 1135 3042 roro
1159 2993 1279 3054 propriam
1297 2992 1362 3041 mam
1379 2992 1424 3041 sibi

75 3074 214 3110 manans.
253 3059 311 3122 Qua
328 3063 485 3125 promissione
504 3066 574 3114 facta
591 3066 699 3116 fautores
712 3067 812 3129 Kepleri
830 3066 855 3114 in
874 3065 940 3121 aula,
959 3064 1099 3120 Barsines,
1118 3062 1287 3119 Wacbherius,
1306 3063 1425 3114 Pistoriae

77 3133 182 3196 aliique,
209 3147 259 3180 nou
285 3139 382 3182 tautum
409 3133 584 3199 Imperatorem
610 3124 765 3200 Rudolpbum
791 3140 843 3199 jam
870 3138 948 3199 ipsum
973 3124 1083 3198 ¹Keplero
1116 3135 1252 3191 ferentem,
1278 3132 1322 3183 sed
1348 3135 1425 3185 etiam

78 3203 269 3265 „Tyebouicos“
289 3218 419 3269 eommque
447 3209 545 3257 nomine
563 3208 743 3274 Tengnaglium
763 3223 792 3258 eo
811 3207 964 3272 adegerant,
990 3213 1018 3254 ut
1041 3204 1082 3253 ille
1105 3212 1212 3261 sumtus,
1231 3203 1256 3254 bi
1280 3216 1425 3266 eonsensum

76 3274 180 3323 tandem
200 3273 235 3322 ad
251 3274 435 3337 imprimendum
455 3294 514 3342 opus
532 3281 558 3328 iu
576 3294 602 3329 ee
614 3281 758 3343 reciperent.
785 3279 936 3328 consensum
953 3291 1010 3326 rero
1028 3277 1093 3326 hunc
1111 3291 1160 3327 uon
1172 3276 1245 3341 plaue
1263 3278 1317 3326 siue
1336 3290 1424 3342 excep·

77 3347 144 3394 tione
165 3344 252 3393 datum
277 3346 365 3402 fuisse,
391 3356 462 3410 patet
480 3365 493 3399 e
512 3350 674 3415 Tenguagelii
700 3351 866 3414 praefatione.
894 3363 967 3413 quam
986 3363 1015 3398 eo
1038 3349 1091 3397 looo
1115 3346 1270 3412 reliquimus,
1299 3361 1346 3412 qne
1369 3362 1424 3398 eam

78 3415 204 3480 Keplerua
224 3419 289 3479 operi
308 3431 351 3465 suo
370 3418 489 3481 adjunxit.

169 3486 245 3546 Quod
263 3488 353 3538 attinet
370 3495 473 3552 typum
492 3498 517 3542 et
535 3491 675 3549 formam,
699 3506 748 3555 qna
766 3491 905 3555 prodierunt
924 3489 1119 3548 commentaria,
1136 3502 1210 3554 paros
1228 3494 1299 3538 erent
1317 3487 1424 3540 liberali·

78 3561 123 3608 tati
137 3557 291 3609 Caesareae.
316 3559 399 3622 rypm
418 3560 499 3612 clarus
517 3569 543 3612 et
555 3565 615 3612 satis
633 3577 746 3628 maguus,
765 3563 853 3612 charta
871 3563 1000 3612 admodum
1018 3563 1091 3617 bona.
1110 3560 1189 3612 forma
1206 3563 1285 3622 major
1296 3557 1333 3619 (in
1345 3557 1424 3621 folio),

79 3632 190 3696 paginae
208 3644 310 3680 numero
330 3627 389 3679 337.
419 3632 538 3698 Pleraque
556 3648 619 3698 quae
637 3635 785 3697 inspeximus
804 3634 952 3697 exemplaria
971 3649 1019 3682 non
1038 3633 1154 3682 exhibent
1171 3646 1259 3681 nomeu
1278 3630 1425 3695 typographi

77 3716 159 3765 neqrm
178 3700 275 3758 locum,
294 3701 334 3750 ubi
352 3703 416 3765 typis
435 3706 568 3768 emcriptus
587 3712 626 3755 est
642 3705 717 3764 libor;
740 3708 765 3754 in
784 3720 832 3754 nuo
851 3712 962 3759 tantum.
989 3704 1082 3753 meliori
1100 3704 1221 3753 instructa
1239 3701 1338 3759 charte,
1362 3701 1426 3766 quod

77 3773 149 3820 nobis
167 3778 268 3834 praesto
287 3779 333 3829 est,
353 3781 434 3824 exstat
452 3777 477 3825 in
489 3775 538 3825 fine
557 3778 652 3840 signum
671 3777 815 3841 typographi
829 3775 944 3839 Vdgeliui
957 3774 1098 3837 Lipsiensis,
1117 3774 1181 3838 quod
1200 3772 1313 3823 describit
1330 3773 1425 3822 Kaest·

78 3858 154 3892 uerna
172 3845 199 3891 in
219 3841 283 3890 Eiet
306 3843 386 3894 Mare.
406 3845 461 3895 Vol.
480 3847 526 3904 IV,
546 3844 597 3896 238
616 3847 723 3897 addens:
742 3857 818 3897 unten
845 3846 911 3896 steht
928 3847 973 3894 mit
995 3846 1062 3895 einer
1080 3844 1154 3896 Hand
1173 3859 1217 3895 sus
1236 3843 1291 3892 dem
1310 3844 1425 3908 Anfange

77 3915 121 3963 des
143 3911 187 3961 17.
206 3912 385 3965 Jahrbaudeits
398 3916 571 3982 geschriebeu:
590 3917 776 3968 Bachdruchers
789 3918 905 3974 Zoicben,
925 3916 990 3967 steht
1003 3932 1029 3967 es
1040 3917 1115 3967 baim.
1129 3918 1159 3965 ob
1172 3931 1209 3964 ers
1222 3913 1306 3963 bichor
1318 3913 1425 3964 dmcheu

78 3987 138 4035 oder
164 3983 307 4035 aminaea
325 3986 385 4044 seit,
409 3990 455 4039 irie
474 3989 538 4039 euch
555 3990 640 4039 seiam
659 3988 772 4039 Nabrneu
790 4004 880 4038 nornen
898 3989 942 4038 ber
964 3989 1013 4038 und
1032 3988 1080 4037 den
1099 3987 1144 4036 Ort
1161 3985 1317 4049 Heidelberg.
1354 3984 1427 4037 Haeo

77 4058 155 4106 rerba
178 4063 206 4105 et
228 4069 273 4111 ee,
300 4071 363 4121 quae
381 4059 504 4124 Keplerus
531 4061 627 4124 scripsit
644 4060 786 4124 Breuggero
810 4058 875 4120 (ride
899 4059 963 4108 infra
987 4075 1009 4122 p.
1031 4056 1076 4120 31)
1101 4059 1175 4107 unies
1202 4056 1335 4114 babemus,
1362 4071 1427 4122 quae

76 4127 275 4191 fleiddbergam
293 4128 434 4194 significant
450 4131 539 4189 locum,
558 4147 605 4197 qno
624 4146 682 4195 opus
701 4132 765 4194 typis
783 4132 928 4194 exscriptum
946 4132 986 4180 sit.
1304 4185 1313 4203 ι

170 4197 198 4247 Si
217 4199 399 4262 quisquamst,
418 4203 491 4266 quale
509 4203 582 4254 fuerit
602 4202 721 4265 judicium
746 4201 885 4267 aequalium
903 4202 933 4251 de
952 4215 1024 4265 opere
1042 4199 1155 4263 Kepleri‚
1179 4198 1252 4264 louge
1275 4197 1371 4248 disemo
1388 4203 1428 4248 est

77 4270 110 4319 ad
129 4269 198 4318 hano
218 4271 386 4332 amotionem
410 4275 533 4337 responsio
552 4270 583 4323 db
602 4287 647 4329 ea.
674 4288 737 4337 quae
757 4274 786 4322 de
806 4273 859 4321 aliie
878 4273 977 4335 Kepleri
1000 4272 1095 4334 scriptis
1119 4271 1221 4320 ferenda
1242 4276 1287 4319 eet.
1326 4269 1428 4319 Summa

78 4348 105 4389 et
118 4354 212 4403 scopus
231 4339 284 4389 libri
302 4340 375 4406 longe
394 4345 530 4394 excedebat
549 4341 644 4394 illomm
664 4352 771 4408 captum,
790 4350 816 4393 et
834 4344 899 4393 solus
918 4346 967 4394 fere
987 4340 1102 4407 Maginus
1120 4342 1217 4405 publice
1238 4341 1306 4389 illum
1325 4340 1427 4391 laudus

80 4421 106 4460 et
125 4426 200 4460 mum
217 4411 244 4459 in
263 4426 333 4460 usum
350 4422 444 4465 vertere
463 4424 566 4466 conatus
585 4423 639 4473 est,
661 4415 808 4465 Meeetliuus
830 4430 961 4465 senescens
985 4415 1119 4473 obmutuit,
1146 4412 1338 4463 imbecillitatem
1355 4425 1427 4462 suam

79 4482 236 4541 wncadens,
260 4482 384 4534 Fabricius
410 4487 511 4545 nimium
534 4488 647 4550 temporis
665 4488 690 4551 in
709 4487 861 4552 astrologicis
880 4485 1038 4536 consumebat
1057 4486 1168 4540 somniis,
1189 4483 1322 4546 Copernico
1357 4495 1427 4535 amm

79 4553 216 4609 tribuebat,
226 4552 288 4603 forte
301 4554 377 4606 etiarn
389 4571 463 4622 aegre
476 4558 531 4607 tulit
539 4559 640 4622 Kepleri
652 4558 753 4607 libemm
766 4557 796 4606 de
806 4558 880 4620 ipsius
893 4556 978 4606 studiis
990 4557 1014 4603 iu
1024 4555 1179 4618 planetarum
1188 4555 1292 4603 motibus
1299 4557 1327 4617 ja
1345 4555 1426 4621 roiam,

80 4639 128 4687 qao
141 4625 237 4673 iactum
251 4631 296 4681 est,
315 4634 343 4675 ut
354 4628 450 4691 publice
468 4643 518 4678 uon
536 4630 622 4679 eadem
642 4630 772 4678 alacritate
791 4644 841 4678 rem
860 4626 1041 4693 aggrederetur.
1061 4642 1109 4691 qua
1127 4627 1239 4690 privatim
1252 4640 1307 4675 cum
1319 4623 1427 4688 Keplero

82 4696 113 4744 de
133 4695 224 4745 eadem
243 4706 337 4760 egeret.
375 4698 423 4747 atii
441 4696 575 4762 Tyohonis.
603 4701 644 4750 alii
662 4701 799 4750 Ptolemaei
818 4699 991 4762 hypothesibus
1016 4699 1108 4748 addicti
1137 4696 1271 4760 Keplerum
1299 4694 1427 4759 Cuperniui

83 4766 281 4817 addictissimum
300 4768 452 4820 defensorem
470 4773 550 4821 miuus
567 4780 664 4836 gratum
682 4771 828 4822 babuerunt.
860 4770 909 4821 atii
927 4770 1031 4834 denique
1049 4784 1109 4834 opas
1127 4771 1207 4832 ipsum
1223 4781 1348 4832 nunquam
1366 4781 1426 4817 con·

83 4843 226 4907 sputum,
246 4851 377 4904 equorum
393 4856 495 4893 numero
512 4842 610 4894 unicum
628 4843 730 4895 haimai
743 4842 883 4903 Odontiunr,
903 4841 951 4907 qui.
971 4841 1028 4893 dum
1041 4841 1100 4892 illud
1118 4839 1278 4894 elucubrabat
1295 4838 1425 4904 neptem,
