3278 5550
142 281 185 352 Δὶ
547 281 661 336 ·Ῑιιιιιιι
679 280 781 350 Keplsri
799 283 950 351 aliarumque
967 289 1069 337 ιιιιιιιο
1175 240 1177 257 Ι

141 462 217 526 baec
240 470 324 524 sunt:
349 462 446 544 primo
468 467 531 523 tres
555 460 733 525 latitudines
756 462 896 542 planetae
919 469 1060 524 accurate
1085 459 1282 535 observatae,
1305 481 1374 527 curn
1396 461 1501 525 estin

142 572 215 616 vera
238 552 428 632 oppositione
451 570 517 627 cum
541 550 630 627 Scle;
660 571 728 614 curn
750 550 856 641 quibus
879 544 1071 614 innotescunt
1093 551 1185 613 etiam
1208 550 1276 615 loca
1298 551 1500 645 longitudinis

142 641 314 722 anguliqne
327 639 486 721 interjecti.
530 639 647 702 Deinde
678 660 752 721 opus
781 647 829 702 ιιι
854 648 889 721 pt
916 639 1048 705 sciamus
1075 639 1143 701 loca
1169 639 1332 717 nodorum
1361 660 1398 703 aa
1428 659 1500 703 raro

137 730 273 812 simplici
296 728 508 793 observatione
537 736 715 809 patescunt:
746 747 816 793 nam
843 748 918 791 cum
938 730 1063 810 planata
1090 737 1139 791 est
1165 728 1195 791 in
1225 730 1384 811 ecliptica,
1415 729 1500 797 nulla

142 819 309 902 paraliaxis
337 819 411 892 (nisi
439 838 491 893 ea,
519 837 608 899 qnam
634 819 745 882 habet
757 837 942 881 communem
971 837 1037 880 cnm
1068 817 1280 901 luminaribus)
1308 819 1396 882 illum
1425 818 1499 882 alibi

144 909 218 989 lacit
240 927 396 989 apparere,
420 927 508 990 qnam
531 908 735 991 inq-ecliptica.
782 906 933 979 Quorsum
962 926 1034 973 vero
1064 907 1156 969 cadat
1185 907 1266 970 linea
1288 926 1326 970 ex
1347 907 1431 971 Sole.
1445 925 1500 990 per

143 999 296 1080 planetam
319 998 427 1079 ejecta,
452 1016 489 1058 ex
502 996 647 1059 mediocri
666 1005 698 1059 et
720 996 901 1060 inartificiali
924 996 1137 1078 aequationnm
1160 1003 1192 1057 et
1214 996 1327 1077 aphelii
1348 1015 1511 1078 praerog·

142 1086 257 1150 uitione
279 1087 472 1149 mediocriter
494 1086 586 1148 etiam
608 1086 756 1168 praesciri
778 1094 888 1168 potest.
934 1085 1038 1148 Tertio
1069 1103 1144 1167 opus
1172 1092 1222 1148 est
1250 1085 1339 1148 nobis
1370 1085 1500 1148 scientia

142 1175 346 1251 inclinationis
369 1176 518 1243 mammae
540 1175 708 1257 planorum,
724 1177 821 1257 'quam
844 1174 889 1237 sic
911 1174 1144 1255 investigamus:
1175 1194 1243 1238 cnm
1265 1175 1354 1237 abest
1375 1175 1499 1256 planeta

142 1262 309 1347 aequaliter
332 1286 352 1327 a
374 1267 471 1328 Terra
501 1273 533 1326 et
563 1285 583 1326 a
605 1265 694 1340 Sole,
723 1265 829 1328 eadem
853 1271 905 1325 est
930 1263 1086 1326 inclinatio
1115 1263 1181 1344 ejus
1204 1274 1236 1326 ιι
1257 1263 1389 1326 latitudo
1421 1264 1497 1327 visa

141 1357 187 1418 At
208 1353 290 1416 circa
312 1362 438 1417 exortus
460 1353 650 1435 vespertinos
673 1363 704 1416 et
719 1353 936 1432 occultationes
950 1354 1125 1428 matutinas,
1149 1353 1251 1433 potins
1267 1353 1497 1434 circaqnadra-

141 1450 237 1518 turas,
252 1445 323 1506 cum'
334 1444 463 1524 angulus
479 1462 568 1505 verae
585 1443 827 1506 commutationis
839 1442 981 1524 planetae
992 1451 1139 1524 aequatur
1148 1442 1317 1521 angulo-vel
1332 1441 1499 1505 distantiae

142 1533 284 1595 circulari
299 1532 383 1596 Solis
406 1541 438 1596 et
458 1532 610 1614 planetae,
635 1540 705 1595 snut
722 1532 814 1594 etiam
836 1532 977 1613 aequales
1000 1532 1175 1599 rectilineae
1198 1531 1365 1600 distantiae¹
1386 1531 1496 1593 dictae.

143 1624 226 1685 'lime
250 1640 323 1703 ergo
344 1622 486 1707 planetae
510 1621 639 1684 latitudo
670 1622 846 1684 observetur
873 1629 905 1683 et
934 1622 1134 1684 constituatur
1165 1640 1203 1682 ex
1232 1620 1377 1685 mediocri
1405 1639 1498 1700 prae·

148 1711 319 1792 cognitione
342 1712 496 1774 theoricae
518 1712 670 1792 planetae,
693 1732 751 1793 quo
774 1711 841 1773 loco
863 1710 1011 1791 impingat
1033 1711 1113 1773 linea
1136 1729 1174 1772 ex
1188 1710 1261 1773 Sole
1278 1728 1332 1793 per
1346 1710 1500 1791 planetam

145 1801 221 1876 iens,
245 1801 384 1883 factaque
408 1801 632 1882 comparatione
656 1800 739 1863 visae
763 1800 930 1862 latitudinis
954 1804 1045 1883 (quae
1069 1808 1117 1862 est
1132 1800 1225 1862 etiam
1240 1819 1313 1863 vera
1327 1799 1500 1870 inclinatio)

145 1889 387 1953 addistantiam
410 1911 430 1953 a
451 1891 548 1969 nodo,
578 1890 609 1952 in
638 1890 789 1970 triangulo
820 1889 975 1970 sphaerico
999 1890 1167 1972 inquiratur
1190 1887 1345 1953 inclinatio
1368 1889 1500 1951 maxima

143 1979 281 2042 limitum.
328 1981 414 2041 Tunc
436 1998 507 2060 ergo
532 1979 657 2042 scibitur
679 1979 833 2041 inclinatio
856 1979 996 2059 planatae
1013 1980 1052 2041 ad
1070 1986 1273 2060 quemcunque
1291 1977 1384 2041 ιιιιιιι
1406 1976 1500 2058 dape·

143 2080 253 2150 tegeor,
284 2069 405 2131 videtur
426 2086 499 2130 vero
521 2068 668 2143 latitud03
699 2074 888 2149 comparetur
915 2087 986 2148 ergo
1016 2066 1085 2129 iisa
1106 2067 1235 2130 latitudo
1259 2086 1325 2130 cum
1349 2066 1500 2129 calculata

144 2157 340 2227 inclinatione
364 2166 396 2219 et
417 2159 548 2240 tingatur
570 2158 689 2219 interea
707 2157 831 2237 plancta
844 2154 1057 2239 aequalissime
1075 2157 1156 2221 circa
1170 2156 1274 2220 Solem
1291 2156 1346 2231 ire,
1368 2157 1423 2219 liet
1443 2155 1500 2219 boc

143 2255 245 2329 pacto,
268 2255 303 2311 nt
322 2247 474 2328 prodeant
495 2255 559 2309 tres
590 2244 752 2308 distantiae
775 2248 887 2309 Terrae
910 2268 930 2308 a
951 2246 1034 2309 Sole.
1079 2247 1129 2308 Ει
1157 2244 1206 2308 bis
1234 2245 1331 2309 tribus
1361 2245 1500 2308 eliciatur

146 2336 300 2418 quantitas
324 2335 422 2411 orbis,
450 2335 601 2417 aphelium
622 2344 664 2397 ,et
685 2335 894 2398 eccentricitas
917 2336 1000 2412 viae,
1027 2344 1062 2397 ut
1084 2354 1185 2417 snpra.
1203 2335 1301 2405 Erit
1328 2335 1387 2397 hoc
1409 2343 1499 2415 pacto

144 2425 355 2489 eccentricitas
377 2416 518 2506 planetae
542 2444 608 2487 cum
627 2424 850 2489 eccentricitate
866 2426 978 2487 Terrae
995 2425 1025 2487 in
1044 2423 1499 2503 communameccentricitaten

144 2515 280 2589 confusa,
304 2523 337 2577 et
357 2506 522 2595 utriusque
536 2514 689 2596 aphelium
711 2514 742 2576 in
764 2515 843 2577 idem
866 2514 1018 2595 aphelium
1046 2533 1202 2586 commune
1230 2514 1297 2577 loco
1320 2512 1499 2576 intermedio

144 2605 309 2667 contusum
354 2604 398 2666 Et
418 2603 558 2666 mirabile
576 2603 675 2678 dictu,¹
693 2604 723 2665 ιι
742 2604 799 2666 hac
814 2600 937 2689 majoris
951 2603 1056 2667 circuli
1075 2603 1310 2666 eccentricitatis
1328 2600 1360 2665 in
1374 2602 1499 2665 minoris
1529 2639 1531 2643 -

145 2693 403 2756 eccentricitatem
425 2692 590 2770 infusione,
623 2695 703 2775 quod
733 2693 848 2773 prodit,
881 2694 1011 2756 circulus
1034 2700 1145 2754 manat
1191 2691 1498 2765 Demonstrationem

144 2783 247 2846 nescio
262 2782 409 2863 quomodo
424 2783 488 2856 fiat,
504 2790 539 2844 ut
553 2783 654 2845 animo
672 2782 800 2867 videam,
816 2782 917 2844 verbis
933 2781 1033 2864 eloqui
1048 2781 1180 2844 nondum
1193 2780 1353 2862 potuerim.
1388 2780 1498 2861 cagia

143 2874 219 2954 ipsa.
265 2871 443 2933 Mechanice
462 2891 579 2953 quoqne
602 2862 717 2935 certam
739 2873 827 2933 fldem
850 2872 918 2941 feci,
963 2873 1012 2934 Ex
1034 2872 1092 2934 hac
1112 2871 1332 2946 confusione,
1319 2889 1385 2951 Janr
1401 2869 1499 2933 admi·

144 2961 297 3024 niculante
320 2959 491 3040 cognitione
514 2961 641 3040 apogaei
665 2960 764 3034 Solis,
796 2961 972 3022 ιιιιιιιιιιιι
1003 2969 1052 3023 ιιι
1080 2960 1234 3043 utriusque
1258 2960 1371 3023 sideris
1390 2978 1499 3023 eccen-

144 3049 264 3113 trinitas
291 3048 374 3122 viae,
407 3050 486 3130 qnod
515 3056 612 3111 totum
641 3049 795 3129 negotium
823 3049 1020 3130 problematis
1042 3050 1160 3131 aliquot
1187 3049 1332 3131 explicui,
1363 3049 1451 3111 sed
1438 3066 1500 3129 ιιι

145 3137 261 3201 chartis
283 3136 360 3198 meis
382 3137 540 3200 destituor.
586 3138 794 3202 Pulcherrima
815 3146 865 3201 est
887 3140 1069 3219 speculatio:
1101 3140 1156 3201 scd
1185 3139 1377 3202 latitudinum
1398 3135 1501 3218 anguli

145 3227 247 3327 parvi,
284 3244 367 3288 error
400 3225 620 3291 observationis
658 3227 746 3290 valde
783 3227 953 3304 sensibilis,
990 3229 1091 3311 itaque
1120 3229 1310 3309 probationis
1347 3229 1415 3291 loco
1443 3236 1507 3333 est,-

145 3337 205 3379 non
231 3314 445 3407 inquisitionis

235 3403 322 3477 Quae
345 3412 444 3467 autem
467 3405 531 3468 dixi
554 3407 592 3468 ds
613 3405 773 3469 mediocri
778 3406 1025 3487 praecognitione
1047 3393 1183 3471 theoriae
1206 3358 1358 3487 planetae,
1382 3406 1428 3468 ιιι
1451 3406 1500 3483 in-

146 3494 341 3574 telligantur,
368 3488 462 3576 qnod
480 3495 561 3557 sicut
586 3495 618 3557 in
645 3496 763 3557 theoria
791 3496 875 3560 Solis
902 3496 966 3571 (vel
994 3496 1123 3572 Terrae)
1150 3496 1194 3558 ita
1222 3490 1478 3577 propemodum
1469 3514 1501 3557 ιι

146 3584 284 3647 omnibns
305 3583 438 3663 planetis
460 3585 656 3666 aequationes
679 3585 809 3648 eccentri
833 3585 904 3647 sciri
925 3591 1054 3666 possunt
1076 3584 1176 3660 (solas
1198 3586 1325 3675 namque
1352 3584 1410 3647 bas
1429 3592 1502 3671 peto

145 3682 180 3736 ut
201 3676 523 3754 praecognoscantur),
552 3674 613 3736 etsi
639 3674 798 3737 verissima
815 3675 974 3779 proportio
997 3673 1130 3755 partium
1151 3664 1418 3755 eccentricitatis
1409 3693 1501 3754 igno-

145 3769 239 3826 retur.
285 3761 364 3824 Nam
388 3780 472 3825 error
495 3782 534 3824 ιι
555 3763 667 3824 vitiosa
688 3762 881 3844 proportione
904 3765 964 3826 bac
984 3763 1159 3845 prodiens
1151 3784 1182 3826 ιι
1200 3764 1273 3828 Sole
1297 3746 1418 3846 quidem
1440 3782 1502 3825 non

149 3860 198 3915 est
219 3850 316 3931 major
342 3851 370 3914 1‘
397 3848 459 3913 10⁴‘
481 3870 548 3914 cnm
571 3852 820 3917 estmaximns
812 3874 842 3915 ιι
865 3873 963 3921 annm,
992 3851 1080 3917 ¹35⁰.
1126 3854 1169 3917 Et
1190 3853 1240 3915 bic
1272 3853 1392 3936 quidem
1416 3871 1504 3916 error

146 3949 251 4005 ιιιιιιι
273 3947 333 4016 est,
356 3940 486 4022 qnando,
509 3960 585 4023 qnae
609 3960 648 4002 ex
665 3942 781 4005 duabus
798 3943 936 4024 partibus
950 3943 1127 4025 aequalibus
1143 3942 1311 4024 composita
1324 3949 1373 4005 ιιι
1390 3961 1503 4004 eccen-
1535 3990 1538 3997 .

147 4031 283 4105 tricitas,
312 4048 384 4092 eam
415 4050 482 4093 cum
495 4029 662 4112 prioribus
691 4033 872 4095 asunnomis
901 4041 937 4095 ut
959 4033 1124 4113 simplicem
1153 4032 1359 4112 imaginamur.
1405 4033 1453 4095 At
1475 4033 1503 4095 si

147 4120 345 4201 compositam
367 4127 399 4181 et
420 4138 476 4181 nos
499 4119 646 4182 iaciamus
669 4140 708 4182 ex
724 4122 861 4201 partibus
875 4122 1030 4201 genuinis,
1054 4123 1200 4185 iaciamus
1218 4122 1291 4184 item
1309 4121 1504 4201 expertibus

147 4229 207 4273 non
230 4208 383 4290 genuinis,
415 4210 611 4291 aequationes
633 4209 773 4291 utrinque
795 4219 968 4273 enstmctae
990 4211 1084 4276 multo
1108 4213 1205 4274 adhuc
1227 4212 1325 4297 minus
1347 4211 1504 4289 differunt,

147 4298 307 4362 dummodo
331 4317 447 4360 summa
463 4299 594 4379 partium
609 4300 716 4362 eadem
731 4300 868 4382 utrinque
883 4308 1022 4363 maneat:
1046 4300 1123 4365 aden
1139 4301 1268 4384 quidem,
1292 4308 1325 4363 nt
1342 4301 1373 4363 in
1386 4303 1503 4376 Marte,

148 4389 234 4468 cujus
257 4396 306 4451 est
328 4387 468 4468 aequatio
491 4389 632 4467 maxima,
657 4388 683 4451 si
697 4410 716 4450 a
732 4384 774 4451 92
794 4409 888 4470 nsque
911 4390 940 4453 in
963 4388 1025 4471 120
1041 4391 1175 4457 varietur
1197 4388 1407 4452 eccentricitas
1430 4390 1503 4452 viae

148 4478 196 4553 (in
218 4497 256 4539 ea
277 4476 472 4552 dimensione,
495 4486 529 4539 ut
551 4487 600 4541 est
621 4478 724 4555 radius
750 4475 858 4554 1000),
883 4480 1077 4561 aequationes
1103 4500 1162 4545 non
1183 4480 1341 4542 turbentur
1362 4480 1434 4560 plns
1455 4477 1502 4544 3‘.

148 4568 263 4630 Verum
292 4575 326 4629 nt
355 4573 386 4626 et
416 4565 474 4627 hoc
502 4562 626 4642 addam,
658 4567 742 4648 ipsas
763 4569 968 4650 aequationes
996 4570 1125 4632 eccentri
1157 4571 1221 4632 sine
1251 4569 1503 4653 praecognitione

149 4655 346 4738 longitudinis
368 4654 486 4716 mediae
509 4657 639 4722 inbono
663 4658 782 4719 modum
805 4657 955 4737 investigo
969 4659 1165 4738 problemate,
1188 4658 1268 4740 qnod
1283 4657 1503 4721 necessitatem

148 4746 240 4809 infert
269 4755 300 4807 et
328 4752 430 4806 tamen
457 4763 553 4826 neque
582 4766 636 4827 per
665 4747 864 4825 geometricas
892 4748 1165 4815 demonstrationes
1191 4766 1291 4830 neque
1320 4766 1375 4829 per
1395 4748 1503 4810 latius

148 4842 303 4921 patentem
330 4836 455 4898 cossam
480 4834 625 4915 explicari
652 4855 748 4898 a-me
775 4834 921 4899 hactenus
949 4837 1056 4919 potnit,
1102 4837 1421 4922 Laboravi'tanqnam
1443 4856 1505 4923 per
