3278 5550
656 310 816 365 munseo.
1349 298 1413 370 15³

119 508 137 543 s:
166 496 265 545 contra
291 508 359 546 vero
378 490 653 562 improportionatam
673 498 703 545 ot
722 490 907 562 prodigiosam
928 491 1101 547 celeritatem
1131 490 1201 546 coeli
1222 491 1358 551 futuram.
1389 484 1413 541 si

119 586 151 625 ra
165 570 301 640 jubeatur
320 589 372 626 suo
391 573 452 626 loco
473 580 503 627 et
523 573 579 627 situ
599 578 675 627 stare
695 573 778 642 plane
800 571 951 627 immobilis.

139 651 213 706 Sunt
231 658 325 707 autem
343 653 430 707 multo
450 654 544 723 plures
559 653 677 717 illorum,
699 653 744 722 qui
759 653 864 722 pietate
878 659 1029 716 moventur,
1051 668 1105 722 quo
1119 650 1207 706 minus
1221 648 1415 706 adsentiantur

119 731 225 796 ειιίοι,
255 741 410 787 metuentes
440 751 474 787 ne
496 732 612 804 Spiritui
631 732 733 788 Sancto
754 734 781 786 in
800 732 949 803 Scripturis
977 732 1100 804 loquenti
1125 732 1296 788 mendacium
1316 728 1413 799 impin·

119 829 154 875 nr,
176 812 202 866 si
222 813 336 869 'ferram
357 814 467 878 moveri,
489 814 580 868 Solem
601 820 677 867 stare
698 813 857 868 dixerimus.

138 900 185 955 llli
205 918 272 956 vero
292 903 345 956 boc
365 905 553 974 perpendente
574 919 633 956 cum
648 904 787 958 oculorum
801 920 884 957 sensu
897 902 1016 974 plurima
1030 909 1059 956 et
1074 901 1217 972 potissima
1230 900 1414 963 addiscamus,

119 981 229 1036 ossibile
250 982 329 1036 nobis
350 1000 420 1048 esse,
442 990 474 1038 nt
494 999 646 1037 sermonem
666 989 788 1039 nostrum
809 985 919 1038 abhoc
940 985 1078 1037 oculorum
1100 999 1183 1037 sensu
1205 980 1412 1036 abstrahamus.

119 1078 157 1134 po
176 1061 298 1132 plurima
311 1062 432 1134 quotidie
445 1063 577 1127 incidunt,
591 1064 640 1117 ubi
654 1081 715 1118 oum
729 1065 868 1119 oculorum
883 1054 1123 1134 sensuloquimur,
1146 1062 1200 1116 etsi
1214 1068 1290 1116 certo
1305 1060 1413 1122 scimus,

134 1141 226 1213 ipsam
248 1143 332 1197 aliter
351 1143 465 1199 habere.
493 1145 657 1214 Exemplum
678 1152 722 1199 est
743 1145 771 1199 in
792 1145 840 1198 illo
860 1162 943 1199 versu
963 1143 1087 1215 Virgilii:
1112 1142 1306 1213 „provehimur
1320 1145 1413 1211 portu.

119 1238 210 1293 aeque
242 1225 381 1295 urbesque
404 1224 563 1279 recedunt.“
614 1225 660 1279 Sic
682 1242 743 1279 oum
765 1244 803 1281 ex
826 1225 963 1297 angustiis
986 1225 1070 1278 vallis
1091 1223 1210 1293 alicujus
1240 1221 1414 1293 emergimus,

119 1318 190 1374 muro
211 1320 275 1358 sess
295 1321 421 1374 campum
441 1306 520 1359 nobis
541 1305 649 1375 aporire
670 1305 790 1360 dicimus.
833 1306 878 1360 Sic
899 1306 1023 1360 Christus
1044 1306 1144 1359 Petro:
1175 1304 1236 1357 Duc
1258 1303 1286 1356 in
1310 1303 1412 1361 altums

119 1382 236 1438 simare
258 1384 296 1438 nit
323 1384 408 1439 altius
436 1386 571 1440 litoribus.
612 1386 658 1442 Sic
678 1386 748 1440 enim
771 1394 891 1456 apparet
911 1386 1006 1447 oculis,
1028 1392 1058 1439 et
1078 1384 1163 1455 optici
1184 1399 1283 1437 causas
1305 1383 1414 1436 demon·

119 1470 149 1519 nt
167 1464 256 1534 hujus
276 1465 417 1520 fallaciae.
452 1466 577 1520 Christus
598 1483 663 1520 vero
684 1484 808 1521 sermono
822 1467 911 1521 utitur
923 1465 1121 1536 receptissimo,
1143 1464 1189 1536 qui
1204 1469 1297 1518 tamen
1309 1479 1346 1516 ex
1360 1461 1414 1515 hac

121 1561 198 1598 orum
219 1545 337 1599 fallacia
357 1552 401 1600 est
421 1554 508 1602 ortus.
550 1546 594 1601 Sic
613 1553 701 1601 ortum
725 1555 755 1602 et
777 1534 903 1601 occasum
925 1548 1052 1614 siderum,
1075 1546 1128 1599 hoo
1151 1552 1196 1598 est
1218 1559 1361 1598 moensnm
1385 1548 1416 1595 et

119 1641 218 1679 ensnm
248 1625 389 1697 fingimus:
421 1644 480 1681 cum
505 1629 600 1682 ecdem
624 1634 748 1696 tempore
770 1628 861 1683 Solem
886 1627 934 1682 alii
958 1627 1052 1681 dicant
1074 1627 1252 1688 descendere.
1284 1640 1338 1694 quo
1365 1639 1414 1677 nos

119 1722 167 1761 ιιι
189 1706 270 1759 illurn
291 1708 448 1763 ascendere.
482 1707 553 1762 Vide
568 1708 680 1778 Optices
694 1708 888 1762 Astronomiae
903 1709 972 1777 Cap.
987 1708 1022 1762 X
1042 1706 1091 1761 iol.
1113 1706 1180 1760 32⁷.
1204 1707 1338 1771 (11.³³t.)
1371 1702 1417 1756 Sic

119 1802 207 1841 mum
231 1786 364 1856 planetas
385 1794 460 1842 stare
483 1789 578 1844 dicunt
601 1788 770 1851 Ptolemsici,
793 1791 902 1859 quando
926 1805 976 1858 per
989 1787 1096 1858 aliquot
1109 1786 1253 1840 continuos
1267 1785 1325 1839 dies
1341 1784 1415 1854 apud

119 1868 165 1921 bn
178 1867 256 1920 nm
270 1867 387 1921 haerere
402 1868 543 1935 videntur3
559 1869 612 1923 etsi
627 1875 735 1938 putent,
751 1869 826 1938 ipsos
840 1876 905 1923 tunc
918 1887 948 1923 re
959 1883 1027 1922 vera
1039 1866 1141 1921 moveri
1156 1869 1283 1922 deorsum
1297 1864 1325 1921 in
1338 1863 1415 1918 linea

119 1947 195 2001 trel
216 1963 326 2001 sursum
341 1964 359 2003 a
372 1949 473 2003 Terris.
514 1948 560 2003 Sic
574 1950 722 2003 solstitium
736 1949 802 2003 dicit
825 1949 910 2003 omnis
933 1948 1096 2017 scriptorum
1120 1947 1212 2001 natio:
1237 1945 1291 2000 etsi
1310 1950 1417 2017 negant

139 2033 222 2081 stare
244 2027 348 2084 Solem.
383 2029 428 2083 Sio
450 2046 590 2100 nunquam
612 2030 754 2101 qnisquam
777 2032 846 2083 adeo
867 2029 975 2084 deditus
989 2029 1043 2083 erit
1057 2027 1216 2097 Copernico,
1241 2025 1306 2096 quin
1323 2024 1416 2080 Solem

119 2124 174 2163 nna
200 2107 240 2162 sit
261 2108 369 2179 ingredi
390 2109 523 2164 Cancrum
546 2111 590 2163 vel
605 2110 740 2174 Leonem,
762 2110 815 2164 etsi
834 2110 952 2164 innuere
965 2109 1035 2172 vult,
1060 2109 1173 2163 Terram
1196 2106 1302 2178 ingredi
1318 2103 1415 2176 Capri·

119 2204 163 2243 ιιι
189 2188 238 2242 rel
259 2189 418 2258 Aquarium.
454 2191 491 2244 Ei
514 2197 608 2245 cetera
631 2190 765 2245 similiter.
1259 2192 1263 2199 '

132 2268 200 2323 Jam
220 2284 290 2321 vero
305 2276 334 2322 et
347 2286 443 2324 sacrae
466 2269 567 2324 literae
591 2274 623 2324 de
647 2272 729 2324 rebus
752 2269 917 2340 vulgaribus
939 2264 981 2338 (in
1004 2268 1102 2339 quibus
1125 2268 1235 2323 illorum
1256 2263 1415 2320 institutum

120 2356 166 2405 sss
177 2348 308 2402 homines
322 2347 470 2415 instruere)
495 2351 644 2421 loquuntur
657 2369 718 2405 curn
731 2350 885 2404 hominibus
900 2351 1018 2405 humano
1032 2366 1120 2413 more,
1141 2354 1174 2403 ut
1196 2348 1232 2401 ab
1254 2344 1410 2400 hominibus

119 2428 261 2501 ip‘antun
284 2436 399 2485 utuntur
420 2431 463 2495 iis,
487 2448 557 2503 quae
582 2438 648 2485 sunt
674 2434 748 2501 apud
760 2431 883 2486 homines
902 2431 930 2484 in
944 2431 1078 2493 confesso,
1102 2430 1138 2483 ad
1161 2427 1326 2482 insinuanda
1355 2426 1414 2481 alia

119 2508 218 2565 flora
243 2516 276 2563 et
298 2510 397 2568 divina

141 2588 205 2653 usu
231 2589 332 2645 mirum
353 2591 448 2662 igitur,
473 2588 497 2644 si
517 2591 661 2661 Scriptura
679 2609 785 2662 quoque
804 2609 864 2645 cum
887 2590 1012 2644 sensibus
1036 2591 1166 2658 loquatur
1189 2585 1315 2641 humanis
1340 2592 1413 2648 tunc.

119 2684 227 2725 amm
253 2670 357 2725 veritas
378 2687 396 2724 a
416 2671 541 2725 sensibus
563 2672 702 2741 discrepat
723 2689 771 2726 seu
792 2672 941 2725 scientibus
956 2669 1111 2724 hominibus
1125 2685 1174 2723 seu
1188 2667 1304 2740 ignaris.
1347 2666 1414 2728 Quis

119 2751 238 2805 noscit
264 2751 401 2820 podiiosm
423 2770 485 2806 esse
508 2751 670 2807 allusionem
694 2753 804 2807 Psalmo
827 2753 911 2815 XIX,
946 2751 1008 2814 ubi,
1037 2753 1101 2804 dum
1123 2751 1175 2803 sub
1197 2747 1318 2819 imagine
1341 2746 1414 2801 Solis

119 2830 321 2901 nnvxngelii
343 2833 465 2903 adeoque
489 2838 519 2885 et
533 2831 634 2887 Christi
649 2832 757 2887 Domini
780 2833 808 2887 in
829 2833 903 2888 bunc
925 2833 1052 2885 mundum
1072 2829 1160 2885 nostri
1184 2844 1269 2883 causa
1283 2835 1415 2897 suscepta

119 2911 249 2983 rgrintio
264 2913 441 2976 decantatur,
463 2912 512 2968 sol
527 2930 564 2967 ex
577 2913 727 2967 horizontis
744 2913 925 2967 tabernaculo
948 2912 1047 2966 dicitur
1066 2927 1218 2981 emergere.
1243 2915 1275 2962 ut
1297 2924 1415 2977 sponsus

119 2992 241 3047 heinmo
266 3008 331 3054 suo;
356 2993 466 3056 alacris,
490 2999 523 3047 ut
544 2992 697 3064 gigas‚.ad
721 2996 879 3047 currendam
903 2992 984 3047 viam.
1018 2994 1095 3055 Quod
1119 2990 1243 3044 imitatur
1265 2987 1413 3059 Virgilius:

119 3070 195 3129 bno
208 3089 337 3126 croceum
351 3073 475 3144 linquens
490 3089 592 3127 aurora
606 3073 723 3127 cubile.“
767 3073 845 3127 Prior
869 3073 970 3145 quippe
990 3071 1082 3143 poesis
1104 3073 1176 3141 apud
1191 3071 1335 3124 Hebraeos
1351 3068 1412 3123 init.

135 3160 198 3217 lion
216 3161 299 3215 exire
313 3161 403 3215 Solem
419 3181 455 3216 ex
469 3161 611 3216 horizonte
631 3169 763 3232 tanquam
776 3180 792 3215 e
807 3162 988 3216 tabernaculo
1010 3156 1076 3229 (etsi
1096 3161 1136 3214 sio
1149 3160 1235 3214 oculis
1251 3154 1414 3228 appareat).

119 3241 166 3297 ht
182 3241 312 3296 Psaltes:
336 3243 437 3298 moveri
461 3261 526 3296 vero
540 3243 633 3298 Solem
652 3243 841 3304 existimabat,
862 3248 1012 3311 propterea
1033 3241 1098 3312 quia
1119 3241 1205 3295 oculis
1227 3241 1269 3293 ita
1283 3245 1411 3309 apparet.

119 3338 203 3377 nmen
218 3328 365 3392 utrumque
380 3323 453 3386 dicit,
473 3323 538 3394 quia
560 3330 705 3394 utrumque
729 3323 814 3376 oculis
837 3323 879 3376 ita
901 3322 1017 3376 videtur.
1060 3323 1155 3392 Neque
1179 3322 1279 3374 falsum
1301 3318 1346 3373 hio
1368 3321 1415 3373 vel

133 3402 227 3457 dicere
244 3403 349 3456 censeri
363 3404 459 3457 debet:
484 3410 530 3457 est
551 3403 622 3457 enim
646 3410 676 3456 et
699 3404 837 3457 oculorum
858 3401 1093 3472 comprehensioni
1108 3416 1161 3455 sua
1174 3401 1290 3463 veritas,
1316 3400 1416 3453 idonea

119 3481 200 3537 etiori
215 3482 321 3536 Pseltis
336 3483 463 3537 instituto
488 3483 632 3553 cursuique
646 3483 794 3555 Evangelii
815 3486 937 3552 adeoque
957 3483 1006 3537 lilii
1019 3481 1072 3537 Dei
1091 3482 1287 3535 adumbrando.
1328 3480 1416 3533 Josua

119 3580 144 3618 ιι
157 3563 251 3616 valles
265 3563 351 3626 addit,
367 3572 464 3618 contra
477 3581 544 3634 quas
559 3563 606 3618 Sol
622 3571 650 3617 et
663 3565 744 3617 Luna
757 3570 932 3624 moveantur:
948 3563 1055 3616 scilicet
1068 3561 1133 3631 quia
1152 3561 1204 3631 ipsi
1219 3562 1253 3615 ad
1267 3561 1415 3616 Jordanem

132 3643 176 3697 ita
189 3644 359 3712 apparebat.
389 3645 427 3697 Et
441 3651 534 3698 tamen
548 3650 664 3713 uterque
679 3661 728 3698 suo
743 3644 849 3698 intento
864 3642 984 3713 potitur:
1006 3641 1127 3697 Davides
1142 3640 1196 3696 Dei
1210 3639 1416 3712 magnificentia

119 3723 207 3778 meos
232 3720 274 3787 (et
297 3739 356 3776 cum
380 3742 412 3777 eo
429 3720 587 3788 Siracides),
612 3724 802 3793 quaoeli'ecit,
827 3731 858 3777 ut
884 3724 954 3776 baec
975 3723 1014 3776 sic
1028 3722 1113 3775 oculis
1127 3725 1414 3790 repraesentarentur,

122 3804 209 3858 etiam
224 3802 342 3875 mystico
356 3820 437 3857 sensu
452 3821 503 3873 per
516 3804 586 3858 baec
606 3804 728 3858 visibilia
745 3821 893 3873 expresso:
917 3805 1005 3858 Josua
1027 3820 1100 3865 vero,
1125 3807 1157 3856 ut
1169 3801 1215 3856 Sol
1239 3800 1282 3854 die
1304 3800 1414 3871 integro

119 3890 231 3939 mttsr
251 3883 323 3938 sibi
344 3884 372 3938 in
393 3885 463 3937 coeli
483 3883 570 3938 medio
594 3891 721 3954 respectu
746 3900 842 3938 sensus
862 3885 1000 3938 oculorum
1022 3900 1147 3946 suorum;
1170 3899 1230 3935 cum
1254 3880 1317 3935 aliis
1331 3881 1415 3934 bomi-

119 3981 142 4019 ιι
162 3965 261 4018 eodem
286 3964 416 4034 temporis
439 3965 530 4034 spatio
553 3965 605 4018 sub
629 3965 714 4019 'lerna
737 3971 898 4019 moraretur.

139 4051 196 4109 sed
220 4053 408 4125 incogitantes
431 4054 583 4123 respiciunt
605 4055 639 4106 ad
662 4054 751 4107 solam
773 4055 918 4106 verborum
944 4052 1177 4114 contrarietatem,
1205 4050 1253 4105 Sol
1276 4050 1363 4113 stetit,
1387 4049 1414 4103 id

124 4134 216 4189 ‘l'erra
239 4134 335 4196 stetit;
362 4151 416 4188 non
439 4135 650 4204 perpendentes,
679 4136 749 4205 quod
776 4134 848 4188 haec
876 4133 1057 4186 contrarietas
1081 4138 1189 4187 tantum
1212 4130 1287 4185 intra
1314 4130 1415 4184 limites

119 4230 166 4270 ces
187 4220 220 4269 et
239 4215 424 4269 astronomiae
448 4221 587 4278 nascatur,
611 4232 662 4268 nec
685 4215 745 4267 ideo
769 4232 799 4267 se
823 4220 977 4267 extrorsum
996 4213 1023 4266 in
1045 4230 1122 4266 usum
1144 4212 1282 4266 hominum
1302 4213 1414 4265 efferat:

134 4294 231 4350 ridere
253 4296 365 4358 volunt,
393 4295 445 4349 hoc
471 4295 580 4350 unicum
602 4294 630 4349 in
652 4295 724 4348 votis
747 4294 878 4349 habuisse
901 4296 1029 4357 insuam,
1056 4311 1091 4348 ne
1118 4298 1224 4347 montes
1247 4291 1300 4361 ipsi
1323 4291 1416 4346 Solem
1488 4333 1492 4338 Α

119 4382 216 4431 erent:
244 4377 316 4445 quod
343 4383 436 4429 votum
458 4376 550 4428 verbis
573 4374 709 4444 explicuit
732 4392 814 4428 sensu
836 4375 976 4428 oculorum
1003 4373 1200 4434 conformibus3
1229 4390 1288 4426 curn
1315 4371 1416 4444 impor-

179 4457 324 4510 admodum
342 4455 449 4519 ivisset,
474 4473 507 4508 eo
527 4462 650 4525 tempore
675 4457 708 4510 de
730 4454 899 4509 astronomia
921 4456 1008 4524 deque
1028 4454 1102 4509 visus
1122 4453 1259 4507 erroribus
1281 4452 1415 4524 cogitare.

119 4535 167 4607 pis
181 4535 254 4590 enim
268 4535 425 4599 monuisset,
445 4528 538 4591 Solem
553 4544 612 4589 'non
627 4553 692 4589 vere
706 4543 804 4590 contra
817 4536 917 4589 vallem
931 4535 1035 4604 Ajslon
1053 4533 1163 4596 moveri,
1183 4535 1230 4587 sed
1253 4535 1288 4588 ad
1307 4549 1417 4587 sensum

119 4621 191 4679 Ιιιις
215 4631 252 4671 an
276 4633 330 4671 non
353 4618 540 4671 exclamasset
561 4618 656 4679 Josua,
681 4633 711 4669 se
734 4623 830 4686 petere
854 4622 886 4669 ut
908 4614 965 4668 dies
988 4614 1040 4684 ipsi
1063 4616 1230 4684 producatur
1253 4629 1415 4685 quacunque

119 4694 224 4751 neom
246 4696 314 4750 fiat?
354 4697 457 4751 Eodem
480 4696 566 4767 igitur
588 4699 675 4760 modo,
700 4695 723 4749 si
746 4697 806 4765 quis
829 4696 882 4766 ipsi
906 4695 983 4750 litem
1006 4694 1136 4749 movisset
1158 4696 1192 4746 de
1206 4693 1278 4749 Solis
1301 4692 1416 4763 perenni

119 4780 161 4829 ste
180 4778 339 4849 'lenesque
362 4783 445 4834 motu.
486 4776 579 4831 Facile
602 4784 695 4831 antem
715 4776 791 4830 Deus
811 4795 848 4831 ex
866 4778 971 4831 iosuae
989 4774 1089 4838 verbis,
1105 4774 1168 4845 quid
1187 4773 1319 4837 invehet,
1334 4773 1415 4827 intel·

119 4854 141 4910 tt
163 4857 360 4931 prustititqua
378 4857 494 4915 inhibito
515 4863 592 4919 moto
604 4857 722 4922 anses
745 4863 778 4913 ut
795 4856 837 4914 illi
857 4863 934 4912 stare
951 4855 1091 4912 videretur
1101 4853 1158 4912 sot
1185 4853 1330 4910 Potitionis
1343 4851 1416 4909 enim
