3278 5550
609 284 651 366 tis
669 310 776 366 uorsus
794 310 888 365 asna
906 307 994 364 uua

667 527 786 626 Caput
812 525 941 602 XXX.

373 658 498 721 Tobata
519 659 693 723 distantiae
716 661 803 724 Solis
826 682 847 723 a
872 660 976 724 Terra
999 660 1126 743 ejusque
1146 680 1235 724 aare.

218 773 252 833 Iu
276 772 354 835 hunc
378 774 496 835 modum
521 784 692 838 exstructas
716 777 879 838 distantias
896 774 978 836 Solis
1002 785 1144 856 tanquam
1168 776 1206 836 ad
1223 772 1452 853 integrosgradus

126 861 292 923 anomaliae
317 874 501 942 coaequatae
526 865 619 926 totius
637 865 814 927 semicirculi
837 869 922 933 (narn
938 884 1013 943 quae
1031 865 1058 924 iu
1079 866 1174 926 altero
1195 862 1380 926 semicirculo
1393 870 1453 933 sunt,

124 951 292 1031 aequaliter
325 952 363 1013 ab
397 972 532 1031 apogaeo
566 954 714 1016 distantes
739 956 892 1022 cumbis,
917 954 1059 1034 aequales
1084 974 1199 1034 quoque
1224 952 1455 1023 sunthis)con-

120 1041 249 1121 jecimus
272 1040 321 1101 hic
345 1041 374 1101 in
399 1043 554 1117 tabellam,
579 1045 663 1123 cujus
688 1045 843 1105 columnae
868 1051 929 1105 tres
954 1051 1034 1105 sunt.
1082 1044 1115 1104 Iu
1139 1043 1250 1122 prima,
1285 1060 1371 1122 quarn
1394 1039 1456 1100 dixi-

21 1183 32 1203 ,
124 1149 189 1191 mus
213 1130 394 1192 anomaliam
419 1132 557 1207 mediam,
583 1141 654 1194 sunt
678 1134 779 1212 auguli
804 1135 889 1210 δβμ,
909 1133 994 1208 ott,
1018 1130 1096 1209 δβξ,
1114 1134 1187 1207 dtis,
1213 1133 1294 1208 δβν,
1320 1127 1458 1209 compositi

124 1239 160 1280 ex
184 1225 264 1295 dua,
281 1226 298 1280 t
305 1225 367 1294 αθ,
381 1218 464 1296 dai,
482 1228 552 1296 das,
569 1227 631 1283 dae
649 1223 833 1300 integrorum
844 1223 988 1302 graduum
1003 1221 1131 1299 angulis,
1148 1231 1179 1281 et
1193 1241 1231 1281 ex
1247 1238 1349 1283 eorum
1363 1238 1458 1299 aequa·

122 1310 253 1371 tionibus
277 1310 385 1388 opticis
410 1330 462 1372 seu
486 1313 625 1385 eccentri,
643 1304 724 1390 'puta
747 1315 832 1389 βμα,
853 1313 937 1388 tide,
955 1308 1036 1386 βξα,
1060 1312 1142 1388 βια,
1166 1313 1241 1386 dra.
1291 1310 1324 1369 ln
1349 1307 1460 1370 secunda

78 1464 98 1485 m
123 1397 287 1459 distantiae
325 1399 409 1478 ipsae
433 1422 499 1475 αμ,
523 1406 587 1475 αθ,
608 1399 664 1475 αξ,
687 1425 739 1474 αι,
755 1425 797 1462 aa
821 1401 1005 1461 collocantur
1030 1420 1045 1460 e
1070 1400 1201 1477 regione.
1248 1400 1284 1460 In
1309 1399 1399 1460 tertia
1419 1395 1459 1457 sub

122 1488 210 1548 titulo
236 1488 405 1549 anomaliae
429 1498 614 1571 coaequatae
639 1490 825 1551 collocantur
849 1488 951 1568 anguli
974 1490 1023 1549 hic
1048 1509 1104 1549 nou
1131 1488 1250 1566 depicti,
1277 1489 1331 1549 sed
1356 1504 1459 1568 quorum

120 1577 245 1656 originis
277 1577 353 1638 ratio
386 1579 496 1657 partim
525 1580 586 1659 jarn
611 1579 731 1651 statim,
754 1580 865 1658 partim
899 1577 1048 1657 capitibus
1073 1577 1192 1640 XXXI.
1217 1578 1284 1639 XL.
1311 1578 1457 1654 detegetur.

120 1665 268 1726 Existunt
307 1676 407 1728 autern
446 1687 500 1748 per
536 1669 771 1730 subtractionem
810 1667 1021 1748 aequationum
1061 1667 1227 1746 opticarum
1261 1668 1341 1743 αμβ
1374 1677 1459 1726 etca

121 1760 192 1830 δαμ
217 1763 274 1816 etc.
336 1757 443 1836 Itaque
472 1757 546 1836 ipsis
578 1763 648 1833 δαμ
678 1758 796 1836 augulis
829 1760 1013 1835 integrorum
1036 1756 1180 1835 graduum
1204 1756 1318 1816 nullam
1343 1755 1459 1815 dedimus

120 1845 304 1919 columnam,
345 1845 415 1924 qnia
444 1858 514 1907 sunt
542 1847 672 1908 medium
705 1846 926 1908 arithmeticum
965 1847 1043 1906 inter
1072 1846 1274 1906 columnarum
1309 1844 1460 1905 lateralium

120 1934 246 2014 angulos
286 1943 318 1994 et
355 1934 397 1996 sic
426 1954 458 1995 se
492 1935 566 2014 ipsis
600 1936 687 1997 facile
713 1936 933 2014 intelliguntur,
968 1954 1023 1995 nec
1048 1935 1114 1994 usui
1139 1944 1224 2008 suut,
1255 1942 1289 1994 ut
1313 1934 1459 1994 audiemus.

208 2024 368 2101 Ingressus
399 2043 470 2104 ergo
499 2044 565 2086 curu
596 2025 748 2086 anomalia
776 2026 875 2085 media
897 2023 946 2083 vel
970 2031 1156 2103 coaequata,
1181 2031 1269 2103 prout
1294 2042 1366 2084 usus
1391 2023 1460 2091 ieret,

118 2112 264 2174 utralibet
286 2112 315 2173 in
341 2132 396 2174 sua
418 2114 540 2192 propria
563 2114 702 2176 columna
726 2114 873 2194 quaesita,
898 2113 947 2173 vel
971 2132 1036 2174 curn
1061 2113 1236 2174 alterutrius
1259 2112 1461 2190 complemento

120 2203 159 2263 ad
183 2202 333 2280 integrum
357 2202 509 2278 circulum,
533 2204 584 2265 ubi
608 2203 825 2265 semicirculum
849 2203 916 2281 ipsa
940 2202 1115 2276 excesserit,
1139 2202 1273 2263 invenies
1299 2199 1459 2261 distantiam

119 2290 203 2354 Solis
227 2311 246 2350 a
269 2291 363 2352 Terra
394 2292 581 2372 quaesitam,
614 2293 804 2372 inpartibus
829 2290 959 2371 qualium
990 2291 1093 2353 radius
1118 2291 1199 2353 orbis
1223 2300 1272 2352 est
1295 2286 1420 2353 100000
1438 2295 1461 2347 et

121 2379 335 2442 eccentricitas
362 2378 458 2444 1800.

209 2470 324 2531 Verum
348 2478 405 2546 est,
429 2471 509 2551 quod
533 2470 589 2531 hoc
612 2477 702 2549 pacto
728 2469 812 2542 (dum
837 2467 1015 2529 distantiam
1040 2465 1085 2540 αζ
1109 2468 1210 2546 auguli
1234 2464 1303 2541 ᾶαζ
1322 2465 1461 2528 tribuimus

118 2558 243 2638 angulo,
276 2558 325 2640 qui
355 2567 441 2621 tanto
473 2567 522 2621 est
544 2558 640 2620 minor
662 2560 727 2638 ipso
753 2554 840 2632 δαζ,
872 2566 982 2636 quanto
1006 2554 1073 2629 δαζ
1092 2559 1187 2619 minor
1211 2565 1257 2618 est
1283 2576 1373 2637 quam
1396 2549 1461 2632 ὅβζ)

120 2648 274 2727 affingitur
307 2648 443 2710 circuitui
468 2650 579 2710 Terrae
613 2649 677 2722 (vel
702 2646 800 2721 Solis)
830 2647 912 2708 circa
936 2671 955 2707 a
980 2647 1029 2707 via
1052 2666 1108 2707 nou
1133 2647 1221 2726 plane
1246 2645 1401 2708 circularis
1422 2639 1463 2703 sed

122 2737 231 2799 ovalis.
278 2736 358 2799 Nam
384 2739 453 2818 quia
477 2739 623 2817 (exempli
648 2737 763 2816 gratia)
789 2736 936 2798 distantia
964 2732 1012 2807 αζ
1032 2744 1188 2796 exstructa
1207 2744 1255 2796 est
1269 2755 1324 2815 per
1341 2733 1462 2814 angulum

120 2823 194 2901 δαζ
225 2823 287 2890 900
313 2827 512 2906 integrorum,
551 2836 583 2887 et
611 2828 741 2908 positum
772 2825 828 2886 fuit
852 2827 881 2887 in
907 2826 1093 2905 operatione,
1118 2826 1195 2885 hunc
1219 2821 1379 2897 delesse
1402 2838 1461 2882 ano·

121 2916 244 2978 maliam
268 2925 482 2995 coaequatam,
502 2917 565 2996 jam
589 2935 661 2977 vero
681 2916 798 2994 juberis
822 2915 986 2976 distantias
1011 2934 1171 2994 excerpere
1190 2933 1245 2994 per
1260 2913 1387 2993 angulos
1402 2928 1462 2972 auo·

120 3005 241 3075 malias,
267 3021 342 3082 quae
366 3005 396 3066 in
420 3013 525 3066 nostra
548 3005 653 3066 tabula
677 3015 844 3083 coaequata
868 3003 993 3078 dicitur,
1024 3003 1185 3065 diminutos
1210 2995 1462 3081 prosthaphaeresi

120 3089 204 3173 βαζ,
239 3091 365 3173 ideoque
390 3095 517 3167 accidit,
551 3103 585 3154 ut
614 3113 668 3173 per
696 3091 739 3157 90
763 3114 819 3155 uon
845 3113 990 3173 excerpas
1014 3088 1137 3162 99984,
1172 3111 1237 3153 curn
1271 3100 1372 3153 tarnen
1394 3087 1461 3170 prius

119 3203 174 3263 per
194 3178 237 3244 90
261 3182 446 3243 exstruxeris
462 3179 589 3246 99984ε
615 3203 684 3244 nam
702 3183 749 3244 bic
769 3184 833 3263 jam
850 3202 866 3243 ε
883 3183 1002 3261 regione
1023 3178 1262 3245 attestareris
1282 3188 1461 3261 coaequatam

122 3269 182 3335 880
206 3267 260 3332 580
285 3271 338 3344 700,
361 3292 437 3351 quae
461 3292 519 3332 non
544 3281 593 3333 est
616 3282 688 3333 tua:
712 3274 868 3353 proposita
892 3281 939 3333 est
955 3290 1080 3353 namque
1095 3269 1149 3332 tibi
1165 3266 1233 3344 90⁰,
1259 3289 1336 3350 quae
1355 3265 1461 3330 iuferius

122 3359 260 3441 quaesita
284 3360 404 3420 exhibet
428 3358 547 3435 99953,
573 3381 639 3423 cum
659 3362 775 3442 exlege
792 3361 893 3423 circuli
916 3358 962 3433 αζ
982 3362 1029 3422 vel
1053 3383 1100 3437 aq
1123 3358 1260 3422 debuerit
1275 3378 1342 3420 esse
1359 3348 1461 3420 99984·

121 3453 226 3529 Itaque
258 3468 361 3510 omnes
396 3450 559 3512 distantiae
584 3452 753 3513 minuuntur
778 3453 816 3512 ad
841 3452 953 3524 latera,
983 3450 1112 3511 maxime
1144 3449 1224 3510 circa
1246 3444 1277 3523 ζ,
1297 3471 1327 3525 η,
1353 3442 1461 3508 nihilir

122 3547 154 3616 δ,
180 3563 201 3600 ε.
258 3538 325 3609 Quo
353 3549 442 3619 pacto
469 3542 558 3620 plane
588 3541 685 3601 oralis
714 3559 768 3619 pro
797 3540 934 3601 circulari
971 3541 1022 3599 sua
1051 3537 1251 3600 substituitur.
1307 3538 1391 3598 Idem
1418 3528 1464 3594 tibi

120 3629 248 3703 eveniet,
273 3628 299 3688 si
323 3648 377 3708 per
393 3629 574 3691 anomaliarn
593 3629 724 3691 mediam
740 3629 793 3691 tibi
811 3630 930 3691 aliunde
946 3629 1078 3690 oblatam
1095 3627 1187 3688 fueris
1201 3627 1366 3707 ingressus.
1396 3622 1463 3686 Nam

125 3717 277 3780 anomalia
300 3718 399 3778 media
423 3718 539 3779 notavit
562 3738 662 3798 supra,
689 3738 753 3779 cum
779 3719 900 3780 schema
924 3718 1157 3791 describeretur,
1193 3717 1320 3794 angulos
1349 3712 1422 3795 apud
1439 3730 1459 3788 γ-

122 3807 192 3870 Jarn
217 3814 318 3868 autern
342 3807 510 3887 ingrederis
529 3826 583 3887 per
598 3808 724 3888 angulos
740 3809 817 3889 apud
842 3810 870 3885 β,
895 3807 1024 3868 minores
1039 3807 1100 3867 illis
1116 3807 1153 3866 ad
1176 3828 1192 3883 y
1213 3792 1464 3885 prosthapuaeresi

124 3898 235 3977 optica.
282 3895 324 3957 Et
348 3892 407 3958 91⁰
433 3895 462 3957 10
486 3894 551 3960 5300
575 3897 743 3958 anomaliae
767 3897 885 3959 mediae
910 3897 1032 3957 exhibet
1055 3895 1110 3956 tibi
1134 3891 1254 3958 99981.
1293 3892 1392 3974 Supra
1404 3903 1463 3949 vero

124 3982 228 4049 tantus
253 3994 321 4047 erat
344 3982 421 4060 θβζ,
446 4005 541 4066 neque
565 3995 666 4047 tamen
691 3987 731 4047 ibi
748 3996 814 4048 erat
837 3985 987 4048 anomalia
1011 3984 1117 4056 media,
1143 4003 1212 4044 narn
1235 3983 1290 4044 illa
1306 3968 1468 4056 fuerattri

126 4077 221 4137 adhuc
252 4075 363 4156 major:
399 4076 499 4155 itaque
531 4071 591 4138 91⁰
621 4073 650 4136 1‘
679 4072 743 4137 5300
781 4076 931 4137 anomalia
961 4075 1015 4135 illa
1046 4073 1145 4135 media
1175 4078 1385 4134 construxerat
1412 4066 1462 4130 illic

128 4166 294 4243 longiorem
327 4165 519 4237 distantiam,
567 4184 654 4245 quam
694 4165 828 4245 ejusdem
860 4166 908 4225 hic
941 4162 1154 4243 magnitudinis
1194 4162 1347 4225 anomalia
1382 4154 1463 4222 mstis

126 4251 187 4317 91⁰
212 4253 241 4315 10
265 4251 329 4316 5300
353 4255 399 4315 hic
424 4253 554 4315 exhibet.
601 4255 753 4327 Totum,
791 4254 926 4333 iuquam,
965 4254 1021 4315 hoc
1051 4271 1175 4312 verum
1199 4257 1273 4313 est.
1322 4251 1383 4312 Sed
1404 4240 1463 4309 nibil

128 4351 194 4414 est,
225 4362 277 4403 cur
306 4351 337 4403 te
367 4343 505 4424 impediri
533 4342 671 4423 patiaris.
721 4343 859 4417 Etenim,
893 4343 962 4423 quia
994 4341 1031 4402 de
1064 4341 1150 4401 unius
1175 4340 1287 4420 gradus
1312 4331 1463 4402 differentia

127 4433 235 4511 agitur,
261 4431 346 4492 vides
371 4432 533 4494 distantias
556 4432 638 4493 iutra
660 4452 749 4493 unum
773 4433 897 4511 gradum
921 4450 979 4493 non
995 4431 1062 4510 plus
1077 4427 1116 4492 31
1136 4429 1293 4509 particulis
1309 4431 1346 4491 de
1362 4433 1463 4491 centua

130 4520 262 4583 millibus
286 4521 411 4582 variari:
436 4523 537 4603 itaque
561 4516 636 4582 nihil
659 4521 801 4583 sensibile
826 4529 983 4594 erraretur,
1008 4520 1065 4581 etsi
1089 4519 1144 4580 hoc
1167 4527 1362 4600 praepostere
1385 4518 1461 4580 fieret

128 4609 260 4672 Causam
283 4618 384 4672 autern
406 4609 493 4690 hujus
518 4610 570 4686 rei,
597 4610 738 4689 analogia
760 4618 925 4672 ceterorum
950 4610 1138 4690 planetarum
1162 4608 1253 4671 ctiam
1278 4608 1307 4670 in
1332 4604 1463 4671 theoriam

127 4698 208 4761 Solis
238 4698 456 4773 deducendam,
475 4699 564 4761 'infra
594 4718 661 4779 cap.
685 4698 801 4761 XLIV.
826 4706 942 4780 etseq.
979 4697 1123 4760 invenies.
1170 4698 1239 4761 Non
1263 4697 1366 4778 itaque
1388 4710 1462 4778 prae·

127 4797 258 4868 postera,
283 4787 336 4849 sed
360 4788 527 4853 rectissime
550 4790 607 4850 hoc
630 4791 673 4864 fit,
698 4789 776 4869 quod
800 4789 977 4868 qualitatem
999 4789 1110 4850 attinet
1129 4787 1243 4866 figurae
1259 4787 1465 4870 quamquam

128 4877 272 4967 describit
295 4876 478 4958 suppositae.
