3278 5550
447 294 479 349 de
495 295 686 349 muscast
704 296 736 348 de
753 301 822 348 notu
839 297 929 351 stellae
945 297 1043 352 ilerde.

150 473 290 536 manitus
307 475 401 539 itaque.
419 487 453 525 arr
471 475 497 524 in
514 475 561 525 tali
579 473 737 540 dispositione
747 474 783 536 0⁸,
802 489 858 525 cum
877 473 945 525 side-

105 551 122 596 rt
141 545 231 612 anguli
248 547 296 597 sibi
307 554 392 597 mutam
411 552 550 603 occurrunt,
569 548 662 598 usitmo
674 563 742 597 more
762 547 868 612 angulus
879 546 947 595 BOA

113 617 246 669 muntiis
263 618 305 679 (ut
322 615 397 676 solet)
415 618 448 666 sit
465 617 614 668 auferendus
631 634 675 683 pro
694 619 814 670 distantia
832 615 858 678 0⁸
878 632 895 668 a
912 613 944 680 Θ

105 689 192 746 κώ.
211 689 250 740 rel
268 705 319 754 qus
333 690 433 739 ratium
451 689 476 739 id
494 690 631 739 rectissime
648 689 715 740 fiat?

152 761 208 826 Ego
219 767 280 826 puto
293 761 426 811 &mutim
438 775 510 811 veras
522 760 547 820 d
563 763 588 809 iu
605 759 776 826 quadrangulo
788 759 835 809 hoc
847 758 944 817 BXAS.

105 832 271 884 rddistentia
296 833 373 884 canui
397 832 529 883 eccentrioi
548 846 564 882 a
582 831 640 882 Sole
658 833 684 881 iu
701 831 748 882 hoc
765 832 865 896 negotio
884 846 944 881 con·

105 904 191 961 uitur,
218 905 313 955 udtsto
340 903 413 954 niodo
430 918 481 953 non
499 917 553 953 esse
575 903 750 969 inquirendas,
780 918 836 953 cum
859 902 944 968 auguli

105 974 132 1026 rc
148 981 177 1027 et
194 973 264 1026 ABG
282 975 328 1025 sibi
345 981 431 1025 mutuo
450 980 587 1025 occunent

152 1046 235 1097 'fuam
260 1048 346 1112 itaque
364 1061 494 1097 ementem
512 1046 543 1096 dc
568 1054 613 1097 tua
637 1045 767 1110 hypothesi
794 1059 943 1110 cognoscere

105 1119 137 1182 plo
153 1120 182 1168 in
198 1117 248 1169 hoc
267 1132 336 1168 cun.
372 1117 495 1182 Expedita
522 1118 585 1167 alies
603 1133 642 1168 res
667 1124 721 1174 est,
748 1116 790 1166 ubi
817 1117 943 1166 euomsha

105 1205 144 1241 Ι
159 1184 210 1239 0⁰⁰
227 1189 267 1241 vel
285 1192 365 1254 rnslor
382 1184 433 1239 00ο
451 1182 502 1237 15³.
537 1189 663 1240 Adhibeas
681 1187 877 1238 observationem
895 1187 943 1237 loci
1042 1164 1075 1236 Ἃ
1097 1204 1103 1217 ·

112 1262 171 1313 ω·
188 1258 233 1311 es.
252 1257 277 1310 r.
298 1259 361 1311 use.
379 1261 405 1311 a
426 1257 451 1308 r.
472 1262 499 1311 a
518 1257 566 1309 10⁰
585 1257 628 1311 ee
648 1254 671 1317 u
689 1266 717 1310 a
733 1260 841 1320 esses,
868 1273 942 1324 quam
1078 1220 1302 1327 *mals

105 1331 285 1399 umorem
303 1326 424 1383 dhuoda
441 1332 532 1382 usitato
551 1332 623 1382 modo
642 1337 754 1396 accepta
774 1354 809 1365 -

153 1405 195 1454 Au
212 1418 285 1455 rusus
297 1404 382 1455 literas
400 1418 484 1454 omues
496 1403 544 1454 hoc
560 1417 626 1454 anno
646 1404 770 1467 acceperis
787 1402 850 1452 :dre
869 1402 949 1466 cupio,
967 1410 1027 1469 puto
1045 1418 1133 1470 nempe
1151 1420 1192 1456 me
1210 1406 1243 1456 sd
1260 1406 1387 1459 nriulurum
1405 1406 1423 1457 4

153 1547 194 1598 hd
211 1546 278 1597 hacc
297 1545 457 1610 Keplerus
483 1545 596 1595 rescribit
611 1547 638 1594 iu
655 1545 733 1594 literis
751 1560 795 1609 per
821 1550 943 1596 aetutem
970 1548 1029 1597 anni
1055 1544 1134 1599 1005.
1158 1551 1319 1614 conscriptis,
1346 1550 1423 1602 unm

113 1616 154 1668 1¹.
175 1618 234 1669 Oct
254 1618 289 1669 ad
306 1614 341 1665 to
359 1618 464 1682 paginas
482 1618 508 1666 iu
526 1615 584 1666 folio
602 1617 817 1674 excrescentibus,
846 1618 929 1667 omnla
954 1632 1019 1684 quae
1037 1619 1163 1671 Fabricius
1187 1621 1262 1671 dubia
1288 1622 1425 1687 protulerat

105 1691 218 1746 dnus,
239 1688 273 1739 ad
291 1689 445 1738 omnimodas
463 1689 620 1754 quaestiones
638 1687 789 1752 respondens
808 1685 842 1749 (v.
863 1686 918 1738 Vol.
937 1688 959 1748 1,
978 1704 1001 1754 p.
1016 1686 1068 1739 340
1081 1706 1113 1740 ss.
1133 1699 1160 1741 et
1177 1690 1233 1742 Vol.
1252 1691 1283 1754 11,
1302 1710 1327 1758 p.
1341 1691 1375 1742 97
1388 1709 1431 1745 ss.

105 1760 126 1813 0.
143 1768 173 1812 et
189 1776 246 1826 seq.
264 1767 351 1810 muot-
370 1757 427 1821 21).

151 1832 229 1885 usse
250 1831 282 1881 de
300 1845 374 1896 opere
392 1845 437 1881 suo
454 1837 544 1881 uotam
561 1831 674 1897 digniora
690 1830 805 1895 proponit
822 1829 962 1894 Keplerus:

151 1903 246 1976 Quae
269 1899 417 1965 hactenns
440 1904 470 1965 in
492 1922 559 1965 meo
572 1903 673 1966 Marte
692 1903 869 1983 profecerim
883 1903 1024 1984 accipies.
1063 1902 1140 1968 Cum
1155 1906 1287 1969 viderem
1302 1905 1422 1969 distan-

105 2015 125 2059 s
144 2013 185 2058 ex
208 1993 350 2074 perfecto
373 1993 484 2054 circulo
507 1993 676 2055 eccentrico
695 1999 865 2053 exstructas
880 2011 956 2071 pene
975 2001 1092 2055 tantum
1111 2013 1237 2075 peccare
1252 1995 1282 2056 in
1298 2013 1424 2058 excessu

105 2104 142 2149 ιι
163 2083 268 2166 quoad
293 2101 327 2144 se
350 2081 434 2161 ipsas
457 2089 613 2143 eteorum
636 2081 775 2143 ellectum
804 2082 832 2142 in
861 2083 1182 2162 prosthaphaeresibus
1211 2083 1292 2146 orbis
1323 2084 1424 2157 annui,

105 2193 150 2237 n
172 2171 288 2254 quoad'
305 2171 499 2251 aequatioues
523 2171 681 2245 eccentri),
706 2177 849 2250 quantum
873 2172 988 2251 ellipsis
1011 2191 1079 2235 mea
1103 2175 1194 2252 (quae
1208 2192 1369 2253 perparum
1385 2174 1424 2234 ab

105 2262 142 2329 uli
163 2261 298 2335 differt),
323 2279 412 2342 quam
426 2260 480 2322 tibi
495 2259 670 2322 innumeris
693 2259 864 2340 perscripsi,
888 2261 1035 2340 peccabat
1058 2262 1087 2323 iu
1104 2263 1232 2336 deiectu,
1257 2263 1424 2325 rectissime
1458 2306 1461 2312 ,

208 2357 447 2430 argumentatus
470 2350 500 2411 iu
523 2349 601 2411 hunc
623 2348 758 2411 modum:
788 2349 917 2412 circulus
948 2358 979 2412 et
1009 2351 1124 2430 ellipsis
1155 2359 1227 2412 snut
1259 2371 1297 2412 ex
1320 2350 1425 2413 eodem

105 2460 224 2522 ptum
251 2457 365 2520 genere
389 2446 422 2500 et
443 2446 572 2518 peccant
595 2437 761 2520 aequaliter
783 2438 813 2499 iu
839 2438 969 2511 diversa,
998 2458 1069 2517 ergo
1094 2440 1207 2502 veritas
1230 2441 1373 2501 consistit
1394 2441 1423 2502 iu
1495 2472 1504 2482 =

105 2530 174 2606 ab,
192 2539 227 2593 et
253 2531 368 2608 figuras
391 2527 541 2608 ellipticas
574 2527 688 2589 mediat
717 2526 835 2589 nonnisi
863 2528 988 2607 ellipsis.
1035 2531 1141 2608 ltaque
1170 2529 1289 2590 ornniuo
1312 2529 1424 2590 Martis

105 2617 191 2681 'uest
206 2617 341 2699 ellipsis,
364 2625 485 2679 resecta
507 2617 609 2678 lunula
633 2616 772 2682 dimidiae
796 2617 964 2679 latitudiuis
986 2617 1133 2697 pristinae
1157 2617 1308 2696 ellipseos.
1348 2617 1426 2678 Erat

105 2712 173 2771 11
188 2710 255 2771 hta
280 2707 385 2768 lunula
407 2703 474 2770 858
497 2706 533 2767 de
568 2703 705 2778 100000,
736 2724 806 2785 ergo
835 2705 938 2768 debuit
968 2725 1035 2767 esse
1064 2708 1129 2767 lata
1159 2703 1234 2780 429,
1268 2724 1344 2785 quae
1377 2714 1427 2767 est

105 2802 154 2861 a
176 2797 315 2861 certatio
349 2795 562 2858 distantiamm
594 2795 622 2857 in
661 2794 896 2873 longitudinibus
927 2796 1036 2857 mediis
1075 2816 1111 2856 er
1146 2797 1280 2877 perfecto
1313 2795 1424 2857 circulo

105 2892 299 2951 mmm.
335 2883 403 2959 Hic,
427 2885 556 2964 iuquam,
580 2884 695 2946 veritas
717 2884 785 2964 ipsa
807 2891 865 2946 est.
903 2884 948 2946 At
969 2884 1048 2960 vide,
1072 2885 1219 2965 quomodo
1234 2902 1289 2964 ego
1308 2883 1426 2945 interea

105 2994 175 3041 m
196 2974 410 3041 hallucinatus
433 2974 517 3036 etin
540 2991 650 3035 novum
672 2972 804 3035 laborem
827 2966 980 3054 conjectus
1004 2974 1123 3047 fuerim3
1147 2974 1207 3037 imo
1231 2974 1310 3048 vide,
1335 2992 1424 3053 quam

105 3064 167 3131 'aue
181 3065 339 3146 trepidem
353 3063 579 3144 superinventa
592 3062 733 3135 veritate,
752 3063 914 3125 secuudum
929 3062 1020 3125 illud:
1046 3065 1116 3144 „qui
1131 3082 1281 3144 uunquam
1296 3061 1424 3132 dubitat,

105 3174 214 3239 nqum
237 3161 344 3218 certus
367 3160 415 3227 est
434 3153 518 3215 dere
542 3152 673 3232 aliqua.“
711 3151 838 3232 Ellipsis
862 3153 915 3214 illa
937 3153 1067 3231 pristina
1082 3172 1148 3215 cum
1168 3151 1335 3217 certatione
1359 3148 1424 3214 858

105 3243 166 3309 hit
186 3261 320 3309 cansam
344 3242 512 3304 naturalem
535 3241 623 3321 hanc,
647 3249 682 3303 ut
704 3241 837 3303 dicatur:
866 3250 1002 3304 centrum
1026 3242 1152 3322 epicycli
1175 3242 1261 3303 tarde
1285 3241 1423 3302 incedere

105 3334 178 3398 noo
200 3334 336 3414 planeta
358 3339 496 3393 versatur
514 3329 544 3391 in
563 3348 698 3411 apogaeo
723 3330 859 3414 epicycli,
882 3332 1028 3394 velociter
1047 3332 1142 3405 infra;
1160 3330 1331 3413 epicyclum
1353 3346 1424 3390 vero

105 3440 158 3487 n
181 3420 368 3503 aequalibus
391 3419 574 3501 temporibus
598 3420 736 3481 incedere
760 3419 936 3500 aequaliter.
974 3421 1040 3481 Hoc
1055 3428 1122 3483 erat
1136 3419 1326 3481 mediocriter
1349 3437 1425 3480 con·

105 3522 242 3577 uncum
265 3518 406 3572 naturae.
452 3509 523 3571 Jam
537 3527 616 3583 vero,
642 3509 668 3570 si
691 3509 806 3589 ellipsis
821 3516 904 3570 esset
920 3529 987 3572 cum
1002 3510 1170 3571 curtatione
1185 3505 1260 3583 429,
1285 3507 1426 3569 carebam

105 3618 155 3665 u
175 3598 323 3664 naturali.
360 3599 441 3662 Nam
464 3599 625 3662 absurdum
650 3605 724 3674 erat,
750 3606 885 3659 centrum
909 3598 1035 3680 epicycli
1059 3599 1196 3660 incedere
1212 3595 1421 3676 inaequaliter,

105 3688 339 3759 tumiemntiam
362 3686 488 3770 epicycli
511 3707 566 3749 uec
589 3687 756 3768 aequaliter
778 3706 832 3748 nec
855 3688 1072 3768 inaequalitate
1101 3687 1195 3769 ipsius
1225 3685 1336 3758 centri,
1367 3684 1423 3745 sed

105 3779 287 3862 esqualitate
318 3776 478 3856 peculiari,
517 3795 594 3857 quae
626 3783 710 3838 esset
743 3775 867 3838 dimidia
888 3779 1013 3840 saltem
1049 3775 1276 3858 inaequalitatis
1313 3773 1422 3835 centri.

105 3887 182 3951 rqoor
206 3867 292 3931 enirn
310 3866 377 3947 jam
400 3874 499 3928 tecum
521 3885 579 3929 non
604 3885 641 3928 ex
663 3864 738 3928 meis
756 3863 919 3928 Commeu-
1113 3918 1140 3968 F.
1187 3915 1220 3967 ³2

105 3956 166 4034 ὥ,
188 3959 223 4022 b.
239 3977 267 4020 e.
285 3954 453 4018 rationibus
471 3953 667 4031 naturalibus,
691 3955 746 4017 sed
760 3974 799 4016 ex
811 3954 919 4016 Ptole·
1133 3933 1183 4021 ¹⁸st
1222 3953 1229 3967 '

105 4066 149 4110 see
171 4056 206 4108 et
231 4046 360 4124 antiqua
382 4044 576 4119 astronomia,
600 4053 635 4106 ut
657 4063 704 4105 me
728 4043 841 4124 capias.
1020 4084 1024 4108 .
1057 4070 1060 4073 ·
1192 4020 1210 4064 ¹

151 4136 204 4200 Sit
217 4136 250 4199 A
265 4133 330 4209 Sol,
354 4133 413 4196 ΑΕ
428 4135 508 4197 linea
526 4133 675 4214 apsidum,
696 4133 757 4196 AD
779 4130 918 4209 100000,
999 4148 1035 4179 Χ

105 4220 228 4290 usati
241 4233 276 4287 et
292 4222 317 4288 0
331 4231 474 4304 puuctum
489 4222 685 4303 aequalitatis
703 4230 803 4285 motus
823 4222 918 4302 ipsius
1005 4283 1009 4295 ,
1056 4235 1097 4269 's

117 4314 214 4377 centri
237 4312 375 4395 epicycli.
422 4314 528 4392 ltaque
552 4313 577 4373 si
602 4310 689 4374 GDR
710 4311 790 4372 linea
813 4311 918 4372 deter-
1005 4301 1009 4314 '

105 4402 194 4468 'naret
221 4404 318 4466 etiam
348 4421 515 4483 apogaeum
545 4420 647 4463 verum
675 4399 819 4483 epicycli,
847 4407 917 4462 tuuc

105 4491 225 4555 :itinere
247 4492 392 4573 planetae
406 4492 491 4555 fieret
506 4491 659 4571 perfectus
674 4491 811 4552 circulus.
836 4490 916 4551 Nam

105 4588 157 4644 itta
177 4582 236 4644 DF
257 4580 406 4661 parallela
429 4581 487 4660 ipsi
505 4579 572 4655 Ac,
592 4579 680 4642 RDO
704 4586 815 4660 aequat
828 4576 916 4641 ADG

105 4668 215 4735 ’,000Ἴ
237 4678 351 4750 aequet
380 4669 482 4744 DAE,
515 4678 547 4731 et
576 4668 661 4732 RDF
693 4675 804 4750 aequat
832 4665 916 4729 DCE

105 4759 249 4823 maiheu
271 4759 416 4834 mediam,
444 4759 516 4840 quia
538 4766 609 4821 suut
632 4759 766 4839 aequalis
790 4756 915 4820 restitu-

105 4847 161 4912 ὠ
180 4847 334 4941 epicyclm
357 4858 390 4927 et
411 4847 636 4923 concentricus,
659 4848 709 4916 hio
731 4866 802 4910 vero
825 4846 915 4929 plane
