3278 5550
147 254 213 328 302
434 230 439 239 ’
626 262 668 315 n·
684 260 794 316 mesa
812 259 906 347 sara
923 258 1012 315 aaa·

235 439 301 504 Hoc
323 447 414 521 pacto
437 458 578 504 accessus
600 441 652 505 ille
674 441 848 506 libratorius
871 441 949 505 citra
971 440 1080 503 mentis
1096 458 1220 521 operam
1234 460 1255 503 a
1268 439 1300 503 vi
1313 460 1408 523 magur

148 531 240 594 insita
263 529 382 613 quidem
405 535 436 592 et
459 529 609 605 solitaria,
639 533 807 612 perficitur,
836 533 891 593 sed
914 531 998 611 cujus
1022 540 1122 592 tamen
1145 529 1282 593 delinitio
1305 529 1408 594 alceir

146 640 270 701 corpore
293 618 376 683 Solis
398 619 557 700 dependet
602 621 750 686 Definitur
780 621 857 683 enim
885 620 931 683 vis
954 619 1037 682 Solis
1069 628 1218 702 appetens
1247 620 1360 684 veleb
1384 638 1408 683 er

147 711 242 791 giens.
285 710 335 773 Ac
364 708 423 771 etsi
452 707 499 771 vis
521 709 597 771 haec
620 710 698 772 inter
721 717 888 791 magnetes,
911 729 987 790 quae
1011 709 1079 771 illos
1104 709 1277 790 conjungit,
1314 709 1404 773 debet

145 807 261 873 mutua,
285 817 341 879 ego
368 816 441 860 vero
471 816 563 879 supra
588 817 652 880 cap.
676 799 830 863 XXXIX.
856 799 893 860 de
916 798 988 861 Sole
1011 798 1120 879 negavi
1142 798 1204 860 vim
1230 798 1408 880 planetam

145 887 332 951 tractricem:
361 886 587 968 intelligebatur
613 894 714 950 tamen
745 888 951 953 tantummodo
974 906 1054 950 mere
1078 888 1255 965 attractrix,
1287 896 1325 951 ut
1346 907 1408 951 exi

145 987 218 1060 pato
242 984 418 1057 argumento
440 984 537 1058 patet.
582 978 640 1041 Hic
664 987 765 1040 autem
788 978 909 1058 ponitur
932 977 1019 1039 simul
1043 976 1214 1053 attractrix,
1240 976 1408 1041 simulatio

145 1066 300 1149 repultrix.
347 1066 408 1128 Vel
430 1065 523 1128 etiam
545 1066 603 1128 hoc
625 1076 770 1146 ponatur,
795 1076 828 1129 ut
850 1067 905 1130 Sol
926 1066 1024 1129 instar
1046 1067 1118 1128 ferri
1141 1067 1272 1130 nondum
1295 1066 1401 1130 imbuti

144 1157 298 1219 tummodo
328 1164 465 1237 petatur,
493 1175 553 1217 non
582 1155 717 1218 vicissim
743 1164 844 1238 petat:
874 1175 941 1218 cum
958 1155 1068 1237 ipsius
1091 1156 1247 1218 filamenta
1268 1156 1408 1238 suprair

144 1245 317 1320 circularia,
345 1246 535 1326 planetarum
558 1263 628 1308 vero
651 1245 700 1306 hic
722 1255 871 1326 ponantur
893 1252 986 1329 recta.

231 1334 351 1399 Sufficit
372 1333 446 1396 mihi
468 1353 506 1395 ex
528 1334 586 1396 hoc
610 1337 746 1416 exemplo
772 1335 924 1414 magnetis
946 1334 1172 1396 demonstrasse
1195 1333 1408 1414 possibilitate}

142 1426 175 1487 in
202 1440 322 1505 genere.
370 1421 511 1486 Ceterum
540 1423 578 1484 de
609 1442 642 1485 re
675 1423 743 1503 ipsa
772 1425 803 1487 in
831 1423 932 1504 specie
955 1423 1083 1501 ambigo.
1129 1423 1208 1485 Nam
1239 1425 1321 1504 quod
1344 1422 1408 1486 Tell

143 1513 267 1590 attinet,
291 1520 405 1575 certum
428 1520 493 1585 est,
516 1531 604 1574 axem
627 1512 709 1592 ejus,
741 1514 826 1594 cujus
850 1512 998 1593 aequabili
1022 1521 1054 1573 et
1076 1512 1296 1593 aequidistanti
1330 1512 1408 1576 diret

144 1603 213 1665 anni
257 1610 395 1682 tempora
428 1602 596 1664 efficiuntur
632 1601 662 1663 in
694 1603 814 1682 punctis
844 1601 1066 1676 cardinalibus,
1097 1601 1231 1681 ineptum
1259 1622 1331 1664 esse
1355 1602 1394 1667 ad

143 1691 333 1754 librationem
356 1693 449 1754 etad
471 1690 637 1770 aphelium‚
663 1710 730 1754 cunr
753 1691 835 1754 Solis
859 1710 1026 1771 apogaeum
1044 1690 1093 1752 vel
1108 1692 1219 1753 Terrae
1240 1691 1408 1770 aphelium]

143 1800 220 1862 pene
249 1780 400 1845 coincidet
428 1799 494 1842 cum
516 1779 635 1859 punctis
667 1781 894 1856 solstitialibus,
924 1800 982 1842 non
1016 1798 1086 1840 vero
1114 1798 1180 1842 cum
1212 1780 1408 1861 aequinoctia*¹

145 1871 227 1951 quod
249 1869 336 1933 nobis
360 1876 443 1932 esset
465 1877 663 1950 opportunum
670 1888 679 1943 ;
708 1889 763 1932 nec
792 1870 938 1932 manserit
960 1869 990 1930 in
1014 1869 1120 1931 eadem
1142 1869 1312 1932 remotione
1335 1889 1408 1952 apr

145 1959 358 2022 cardinalibus.
405 1956 522 2029 Quodsi
544 1958 594 2020 hic
617 1958 684 2020 axis
707 1978 766 2020 non
789 1968 838 2021 est
860 1960 993 2032 idoneus,
1018 1957 1116 2021 nullus
1139 1958 1168 2019 in
1192 1966 1258 2021 toto
1278 1959 1408 2021 Telluris

144 2068 217 2129 pore
240 2049 365 2111 idoneus
389 2066 456 2110 esse
481 2046 607 2123 videtur,
631 2066 697 2110 cum
720 2048 820 2111 nullus
843 2048 909 2128 ejus
932 2056 1048 2109 tractus
1062 2047 1113 2120 sit,
1138 2046 1187 2128 qui
1202 2049 1406 2129 quiescatine

145 2139 220 2214 situ,
249 2146 317 2201 toto
340 2136 422 2218 globi
445 2155 569 2216 corpore
593 2136 674 2199 circa
695 2137 825 2217 priorem
847 2136 933 2199 illum
955 2155 1041 2198 arem
1065 2136 1172 2198 diurna
1194 2145 1227 2198 et
1248 2136 1408 2218 irrequieta

144 2226 262 2290 ratione
284 2225 508 2290 circumvoluta.
554 2226 599 2287 At
621 2245 707 2300 vero,
737 2226 763 2287 si
786 2227 869 2289 nulla
891 2216 980 2306 plina
1003 2223 1170 2287 materialis
1193 2235 1225 2287 et
1247 2227 1408 2307 magnetica

144 2317 244 2379 cultas
267 2315 424 2379 absolvere
447 2322 550 2396 potest
572 2315 672 2377 munia
694 2315 748 2376 illa
770 2315 900 2394 planetis
923 2314 1063 2394 privatim
1086 2314 1256 2390 commissa,
1283 2316 1322 2379 ob
1345 2316 1408 2379 dete

143 2406 322 2482 mediorum,
351 2405 478 2467 idoneae
509 2403 625 2466 scilicet
653 2403 791 2466 diametri
814 2404 958 2483 corporis,
982 2403 1113 2483 sibiipsi
1130 2403 1161 2465 in
1177 2405 1405 2468 circumlatione

142 2503 233 2576 petuo
256 2494 502 2576 aequidistantis,
528 2493 578 2573 qui
601 2493 737 2555 delectus
756 2493 821 2573 jam
843 2494 874 2555 in
896 2512 954 2554 uno
977 2493 1184 2573 planetarum,
1209 2493 1240 2555 in
1262 2495 1355 2573 globo
1379 2513 1408 2558 sc

142 2584 271 2647 Telluris
294 2582 447 2666 apparuit:
471 2590 643 2644 accersatur
666 2600 738 2661 ergo
762 2579 919 2657 mens,*)
943 2600 1018 2663 quae
1041 2588 1076 2643 ut
1098 2600 1163 2660 cap.
1188 2581 1344 2647 XXXIX.
1369 2584 1408 2647 di<

143 2692 182 2735 ex
212 2672 465 2754 contemplatione
497 2671 637 2734 diametri
661 2669 744 2733 Solis
774 2672 939 2733 crescentis
966 2670 1222 2751 incognitionem
1244 2674 1352 2735 veniat
1373 2673 1408 2736 dil

142 2762 262 2839 tiaram,
286 2782 361 2844 quas
384 2759 518 2836 coniicit;
548 2769 580 2822 et
600 2760 777 2842 praesideat
813 2760 952 2822 facultati
975 2779 1028 2822 seu
1061 2760 1184 2822 animali
1206 2780 1260 2823 seu
1291 2760 1408 2825 natural

144 2851 388 2915 accommodendi
411 2849 458 2912 sui
480 2850 561 2929 globi
583 2849 614 2911 in
638 2850 697 2911 situ
720 2849 886 2929 parallelo,
921 2858 956 2910 ut
978 2849 1079 2912 debito
1102 2849 1191 2911 modo
1215 2871 1235 2911 a
1256 2849 1408 2914 Solariri

142 2940 314 3022 impellatur
336 2949 369 3002 et
390 2947 529 3020 respectu
552 2937 634 3001 Solis
657 2938 781 3000 libretur
804 2940 904 3011 (mens
928 2938 1005 3000 enim
1028 2938 1108 3000 nuda
1128 2946 1161 2999 et
1175 2939 1323 3001 facultate
1342 2938 1408 3002 infer

142 3029 255 3110 gradus
286 3028 435 3093 destituta
458 3048 493 3089 eo
516 3028 581 3109 ipso
605 3047 665 3089 non
686 3036 793 3107 posset
817 3029 974 3108 quicquam
997 3027 1028 3089 in
1051 3032 1173 3107 corpus)
1198 3028 1346 3109 simulque
1364 3048 1408 3091 cor

144 3126 247 3181 utatur
270 3120 308 3180 ad
331 3117 501 3181 librationis
525 3124 661 3197 tempora
683 3117 869 3178 restitutioni
891 3116 1060 3196 periodicae
1084 3136 1142 3177 non
1165 3117 1255 3197 plane
1281 3118 1408 3200 aequand

144 3207 189 3269 sic
227 3208 266 3269 ad
309 3207 536 3268 nausiarendas
579 3205 711 3286 apsidas.
777 3204 911 3276 Quarum
951 3224 1050 3268 rerum
1088 3205 1364 3270 verisimilitudines
1394 3227 1408 3269 e

144 3315 209 3377 cap.
232 3295 385 3361 XXXIX
410 3303 481 3357 sunt
503 3294 681 3376 explicatae.

235 3387 365 3461 Restat,
392 3391 426 3448 ut
448 3384 518 3464 quia
540 3403 577 3445 ex
601 3382 859 3446 observationibus
879 3383 945 3462 jam
973 3392 1108 3445 tenemus
1132 3383 1216 3463 leges
1240 3392 1273 3445 et
1295 3384 1408 3466 quana't

148 3474 238 3555 hujus
261 3472 445 3550 librationis,
469 3493 527 3556 qua
549 3472 688 3535 diametri
711 3471 794 3534 Solis
816 3482 956 3552 aspectus
978 3474 1126 3542 variatur,
1151 3491 1225 3552 quas
1249 3491 1316 3554 cap.
1338 3473 1408 3538 XX}

147 3565 244 3627 adhuc
268 3565 522 3645 ignoraveramus,
540 3564 605 3643 jam
626 3562 790 3635 videamus,
815 3581 853 3621 an
877 3561 945 3623 illae
969 3560 1053 3641 leges
1075 3563 1153 3624 tales
1176 3562 1252 3636 sint,
1275 3571 1311 3626 ut
1331 3562 1408 3626 veria

147 3653 202 3729 sit,
233 3673 286 3716 eas
313 3654 501 3716 innotescere
524 3654 673 3732 planetae.
721 3651 821 3730 Leges
844 3650 1015 3712 librationis
1037 3660 1124 3713 erant
1146 3651 1242 3725 istae,
1266 3660 1302 3714 ut
1324 3671 1408 3715 auom

147 3743 279 3805 eccentri
305 3743 389 3805 sinus
419 3760 524 3803 versus
555 3740 712 3804 metiretur
742 3748 860 3820 partem
893 3739 1063 3802 librationis
1095 3741 1274 3804 confectam.
1318 3742 1391 3805 Dico

145 3831 249 3894 initio:
283 3831 354 3894 dato
383 3840 414 3892 et
441 3849 585 3893 concesso
616 3829 687 3901 illo,
720 3829 757 3890 de
787 3848 844 3909 quo
875 3835 1028 3891 testantur
1057 3829 1304 3905 observationes,
1336 3832 1408 3911 plant

145 3920 262 3984 scilicet
283 3929 355 4000 post
385 3920 528 4001 aequales
554 3938 642 3983 arcus
670 3916 801 3979 eccentri
828 3917 954 3979 inveniri
978 3919 1006 3979 in
1030 3918 1126 3998 signis
1149 3941 1172 3998 y,
1196 3942 1222 3993 a,
1244 3942 1276 3994 μ,
1302 3914 1400 3995 (mg,

146 4028 205 4072 uon
237 4028 309 4072 vero
338 4009 369 4071 in
401 4009 495 4089 signis
518 4032 542 4089 y,
566 4035 584 4084 ι,
609 4010 635 4082 λ,
659 4003 689 4082 ζ,
724 4012 795 4067 tunc
827 4006 963 4068 diametri
986 4007 1069 4069 Solis
1100 4008 1318 4071 incrementum
1349 4007 1408 4071 exhi

145 4099 309 4180 legitimam
332 4116 502 4160 mensuram
526 4097 609 4160 sinus
633 4095 714 4157 versi
744 4095 914 4157 anomaliae
943 4104 1141 4177 coaequatae,
1173 4116 1232 4158 non
1261 4098 1361 4161 minus
1392 4118 1408 4160 a

147 4188 268 4264 scimus,
292 4187 459 4250 anomaliae
484 4186 614 4249 eccentri
637 4184 719 4247 sinus
741 4203 846 4246 versos
871 4204 939 4247 esse
962 4204 1131 4248 mensuram
1153 4184 1393 4263 uuintoniam

234 4344 263 4417 ‘)
282 4349 387 4404 Vereor
407 4348 496 4404 dicere
516 4346 700 4412 rationali,
726 4364 761 4400 ne
781 4345 918 4403 discursus
938 4347 1052 4402 rationis
1072 4347 1310 4429 subintelligatur.

160 4490 163 4495 ·
221 4442 266 4535 Ι·“)
285 4463 430 4521 Memorat
449 4463 604 4521 anomaliae
622 4427 634 4573 ς
655 4426 825 4563 wegefftiu
876 4460 951 4518 sinus
978 4479 1073 4519 versus
1126 4429 1316 4566 {ffmfizffi
1334 4430 1408 4569 Ἦ

722 4524 740 4579 q
1125 4526 1260 4656 Soffit
1273 4606 1311 4648 ea
1328 4604 1408 4666 appar

1041 4742 1043 4751 Ι
1127 4669 1182 4724 fuit
1205 4674 1359 4742 spectatori
1380 4675 1408 4731 in

1127 4751 1408 4845 eramen

1125 4835 1304 4913 atriorum,
