3278 5550
256 282 322 361 544
429 336 432 353 .
845 295 1009 363 mennam

258 482 341 536 motu
364 472 481 536 Martis.
529 473 642 536 Verum
676 473 788 553 origine
817 481 848 536 et
873 474 1013 537 methodo
1041 473 1222 552 perspectis,
1256 471 1368 554 quibua
1388 470 1538 535 Bralueaua
1554 481 1578 536 et

258 564 364 645 quibus
396 583 462 625 mea
494 563 702 625 eccentricitas
735 572 783 625 est
806 572 973 639 exstructa,
1007 581 1093 645 spero
1118 563 1261 625 lectorem
1284 580 1347 624 nou
1369 562 1467 641 magis
1487 572 1579 649 mutum

257 653 293 717 iri
317 653 475 714 Braheaoa
503 672 590 732 quam
613 654 798 715 Ptolemaiou
820 653 926 716 veteri.
973 654 1015 717 At
1037 672 1095 715 nou
1119 653 1187 714 ideo
1214 653 1424 733 depugnatum
1446 659 1493 715 ast
1511 651 1579 731 peni·

256 749 320 805 tus:
345 750 450 816 restat,
475 743 553 822 quod
576 762 633 804 uon
658 752 775 805 tantum
797 743 826 804 in
852 742 1002 805 veteribus
1025 742 1079 805 sed
1102 742 1194 803 etiam
1216 742 1246 804 iu
1270 759 1320 802 me
1345 740 1414 821 ipso
1444 741 1580 821 requiram,

257 840 291 894 ut
321 849 411 909 supra
434 832 522 910 paulo
546 831 677 911 profiteri
701 851 866 912 coeperam.
901 832 1043 911 Magnum
1067 826 1184 912 quidem
1207 830 1324 912 aliquid
1348 837 1407 905 est,
1431 831 1580 893 consentire

254 920 449 983 bisectiouem
466 920 699 983 ecrentricitatis
715 922 914 984 ptolemaicae
929 940 995 984 cum
1005 921 1170 983 variatione
1180 920 1408 992 diametrorum,
1420 927 1456 983 ut
1459 921 1525 1000 jure
1532 938 1583 983 ore·

256 1011 321 1083 das,
339 1010 586 1092 acquiescendum
604 1011 635 1072 in
658 1010 714 1072 hac
729 1011 952 1074 eccentricitate
966 1007 1063 1085 4360,
1084 1010 1335 1091 repellendaaque
1350 1009 1473 1071 fortiter
1488 1008 1584 1089 siquae

254 1099 395 1177 ingruant
417 1100 601 1179 objectiones
619 1100 705 1161 aliae.
742 1102 786 1162 At
799 1101 893 1180 primo
914 1099 1068 1162 imbecillis
1084 1108 1131 1162 est
1144 1109 1174 1161 et
1191 1099 1296 1161 timida
1320 1097 1513 1177 experientia
1532 1097 1584 1161 dia·

255 1188 341 1250 metri
355 1188 458 1250 Lunae
483 1208 637 1270 apogaeae
659 1189 687 1250 iu
712 1192 914 1270 speculatione
938 1190 1012 1250 adeo
1027 1189 1140 1261 subtili,
1162 1208 1220 1250 uon
1235 1187 1296 1249 alia
1312 1187 1436 1268 quidem
1454 1206 1497 1262 re,
1515 1204 1585 1266 qnam

254 1277 321 1357 ipsa
358 1277 534 1340 solitudine:
570 1280 789 1361 optandumque
821 1282 862 1352 (si
893 1279 1090 1359 impossibilia
1115 1276 1227 1341 homini
1251 1276 1405 1356 optanda)
1436 1284 1472 1339 ut
1492 1276 1582 1339 nolae

254 1367 423 1447 hujusmodi
455 1368 637 1442 existerent,
667 1379 755 1450 atque
784 1370 827 1430 ita
859 1369 936 1431 iuter
963 1369 1121 1431 multarum
1145 1368 1314 1430 errorculos
1337 1382 1394 1446 pro
1420 1374 1503 1429 certo
1524 1365 1582 1429 noui

253 1464 366 1537 posset,
390 1457 468 1538 quod
490 1465 537 1519 est
560 1458 695 1519 medium.
742 1454 821 1528 Quid
845 1459 931 1521 enim.
956 1460 980 1521 ai
1004 1477 1096 1540 parvo
1119 1458 1219 1536 aliquo
1243 1455 1402 1518 aberravit
1424 1475 1484 1518 non
1499 1456 1581 1519 oculus
1626 1480 1633 1535 g

252 1546 283 1608 iu
306 1545 510 1618 aestimando,
543 1547 596 1608 sed
629 1548 715 1624 louge
745 1557 816 1608 aute
845 1567 947 1610 manus
975 1548 1005 1610 iu
1029 1547 1228 1610 construenda
1251 1544 1428 1626 circinoque
1451 1544 1580 1607 metienda
1631 1548 1633 1553 '

225 1648 228 1653 ’
254 1635 412 1698 fenestella
434 1644 465 1696 et
488 1635 589 1697 lunula
620 1655 805 1718 papyracea,
837 1656 924 1718 quam
948 1637 1035 1698 facile
1058 1637 1159 1718 potnit
1185 1655 1232 1698 me
1257 1634 1391 1713 effugere
1415 1634 1506 1696 tertia
1525 1652 1578 1715 pau
1628 1650 1633 1713 ,²

253 1724 382 1787 minuti?
428 1723 515 1794 Quod
538 1725 630 1787 nolim
653 1746 689 1787 eo
711 1726 805 1801 trahi,
829 1727 914 1806 quasi
938 1726 974 1788 de
997 1734 1061 1788 toto
1083 1726 1141 1788 hoc
1162 1723 1284 1806 negotio
1309 1723 1515 1787 concederem
1553 1722 1580 1783 lu
1623 1722 1633 1805 ζ

252 1814 342 1878 rebus
366 1813 443 1875 enim
467 1814 605 1890 minutis,
633 1815 681 1876 ubi
706 1815 849 1878 semisses
872 1823 903 1877 et
925 1816 1106 1898 quadrantes
1125 1815 1215 1877 facile
1239 1820 1287 1876 est
1309 1808 1578 1887 internumerari
1627 1810 1633 1829 ¹

253 1904 348 1966 unciis
372 1903 436 1983 jam
464 1903 625 1967 difficultas
657 1913 758 1984 potest
784 1905 924 1984 incipere.
980 1903 1059 1968 Sunt
1090 1903 1181 1984 igitur
1208 1904 1266 1965 hae
1296 1921 1383 1964 meae
1408 1899 1578 1983 copiolaai'u

252 1993 309 2054 hac
332 1993 499 2054 subtilitate
522 1993 633 2054 tuenda
655 1993 885 2056 timidiusculae.
924 1993 971 2056 Ex
987 1993 1114 2057 adverso
1132 2011 1203 2055 vero
1222 1991 1343 2054 validus
1358 1990 1475 2072 ingruit
1487 1988 1578 2063 lindis

253 2099 363 2155 magna
385 2081 643 2144 verisimilitudine
666 2103 812 2164 pugnans,
836 2083 885 2165 qui
907 2085 1042 2163 proiecto
1065 2081 1215 2145 contemni
1229 2101 1287 2151 nou
1302 2088 1418 2163 potest
1457 2076 1578 2152 Quodnic

253 2171 356 2235 habet.
402 2171 530 2233 Veteres
554 2172 801 2255 inaequalitatem
823 2180 921 2234 motus
945 2174 1049 2235 Lunae
1073 2178 1285 2234 exstruxerunt
1307 2188 1345 2232 ex
1365 2168 1444 2232 solis
1474 2167 1578 2251 eclipsi·

252 2261 309 2323 bus
332 2260 445 2322 Lunae.
490 2260 603 2324 Umbra
627 2262 704 2325 euim
728 2262 858 2326 Telluris
869 2279 930 2342 ¹pro
946 2262 1144 2325 instrumento
1161 2260 1220 2323 fuit
1231 2259 1446 2332 astronomioo,
1468 2274 1580 2339 arguens

253 2349 441 2411 verissimum
468 2349 571 2412 Lunae
604 2351 709 2413 locum
732 2351 762 2413 iu
794 2349 876 2414 Solis
903 2351 1053 2432 opposito.
1108 2351 1144 2413 Iu
1173 2350 1250 2412 huuc
1278 2348 1401 2412 modum
1434 2346 1581 2410 muannn
1628 2382 1633 2388 -

252 2437 369 2501 ratione
393 2439 617 2523 inaequalitatis
641 2442 744 2503 Lunae
767 2441 797 2502 iu
820 2440 1066 2521 oppositionibus,
1091 2459 1157 2503 cum
1179 2445 1286 2519 postea
1308 2437 1504 2501 Ptolemaeus
1522 2452 1578 2518 pst·
1620 2452 1633 2521 ζ

251 2528 396 2610 penderet
428 2529 588 2591 observata
616 2530 647 2590 iu
670 2529 876 2612 quadraturis,
899 2529 1013 2592 invenit
1034 2529 1128 2592 totius
1151 2526 1376 2609 inaequalitatis
1398 2523 1578 2591 ηιίεεεειίε

253 2617 443 2699 quadraturis
466 2618 555 2697 louge
578 2618 686 2694 aliam,
711 2620 855 2699 majorem
878 2637 984 2698 nempe
1002 2618 1211 2700 aequationem
1224 2617 1397 2691 maximam,
1422 2635 1465 2680 sc.
1482 2609 1574 2685 7⁶lll.

252 2725 307 2787 pro
338 2726 395 2787 quo
417 2706 554 2769 Braheus
587 2709 748 2771 correctius
772 2708 889 2787 reponit
913 2703 951 2770 7⁰
974 2703 1036 2771 28‘.
1087 2708 1184 2789 Igitur
1213 2706 1284 2788 qnia
1306 2705 1449 2788 aequatio
1472 2704 1573 2767 ellectu
1603 2760 1633 2791 a

253 2805 302 2859 cst
324 2796 556 2859 eccentricitatis
579 2817 686 2872 causa,
711 2798 835 2859 effectus
860 2815 930 2858 vero
954 2796 1031 2859 alius
1055 2796 1085 2859 in
1108 2795 1315 2879 quadraturis,
1344 2795 1426 2859 aliua
1448 2794 1479 2857 in
1500 2808 1572 2875 oppt-
1631 2794 1633 2799 '

251 2886 419 2961 sitiouibus,
443 2886 654 2948 concluserunt
667 2887 808 2958 artifices,
831 2893 863 2947 et
885 2905 1015 2961 causam,
1040 2886 1069 2947 id
1090 2894 1139 2947 est
1157 2884 1425 2959 eccentricitatem,
1447 2884 1571 2946 diversam

252 2994 320 3037 esse
344 2974 373 3035 in
397 2972 635 3054 oppositionibus
659 2975 697 3036 ab
721 2995 767 3051 ea,
790 2993 866 3055 quae
891 2975 991 3037 estin
1015 2973 1215 3056 quadraturis.
1261 2973 1457 3037 Ptolemaeus
1477 2971 1570 3054 quiden

251 3081 373 3125 causam
401 3072 510 3125 auctae
543 3064 731 3144 aequatiouis
769 3073 954 3126 commentus
998 3072 1047 3127 est
1076 3062 1299 3141 diminutionem
1334 3062 1489 3126 intervalli
1516 3061 1571 3122 inter
1601 3130 1612 3141 ‚

251 3151 368 3214 Lunam
397 3160 428 3214 ει
457 3154 580 3214 Terram
610 3161 695 3233 parte
726 3153 853 3234 amplius
884 3153 984 3216 tertia.
1036 3151 1132 3224 Quem
1164 3152 1309 3215 refutavit
1336 3150 1570 3233 Regiomontauu

252 3260 297 3314 eo,
323 3241 399 3322 quod
423 3241 553 3303 Lunaris
576 3243 710 3322 corporis
734 3243 879 3304 diameter
901 3263 960 3305 uon
985 3243 1023 3304 ad
1046 3242 1123 3304 huuc
1145 3241 1296 3305 modulum
1320 3252 1485 3322 augeatur,
1510 3238 1569 3301 retr-
1602 3248 1633 3319 j

250 3337 354 3392 terunt
383 3337 413 3391 et
438 3329 621 3409 Copemicus
650 3340 681 3394 et
702 3332 839 3395 Braheus
869 3341 1043 3412 argumento
1066 3331 1279 3414 parallaxinm,
1309 3350 1388 3411 quae
1413 3340 1513 3399 mutae
1532 3342 1570 3390 uon

252 3419 328 3505 liunt
349 3418 378 3479 iu
401 3419 601 3499 quadraturis.

339 3506 522 3591 Coperuicus
555 3509 646 3589 igitur
675 3515 706 3571 et
727 3509 863 3571 Braheus
891 3509 1019 3573 diversis
1042 3510 1120 3572 iuter
1142 3529 1175 3572 se
1197 3507 1295 3572 modis
1318 3509 1449 3571 eandem
1475 3521 1572 3570 causan
1609 3498 1633 3526 τ

252 3597 391 3661 dixemus
423 3617 458 3660 eo
488 3604 638 3679 tempore,
670 3618 727 3681 quo
751 3599 838 3660 Luna
868 3608 916 3661 est
939 3600 1077 3675 dividua,
1101 3600 1245 3679 majorem
1269 3617 1337 3661 esse
1360 3598 1448 3661 orbis
1468 3592 1572 3681 Lpuar'e

251 3686 306 3773 hic!
323 3686 588 3762 ecceutricitatem,
613 3686 665 3749 ille
689 3687 864 3769 epicyclum.
910 3687 979 3760 Qua
1001 3690 1116 3751 ratione
1141 3687 1326 3768 Copemious
1348 3687 1380 3751 iu
1404 3678 1572 3771 quissibit
1604 3666 1633 3707 ²

250 3777 349 3838 effecit
367 3776 541 3838 distantiam
558 3778 662 3839 Lunae
681 3776 813 3838 citimam
828 3777 1111 3845 semidiametrorum
1126 3771 1222 3859 52¹1„
1245 3776 1483 3865 remotissimam
1498 3758 1572 3865 60¹ss

252 3866 416 3944 uagantem
438 3884 492 3945 per
518 3861 557 3930 16
581 3866 836 3940 semidiametros,
869 3867 900 3927 iu
923 3867 1159 3949 oppositionibus
1190 3884 1262 3928 vero
1285 3874 1317 3928 et
1332 3860 1573 3946 conjunctionis
1631 3859 1633 3869 ’

213 4016 217 4027 ,
249 3974 308 4017 uon
338 3953 525 4017 humiliorem
555 3951 614 4029 55,
647 3974 702 4016 nec
726 3955 863 4017 altiorem
886 3951 987 4037 65¹l„
1020 3956 1155 4018 discursu
1180 3950 1265 4034 '10¹l2
1293 3953 1578 4029 semidiametrm
1602 4024 1633 4047 .-

251 4043 388 4106 Braheus
413 4043 450 4105 ob
475 4063 582 4105 causas
606 4062 696 4125 supra
719 4045 829 4107 allatas
853 4044 992 4108 breviora
1015 4046 1088 4108 iacit
1110 4044 1219 4125 spatia,
1243 4044 1290 4107 cui
1312 4038 1576 4131 inqundrinld
1603 4050 1633 4088 ἵ

250 4132 418 4208 humillima
440 4140 489 4195 cst
511 4127 617 4215 52²1„
641 4133 790 4195 altissima
813 4130 894 4215 dot,
915 4133 996 4210 alta,
1020 4135 1156 4197 discursu
1178 4153 1232 4213 per
1254 4126 1313 4216 8¹1,
1340 4122 1572 4285 ew

236 4221 331 4301 pulis
348 4240 420 4283 vero
436 4241 456 4282 a
474 4218 515 4284 55
526 4222 556 4283 iu
567 4220 610 4286 58
619 4223 719 4284 variat
733 4243 788 4284 sua
800 4220 971 4299 intervalla,
994 4225 1088 4287 multo
1102 4222 1209 4285 minori
1223 4222 1346 4298 ambitu,
1361 4202 1453 4305 quoii
1484 4226 1487 4231 ’
1523 4300 1526 4305 ,
1555 4216 1560 4231 '

251 4310 392 4372 diametri
419 4310 540 4386 Lunae,
571 4331 629 4391 qua
656 4311 686 4373 in
715 4311 876 4391 eclipsibus
905 4311 1018 4388 utitur,
1046 4312 1228 4393 postulabat.
1272 4312 1403 4375 Fatetur
1429 4304 1571 4397 tamenin
1616 4380 1633 4395 ι

253 4399 375 4481 quadris
398 4398 515 4479 fluore
536 4399 634 4462 adhuc
657 4401 765 4481 spatia,
789 4401 935 4476 nimirum,
961 4408 994 4465 ut
1015 4402 1088 4464 alibi
1112 4400 1227 4478 iuveni,
1258 4421 1318 4464 nou
1339 4401 1432 4482 plane
1455 4397 1477 4467 6
1498 4396 1571 4464 scui-
1616 4396 1633 4421 ¹

236 4486 567 4573 ,diametrfllifllelluris
590 4490 771 4553 tractatione
793 4490 992 4570 parallaxium
1015 4490 1102 4555 effici.
1539 4556 1543 4563 ,
1618 4546 1622 4551 .

307 4630 311 4643 .
338 4572 433 4640 Hurie'
447 4576 477 4639 in
500 4579 618 4641 modum
641 4579 756 4658 priores
780 4579 910 4641 artifices
933 4599 970 4641 ex
992 4579 1031 4642 iis
1054 4584 1318 4665 quae-apparent,
1339 4577 1431 4641 Luna
1451 4580 1570 4659 rernm
1628 4592 1633 4597 ·

252 4665 283 4728 in
306 4662 505 4746 quadraturis,
528 4666 700 4733 ratiocinati
724 4676 794 4730 sunt
816 4669 852 4730 de
868 4668 1091 4733 ecceutricitute
1107 4668 1172 4750 eius
1186 4666 1340 4751 temporis,
1364 4687 1424 4751 qno
1444 4666 1570 4731 satim
1619 4670 1633 4691 ³

170 4804 174 4817 ,
253 4755 283 4817 in
306 4754 496 4841 quadraturis
506 4774 534 4835 ,.‚·
546 4755 574 4823 si
605 4756 695 4821 etiam
725 4757 805 4819 linea
832 4757 970 4838 apsidum
998 4759 1147 4841 coincidet
1168 4778 1234 4822 oum
1256 4757 1338 4823 linea
1357 4774 1415 4840 per
1435 4756 1569 4822 Solemtl
1627 4772 1633 4777 ·
