3278 5550
622 328 685 380 Pars
706 329 796 381 Prima
834 329 915 397 capue
931 330 966 383 11.
1409 309 1493 397 179.

140 508 238 582 notun,
263 526 389 590 quaese
407 507 476 587 ipsa
496 508 561 571 sine
586 528 709 588 corpore
724 509 754 571 in
770 511 795 571 B
815 509 1002 572 conceutrico
1022 510 1140 590 aequali
1161 510 1268 572 virium
1280 509 1471 573 contentione

139 599 282 660 circumeat
304 598 386 660 circa
409 617 515 676 corpus
539 598 568 658 iu
593 599 638 672 A,
673 600 873 679 aequalesque
897 600 935 661 ab
960 598 995 658 eo
1023 607 1144 660 tueatur
1167 598 1345 674 distantiam
1375 599 1473 662 altera

137 689 212 747 uirtus
229 689 271 749 sit
285 688 315 750 iu
331 687 396 766 ipso
413 684 437 748 C
455 706 577 766 corpore
592 689 744 767 planetae,
764 709 839 768 quae
856 688 998 749 virtutem
1021 688 1226 768 incorpoream
1242 688 1271 749 iu
1289 688 1316 750 B
1330 687 1472 750 animad-

137 786 235 837 uertere
263 795 409 856 suamque
440 777 479 837 ad
510 796 576 837 eam
606 778 859 857 propinquitatem
892 777 1054 838 aestimare
1088 787 1119 838 et
1149 778 1245 848 tueri,
1283 776 1409 856 denique
1441 784 1473 839 et

137 884 186 926 eam
212 865 368 927 circumire
400 865 597 944 aequabiliter
626 867 732 945 possit.
779 867 909 928 Rursum
933 866 1033 944 itaque
1061 866 1136 928 haee
1165 867 1260 928 virtus
1284 865 1312 925 iu
1336 865 1470 944 pluribus

138 953 324 1034 occupabitur.
372 953 434 1015 Sed
466 963 498 1014 et
527 973 580 1034 per
613 974 645 1015 se
678 955 868 1030 incredibile,
902 956 1044 1017 virtutem
1076 957 1206 1035 aliquam
1238 954 1471 1016 immaterialem

139 1043 247 1104 residere
272 1044 302 1105 in
319 1061 377 1104 non
402 1061 535 1123 corpore,
560 1043 671 1104 moveri
695 1045 723 1106 iu
749 1046 813 1106 loeo
838 1052 869 1105 et
892 1052 1035 1124 tempore,
1060 1063 1115 1106 uec
1138 1053 1239 1106 tamen
1262 1043 1373 1106 habere
1396 1044 1469 1106 sub-

138 1133 243 1212 jectum,
274 1153 307 1194 se
336 1133 434 1212 ipsam
466 1132 586 1212 inquam
619 1152 737 1195 movere
769 1133 805 1194 de
834 1134 898 1194 loeo
930 1134 959 1194 in
978 1133 1099 1194 locum.
1152 1133 1253 1212 Atque
1283 1150 1338 1212 ego
1368 1133 1472 1194 horum

141 1221 315 1284 absurdarum
344 1223 528 1283 assumtione
554 1223 610 1282 hoe
639 1241 710 1300 ago,
740 1233 774 1283 ut
802 1224 922 1283 taudem
952 1220 1116 1297 obtineam,
1146 1242 1203 1284 non
1231 1240 1320 1300 posse
1347 1221 1411 1282 fieri
1439 1229 1473 1283 ut

142 1311 214 1371 omnis
237 1321 371 1372 motuum
391 1330 483 1371 causa
507 1314 554 1373 vel
578 1312 606 1371 iu
639 1330 761 1390 corpore
789 1314 929 1391 planetae
958 1311 1004 1372 vel
1035 1312 1111 1371 alias
1135 1311 1164 1373 iu
1189 1311 1260 1372 orbe
1293 1311 1358 1390 ejus
1381 1306 1471 1371 inha-

95 1470 99 1491 ,
144 1400 209 1472 litet,
233 1402 372 1480 viamque
397 1408 511 1461 struam
536 1401 575 1460 ad
601 1401 712 1461 lorruas
736 1410 867 1463 motuum
892 1401 968 1463 alias
993 1401 1144 1461 faciliores
1167 1400 1404 1479 persuadendas.
1506 1472 1509 1481 Ι

95 1500 97 1513 ·
207 1490 291 1550 Haec
324 1490 472 1568 explicari
504 1485 703 1564 ὑποθετικως,
738 1491 763 1551 si
797 1509 901 1568 nempe
931 1490 1115 1550 astronomia
1138 1489 1175 1550 de
1199 1489 1401 1550 schematibus
1424 1488 1471 1549 his

145 1587 259 1648 testetur,
285 1578 364 1657 quod
387 1579 445 1639 iter
467 1579 609 1658 planetae
633 1579 673 1639 sit
698 1581 768 1640 talis
791 1581 943 1658 perfectus
967 1579 1094 1639 circulus
1118 1576 1322 1652 ec'coutricus;
1346 1597 1421 1658 quae
1446 1575 1473 1638 si

145 1668 192 1746 quid
212 1668 292 1727 aliud
317 1667 473 1741 invenerit,
497 1668 719 1746 speculationes
743 1688 857 1749 quoque
881 1669 1023 1749 physicae
1041 1667 1250 1729 mutabuntur.

168 1749 172 1757 '
208 1757 240 1817 In
265 1757 321 1818 hac
347 1757 438 1835 igitur
461 1756 671 1836 hypothesium
695 1757 927 1838 aequipollentia
950 1777 1008 1818 nou
1028 1765 1146 1818 tautum
1169 1761 1349 1838 apparentes
1370 1752 1472 1831 anguli

148 1844 223 1920 adh,
246 1870 275 1918 a,
302 1847 357 1907 sed
381 1846 449 1925 ipsa
472 1847 563 1907 etiam
587 1846 745 1907 verissima
767 1848 956 1926 planetarum
978 1845 1087 1907 itinera
1108 1866 1162 1927 per
1176 1864 1278 1909 aurem
1298 1843 1473 1905 aetheream

147 1944 241 1995 uaneut
263 1935 370 1996 eadem
394 1935 540 2016 utrinque.
590 1933 717 2005 Qualem
742 1937 820 1997 euiru
844 1946 875 1997 et
898 1943 1038 2017 quantum
1064 1955 1165 1997 arcum
1196 1938 1320 2016 planeta
1351 1930 1471 1994 conticit

147 2041 168 2083 er
189 2022 210 2085 C
232 2025 260 2085 iu
285 2024 312 2084 Ε
337 2024 419 2084 circa
441 2025 581 2103 angulum
605 2023 703 2100 CAE,
734 2026 824 2087 talem
855 2034 886 2086 et
910 2034 1027 2087 tantum
1050 2025 1169 2088 conficit
1192 2026 1283 2088 etiam
1307 2041 1344 2084 ea
1366 2044 1381 2102 y
1403 2020 1470 2081 ius

99 2170 122 2205 ἦ.
148 2111 201 2174 aa
219 2115 377 2194 aequalem
400 2136 460 2191 yae
484 2114 633 2193 angulum.

694 2700 815 2800 Caput
840 2699 906 2775 ΙΙΙ.

95 2840 126 2983 l
156 2855 192 2920 De
206 2859 449 2944 aequipollentia
477 2870 506 2924 et
534 2863 766 2944 conspiratione
799 2862 998 2926 diversarum
1028 2863 1183 2925 museum
1217 2870 1246 2925 et
1277 2862 1476 2924 diuersurum

95 2992 126 3047 ,Ἰ
178 2954 339 3030 mutitate
362 2952 580 3034 hypothesium
602 2952 648 3013 ael
670 2952 897 3033 efformaadum
919 2972 1015 3014 uuum
1037 2959 1067 3014 et
1084 2952 1169 3013 idern
1186 2949 1337 3035 planetae
1359 2951 1429 3014 iter.

95 3074 124 3187 j
209 3091 351 3173 Sequitur
375 3102 409 3154 ut
432 3094 598 3166 ostendam,
624 3094 770 3174 quomodo
794 3094 873 3155 idem
897 3093 945 3154 hic
967 3094 1108 3173 planetae
1124 3101 1232 3168 motus,
1256 3093 1284 3154 iu
1300 3112 1333 3155 se
1352 3110 1476 3154 maneus

148 3183 270 3258 aequalis,
302 3182 396 3243 aliam
427 3192 527 3243 tamen
559 3190 649 3262 atque
682 3184 773 3243 aliam
797 3184 928 3263 speciem
951 3202 1024 3263 prae
1048 3202 1081 3243 se
1107 3183 1183 3245 terre
1206 3182 1319 3263 possit,
1343 3189 1375 3244 et
1398 3199 1474 3263 quo·

146 3270 210 3330 nodo
231 3272 281 3333 hic
305 3271 415 3333 ambae
440 3273 552 3332 formae
576 3271 807 3351 aequipolleant.

210 3359 337 3424 Cenem
352 3363 382 3423 A
396 3369 426 3424 et
440 3385 454 3440 γ
470 3366 535 3434 (lig.
549 3366 591 3419 50.
606 3366 663 3434 51),
678 3362 855 3424 interuallis
867 3381 938 3422 erere
952 3358 1019 3433 AC,
1039 3384 1072 3439 ys
1087 3359 1280 3439 aequalibus,
1297 3360 1478 3422 scriberetur

96 3459 100 3462 ’
138 3450 234 3513 aaut
257 3450 329 3525 Cn,
349 3447 394 3526 εζ,
418 3453 531 3532 quibus
553 3458 692 3532 operatur
715 3443 910 3531 CA,syper
934 3441 1239 3530 eeutraparullelae
1263 3449 1474 3511 adinvicem:
1594 3520 1599 3531 ι

137 3549 215 3622 uque
235 3541 281 3602 ad
303 3542 364 3602 has
385 3539 578 3603 iaaliueutur
600 3540 713 3603 stactae
730 3561 792 3623 per
814 3548 921 3602 centra
944 3537 1040 3613 aliae,
1055 3540 1122 3609 AB,
1141 3543 1186 3616 yt,
1209 3540 1343 3620 itemque
1357 3536 1426 3610 AD,
1443 3533 1482 3614 γζ
1543 3611 1545 3616 ,

135 3626 230 3692 itidem
248 3627 440 3712 parallelae.
482 3629 652 3693 Scribatur
674 3631 771 3692 etiam
794 3631 872 3692 euB
896 3626 1055 3710 epieyelus
1075 3626 1243 3707 interuallo
1258 3627 1323 3701 ΒΕ,
1346 3627 1476 3689 itidem-

133 3737 183 3796 que
203 3740 241 3781 ea
263 3720 292 3779 D
315 3717 483 3781 interuallo
506 3716 635 3800 aequali
657 3717 728 3792 DG,
752 3727 781 3781 et
804 3716 972 3780 reuocetur·
992 3717 1122 3797 planeta
1144 3717 1179 3778 ia
1200 3715 1228 3776 Ε
1251 3724 1280 3779 et
1304 3714 1344 3788 G,
1366 3712 1477 3778 utDG

133 3809 221 3868 etAB
244 3810 311 3871 siut
328 3806 518 3890 parallelae.
556 3806 673 3868 Eidem
695 3806 858 3870 interuallo
875 3806 929 3867 BE
953 3806 1085 3889 aequale
1108 3806 1316 3868 coustituetur
1336 3807 1373 3867 ire
1389 3802 1478 3867 liaea

132 3898 176 3974 ly,
197 3897 282 3977 quod
304 3899 346 3959 sit
367 3899 421 3976 γβ,
453 3899 489 3959 ire
511 3905 623 3978 partes
653 3897 759 3979 ipsit
788 3897 984 3959 contrarias:
1014 3904 1044 3958 er
1065 3903 1267 3959 connectatur
1291 3893 1320 3955 G
1344 3913 1414 3956 cum
1435 3893 1476 3968 A,

132 3979 229 4056 laum
258 3987 287 4062 β.
342 3985 604 4069 Aequipollebuat
633 3987 732 4066 ipitur
761 3987 944 4069 hypotheses
968 4006 1030 4066 per
1059 3985 1273 4066 praemissam
1303 3989 1417 4064 eamd:
1448 3988 1478 4044 et

132 4076 209 4138 oculo
231 4078 269 4138 ira
291 4074 320 4135 A
343 4077 411 4151 etti
434 4077 608 4148 comtituto,
633 4073 781 4155 aequales
804 4081 895 4137 eruru
908 4073 1008 4146 EAG,
1025 4071 1103 4150 ὅβζ;
1127 4072 1275 4154 aequales
1297 4075 1393 4135 etiam
1407 4069 1475 4146 EA,

132 4166 176 4239 op,
196 4166 271 4226 item
295 4161 365 4237 GA,
389 4160 446 4242 ζβ;
470 4165 603 4244 άεηὶᾳαθ
633 4184 728 4226 araus
750 4162 808 4224 EG
832 4171 862 4225 et
885 4160 925 4235 δζ
952 4161 1107 4244 aequales.
1156 4162 1324 4225 Sorihutur
1341 4162 1416 4246 jum
1437 4180 1477 4226 eu·

134 4250 165 4325 B,
179 4253 256 4326 C,D
280 4253 441 4337 epieyclus
462 4254 576 4325 misor,
601 4251 765 4316 interuallo
785 4253 836 4318 BI.
856 4251 915 4325 CF,
930 4252 1008 4313 DH:
1033 4260 1061 4314 et
1084 4253 1283 4316 continuetur
1304 4250 1361 4314 AC
1385 4250 1421 4311 e're
1434 4251 1474 4312 F:

134 4345 244 4426 &mue
262 4341 419 4425 paralleli
442 4340 503 4416 CF,
528 4343 579 4416 BI,
604 4342 682 4402 DH:
714 4351 743 4404 et
766 4340 933 4404 collocetur
962 4342 1053 4402 sidus
1076 4342 1112 4403 iu
1133 4342 1163 4407 Ι,
1187 4342 1226 4415 F,
1251 4342 1288 4401 H.
1333 4342 1477 4404 Rursum

139 4431 223 4509 ipitur
242 4452 300 4512 per·
322 4452 391 4515 cap.
416 4432 466 4495 ΙΙ.
491 4430 630 4494 circulus
653 4432 723 4491 IFH
747 4431 891 4512 aequalis
914 4433 974 4492 erit
997 4428 1114 4492 circulo
1139 4425 1185 4500 ὅζ.
1233 4433 1355 4493 Areum
1375 4428 1476 4510 epira

142 4516 174 4577 ll
193 4522 318 4583 erteude
340 4542 381 4585 ea
395 4527 514 4605 puncto
539 4527 565 4594 δ,
589 4529 624 4582 ut
645 4522 830 4584 terminetur
852 4523 887 4581 iu
910 4539 942 4592 s;
967 4527 996 4581 et
1018 4521 1057 4580 ab
1082 4540 1175 4600 sper
1197 4541 1211 4596 γ
1233 4520 1296 4582 duc
1319 4541 1361 4597 ey,
1384 4525 1419 4580 ut
1442 4540 1476 4597 sy

109 4608 119 4675 l
148 4609 178 4667 tit
195 4629 250 4687 par
310 4609 358 4672 los
380 4612 446 4693 ipsi
465 4608 539 4673 CA:
564 4618 593 4672 et
615 4607 779 4672 interuallo
802 4608 854 4671 CF
877 4607 1009 4690 aequale
1034 4609 1242 4671 coustituetur
1263 4610 1299 4671 ia
1322 4608 1408 4671 liaeo
1432 4630 1474 4684 ey,

153 4697 216 4771 quoa
235 4702 274 4761 sit
313 4725 347 4774 a,
372 4702 408 4764 ire
430 4709 541 4784 partes
572 4699 673 4780 ipsis
697 4699 892 4761 contrarias:
923 4706 952 4759 et
974 4705 1177 4761 conmmatur
1200 4698 1215 4757 Ι
1239 4705 1268 4761 et
1289 4698 1320 4759 H
1342 4716 1412 4762 mam
1433 4697 1474 4770 A,

158 4784 190 4843 rie
208 4790 221 4843 t
240 4796 266 4849 et
287 4786 303 4862 ζ
327 4810 399 4853 eum
420 4813 449 4851 a.
496 4791 640 4851 Rrersum
669 4790 767 4870 ipitur
799 4786 1050 4870 aequipollebuut
1081 4787 1263 4868 hypotheses
1288 4807 1350 4872 per
1374 4803 1475 4869 prae-

162 4871 260 4937 nicaea
278 4886 387 4965 capsa:
414 4887 444 4943 et
467 4877 557 4943 carlo
579 4877 615 4939 ia
636 4877 667 4941 A
690 4883 720 4941 et
740 4879 964 4954 aeoustitato,
994 4875 1140 4960 aequales
1162 4883 1254 4939 areat
1280 4875 1379 4954 FAH,
1404 4869 1474 4954 sel.
1506 4864 1536 4939 Α

707 5060 757 5163 ι
1204 4978 1262 5035 12*
