3278 5550
643 298 785 367 aKeplero
805 294 946 353 emendata.
1404 278 1476 368 &a

121 476 172 531 ssu
190 478 225 528 sit
242 472 267 529 id
286 476 427 535 ierendnm,
454 479 569 542 quoniam
587 485 639 529 tum
658 493 684 528 re
702 492 759 528 vera
777 479 899 540 Traianus
927 491 978 526 una
1003 491 1059 528 oum
1077 475 1160 527 Nerva
1184 478 1366 541 imperitarent.
1404 479 1471 543 Quid

121 564 217 619 quaeso
234 550 331 616 reliquie
355 549 563 600 observationibus
591 551 702 600 omnibus
720 550 752 599 ab
774 551 825 613 ipsu
845 549 986 598 Ptolemaeo
1013 530 1103 597 habitis
1130 548 1271 599 iaciamus?
1301 550 1366 600 Nam
1386 554 1470 618 aequi·

121 622 232 673 noctium
251 620 395 671 autumnale
413 621 549 671 observarit
568 619 610 670 25.
629 619 698 685 Sept.
718 634 741 670 a
762 619 806 669 Cb.
827 616 885 671 132.
905 620 977 683 idque
995 619 1035 669 lib.
1056 618 1100 669 111.
1121 634 1143 670 c.
1162 618 1187 669 8.
1207 620 1324 670 msonbit
1343 636 1409 673 ωηο
1429 622 1470 673 17.

121 693 236 749 auriam,
256 708 312 743 cnm
331 693 461 754 contigerit
479 706 544 743 ωηο
563 693 672 755 eiusdem
695 688 733 740 to.
759 692 792 741 Et
810 690 897 741 Lunae
916 690 1040 740 deiectum
1058 690 1082 740 d.
1103 687 1126 738 0.
1141 690 1201 757 liei.
1225 688 1283 741 133.
1303 694 1388 744 tribuit
1405 708 1471 745 ωηο

121 764 228 817 Adriani
248 762 289 812 17.
309 765 399 819 eidem,
417 766 458 829 qui
477 764 586 827 ejusdem
608 761 648 812 10.
668 764 766 819 evenit;
786 762 898 812 deiectus
917 754 943 825 J)
964 759 1005 809 20.
1020 761 1077 812 Oct
1097 776 1120 811 a.
1142 760 1200 812 131.
1220 763 1366 814 adscribitur
1383 779 1406 815 a
1428 762 1469 816 10.

121 836 230 887 Adriani
248 832 297 899 pro'
313 834 353 883 18.
391 834 432 884 Sic
450 835 607 885 Ptolemaeus
625 835 762 885 observarit
781 826 806 897 Q
827 831 867 881 ld.
882 833 945 883 Dec.
962 829 1019 889 138,
1038 840 1063 882 et
1079 831 1140 882 libro
1152 833 1181 884 X.
1203 848 1258 898 cap.
1272 832 1296 884 4.
1316 848 1372 886 eam
1389 838 1471 889 obser·

121 908 248 957 rationem
268 906 381 972 assignat
400 921 465 956 anuo
485 907 517 956 ll.
533 907 658 963 Antonini.
679 922 733 957 cum
748 905 808 954 ldib.
822 904 871 954 inl.
885 905 993 968 proxime
1011 904 1215 967 praecedentibus
1233 905 1330 957 demum
1348 909 1474 960 inchoarit

121 978 216 1043 primus
234 977 343 1040 ejusdem
362 990 449 1027 annos.
488 978 633 1027 observavit
651 975 693 1025 26.
713 976 780 1040 Sept.
803 972 860 1025 130.
881 975 1061 1040 aequinoctium
1080 984 1191 1026 autumn.
1212 984 1237 1026 et
1255 974 1296 1025 22.
1317 979 1391 1029 Mart
1412 976 1471 1029 tto.

121 1049 233 1105 male.
250 1050 334 1113 sicque
359 1055 488 1113 utmmque
507 1049 645 1098 observarit
664 1054 777 1099 currente
796 1062 862 1096 anno
875 1046 899 1093 2.
914 1048 1117 1102 Antonini,·cum
1136 1048 1230 1098 uronis
1249 1050 1327 1099 serbis
1345 1056 1473 1119 utrumqne

121 1120 251 1173 chambot
270 1134 335 1169 anno
354 1114 378 1169 3.
398 1120 516 1182 eiusdem,
546 1120 609 1170 adeo
628 1126 656 1169 nt
674 1133 758 1169 omnes
786 1119 968 1167 observationes
986 1117 1121 1168 Ptolemaei
1144 1134 1193 1171 nno
1221 1133 1286 1170 auno
1304 1122 1376 1172 sitim
1394 1124 1472 1173 oonti·

121 1193 218 1259 print.
236 1205 309 1256 quam
328 1190 360 1240 ab
377 1192 497 1255 ipsissimo
516 1204 600 1240 earum
619 1191 721 1241 authore
738 1190 910 1239 inscribentur.

214 1262 299 1313 Voluit
315 1261 381 1312 hanc
400 1262 571 1312 difficultatem
590 1263 682 1312 eritne
699 1260 732 1310 Η.
752 1260 911 1327 Emungere,
936 1266 1070 1311 utcontra
1095 1262 1253 1312 autoritatem
1274 1263 1473 1327 gravissimorum

120 1332 257 1385 authorum
275 1347 289 1383 e
306 1332 386 1383 medio
405 1333 539 1382 tollendum
559 1333 681 1383 censuerit
699 1331 853 1383 consulatum
867 1330 992 1381 severiani
1006 1330 1030 1380 2.
1044 1340 1070 1383 et
1082 1332 1159 1383 Sentii
1173 1334 1301 1399 Augurini.
1321 1337 1362 1400 qni
1375 1350 1398 1385 a.
1415 1332 1472 1386 132.

120 1404 195 1457 Gom.
216 1400 331 1455 ordiumd
348 1405 425 1454 inere.
463 1404 520 1453 Will
538 1404 581 1455 des
598 1405 679 1455 Herm
697 1403 833 1453 Bedenlen
852 1404 947 1452 ratione
975 1403 1101 1468 eclipsim
1123 1405 1310 1467 praeteritorum
1337 1414 1474 1472 temporum

205 1475 361 1526 carnehmen.
727 1482 735 1497 ⁴

120 1490 186 1544 m
216 1547 297 1597 l'allet
314 1547 360 1595 mir
378 1562 408 1596 en
422 1545 538 1603 Gemlith,
556 1547 603 1596 vie
622 1561 648 1596 es
665 1546 771 1600 homme.
791 1544 848 1595 dass
867 1543 986 1594 derHarr
1004 1547 1044 1596 die
1062 1547 1227 1597 differentiam
1244 1549 1340 1598 radone
1358 1550 1474 1613 temporis

120 1619 213 1669 mortis
230 1618 364 1669 Alexandri
374 1617 409 1666 li.
430 1617 551 1668 :wischen
571 1617 728 1668 Ptolemaeus
746 1615 969 1681 undAlbategniua
988 1631 1015 1665 so
1033 1618 1082 1667 iest
1100 1618 1212 1676 enricho,
1231 1619 1281 1670 nnd
1299 1620 1336 1669 nit
1354 1620 1474 1678 bedenka

120 1690 183 1741 dne
204 1689 247 1739 des
265 1688 422 1739 Ptolemaeus
441 1691 509 1738 scine
521 1688 621 1738 Sachen
641 1688 809 1747 achaidaels,
829 1686 880 1735 nnd
898 1688 937 1736 die
957 1684 1076 1740 Chaldaei
1095 1698 1196 1740 mortem
1214 1690 1252 1739 rel
1270 1690 1358 1741 saltem
1375 1684 1478 1743 ιηοηω·Ι

120 1760 209 1813 obiam
228 1760 360 1810 Alexandri
375 1760 408 1809 bl.
429 1767 488 1813 ente
501 1759 545 1809 Cb.
560 1755 620 1808 312.
640 1760 768 1810 desinente
787 1757 824 1808 rel
838 1755 898 1806 311.
918 1767 1031 1810 currente
1050 1767 1156 1827 gesetet.
1181 1758 1257 1811 Dices
1274 1761 1388 1820 fortasse,
1407 1762 1475 1814 iliam

120 1833 267 1897 opinionem
286 1846 340 1881 esse
360 1832 508 1888 absurdam
527 1831 571 1880 sed
590 1831 727 1886 considere.
747 1829 916 1880 Ptolemaeum
936 1836 962 1879 et
979 1828 1145 1895 Hipparchum
1163 1831 1279 1897 pleraque
1298 1848 1327 1883 ex
1340 1833 1473 1886 Chaldaeis

120 1902 256 1969 hausisset
275 1902 363 1953 deinde
385 1903 550 1965 contemplare
563 1917 655 1966 quaeso
668 1903 771 1958 Liviam,
791 1902 830 1951 ubi
845 1901 875 1950 do
889 1900 986 1958 Perseo.
1006 1903 1091 1952 ultimo
1104 1902 1268 1955 Macedonum
1280 1918 1338 1969 rege
1350 1902 1473 1957 debellato

120 1968 305 2097 magnum
320 1974 506 2024 Macedonicum
521 1986 639 2023 asumma
652 1974 750 2039 intigio
764 1987 840 2037 usqne
854 1972 886 2021 ad
898 1972 1022 2021 interitum
1035 1975 1093 2024 solis
1104 1973 1155 2025 150
1164 1975 1235 2025 anuis
1247 1977 1344 2025 stetisse
1357 1976 1473 2029 affirmat.

236 2046 320 2110 itaque
344 2047 418 2108 Juxta
436 2044 573 2094 Chaldaeos
592 2058 615 2094 a
636 2058 659 2094 a.
680 2044 724 2094 Ch.
746 2040 805 2092 311.
834 2042 904 2092 Alex.
925 2040 959 2091 ld.
989 2043 1141 2107 Babylonem
1168 2060 1292 2096 revertam
1316 2047 1391 2111 paulo
1418 2054 1475 2113 poet

121 2116 225 2175 abdue,
245 2124 320 2181 atque
339 2130 355 2165 a
373 2124 482 2179 tempore
500 2116 584 2164 mortis
601 2115 681 2171 illins,
706 2114 770 2178 qnod
787 2114 862 2164 ludai
880 2127 975 2179 quoque
994 2130 1060 2165 enno
1078 2130 1103 2166 a.
1122 2117 1166 2167 Ch.
1188 2112 1247 2165 310.
1267 2117 1396 2177 collocant,
1415 2120 1473 2169 sub.

122 2178 199 2239 trem
220 2185 280 2247 itt,
308 2187 447 2237 remanebit
473 2188 557 2251 utique
585 2199 706 2237 annosa.
727 2182 772 2235 Ch.
794 2182 853 2245 itu,
880 2199 928 2249 quo
956 2188 1060 2252 contigit
1087 2188 1183 2255 eclipsis
1202 2180 1240 2251 ).
1258 2202 1332 2254 quam
1358 2190 1475 2242 detcdbit

122 2256 221 2314 num.
239 2266 267 2309 et
284 2259 323 2309 cui
336 2258 438 2308 totalem
457 2250 627 2309 characterem
645 2259 740 2307 munna
760 2257 875 2320 temporis
888 2262 914 2306 et
925 2255 1060 2309 durationis
1078 2260 1171 2318 tribuit,
1190 2261 1230 2311 oni
1242 2260 1361 2327 refragari
1379 2260 1472 2328 absquo

125 2328 309 2381 colummeria
328 2337 402 2394 atqne
422 2329 484 2381 adeo
502 2344 533 2378 ne
553 2329 592 2379 rix
609 2328 707 2395 quidem
726 2327 813 2391 aliquis
831 2334 914 2393 queat.

216 2400 305 2452 Distat
323 2401 391 2451 Ailes
408 2401 435 2450 in
453 2400 492 2449 Eil
510 2398 554 2451 dc.
902 2430 905 2435 ι

216 2472 311 2523 Datum
327 2470 455 2523 illinchen
473 2469 519 2522 do.

215 2578 373 2643 Keplerus
390 2577 515 2642 respondit
533 2574 568 2636 (d.
590 2573 614 2625 7.
634 2575 690 2625 Oct.
712 2573 788 2624 tuot.
826 2576 910 2641 comp.
931 2576 986 2627 Vol.
1005 2576 1036 2627 ll.
1062 2594 1086 2643 p.
1106 2576 1147 2628 77.
1167 2578 1227 2631 755.
1248 2589 1274 2634 et
1290 2581 1337 2633 m
1363 2599 1387 2649 p.
1407 2578 1471 2646 28)ι

218 2650 339 2715 ...Ac
362 2668 428 2711 cum
452 2648 516 2729 ipse
538 2647 685 2723 horteris,
710 2657 743 2709 ut
765 2649 928 2711 concordes
951 2649 1055 2723 simus,
1081 2650 1166 2714 dobis
1190 2653 1318 2725 veniam,
1342 2654 1369 2717 si
1392 2675 1469 2739 quae
1536 2646 1540 2653 ¹

119 2740 168 2826 ²td
183 2740 456 2822 progymnasmata
478 2744 682 2807 accesserunt,
705 2736 743 2797 ab
758 2736 832 2817 ipsis
847 2737 1044 2810 (haeredibus
1059 2738 1224 2821 Tychonis)
1248 2744 1359 2823 potius,
1384 2764 1471 2826 quam
1496 2772 1502 2791 ι

133 2844 149 2889 t
168 2848 220 2891 me
242 2829 346 2907 Magn.
371 2828 466 2888 Tuam
489 2834 591 2906 petere
616 2826 733 2906 cupiam
770 2830 857 2895 (..Deu
871 2835 1046 2899 Appendiosn.
1065 2837 1287 2891 addictionem
1302 2842 1485 2905 monitorum„

129 2912 181 2969 ltrt
199 2916 273 2987 primi
289 2916 421 2982 Progymn.
441 2915 509 2964 volit
524 2914 565 2964 ich
583 2928 643 2979 geru
661 2914 744 2970 lesen.
769 2914 820 2965 und
842 2915 888 2965 vie
913 2915 989 2966 durch
1012 2916 1143 2969 denselben
1163 2919 1313 2988 Andautnug
1335 2920 1471 2988 geschieht
1505 2974 1508 2981 ,

129 2989 187 3041 'kd
207 2988 255 3039 des
270 2986 347 3040 Werk
364 2986 482 3037 biedurch
500 3002 542 3035 um
559 3000 587 3035 so
607 2985 654 3034 riel
679 2986 749 3035 mehr
765 2984 948 3036 Nachdenkene
966 2987 1006 3038 bei
1027 2989 1155 3056 gelehrten
1173 2991 1270 3043 huten
1288 2992 1470 3058 errechen.”);

124 3059 202 3123 nini
226 3060 305 3122 enim
328 3058 447 3121 unicum
471 3059 578 3119 saltem
602 3057 756 3136 exemplar
774 3065 839 3119 est:
865 3057 902 3119 ab
916 3058 991 3138 ipsis
1004 3061 1107 3142 Magn.
1124 3061 1205 3125 Tuae
1229 3064 1346 3127 nomine
1368 3076 1471 3145 petere

123 3143 319 3213 invidiosum.
356 3148 392 3210 In
415 3155 497 3208 motu
516 3146 598 3208 Solis
621 3145 693 3207 nihil
717 3144 798 3206 aliud
822 3155 954 3208 mutetur
980 3168 1033 3228 per
1055 3151 1260 3231 appendicem,
1283 3148 1371 3236 que'm
1394 3156 1472 3237 quod

121 3232 197 3317 ipsa
212 3237 303 3299 realis
318 3236 526 3298 eccentricitas
542 3234 663 3297 dimidio
685 3233 865 3311 diminuitur,
886 3254 939 3316 pro
954 3238 1068 3319 reliquo
1084 3239 1205 3303 dimidio
1220 3242 1298 3304 ratio
1314 3245 1471 3325 aequantia

119 3326 332 3391 substituitur.
370 3326 420 3387 Ite
442 3324 615 3387 insolidum
640 3324 760 3385 eaedem
785 3332 906 3385 manent
929 3328 1132 3406 aequationem
1156 3350 1213 3392 uno
1233 3332 1310 3394 forte
1333 3334 1471 3414 scrupulo

118 3408 155 3480 in
183 3412 245 3481 19⁰
267 3416 304 3490 ὅ,
333 3411 389 3476 11⁰
413 3419 437 3488 ii
461 3413 642 3475 desiderato.
690 3413 792 3474 Lunae
816 3413 932 3475 theoria
955 3414 1045 3478 etiam
1073 3426 1175 3481 manet
1201 3421 1287 3482 salva
1311 3423 1472 3487 stillasse

118 3515 180 3581 per
207 3502 410 3585 appendicem,
434 3503 563 3583 paucula
585 3502 624 3562 ad
639 3501 767 3581 eclipses
790 3502 972 3582 pertinentia
993 3512 1165 3585 tanguntur.
1201 3508 1348 3570 Privatim
1370 3518 1470 3574 tamen

118 3594 214 3677 agito
238 3592 359 3674 aliquid,
384 3611 441 3654 non
462 3593 526 3670 jam
550 3599 583 3653 ut
605 3589 814 3671 praecisiorem
838 3591 984 3653 calculum
999 3595 1065 3675 (qni
1087 3596 1285 3676 posteriorum
1301 3617 1373 3661 cura
1388 3598 1470 3676 erit),

118 3684 181 3753 bod
209 3690 244 3745 nt
266 3680 483 3744 credibiliorem
507 3689 538 3742 et
554 3679 766 3759 simpliciorem
790 3680 897 3741 inciam
913 3680 1103 3762 hypothesin.
1132 3686 1317 3750 Difficillime
1334 3708 1384 3751 res
1404 3697 1484 3752 esto.
1599 3698 1603 3705 '

118 3782 155 3839 st
177 3780 285 3836 nmen
309 3770 456 3833 interdum
479 3790 527 3832 me
554 3787 676 3846 scopum
706 3768 825 3848 ponitus
856 3767 994 3849 tetigisse
1017 3782 1100 3855 puto.
1147 3774 1182 3837 Id
1205 3775 1286 3853 agito
1311 3778 1486 3859 (quemad.

118 3860 250 3929 moun
273 3859 302 3920 in
325 3858 451 3934 Marte),
476 3866 509 3921 ut
531 3859 617 3919 Luna
640 3875 728 3918 unum
750 3858 846 3919 solum
871 3858 982 3921 babeat
1004 3862 1186 3945 epicyclnm,
1210 3884 1267 3947 quo
1293 3866 1471 3928 occentrici.

118 3952 225 4019 utem
249 3948 384 4024 conficit3
408 3946 542 4028 reliquae
564 3945 807 4026 inaequalitates,
830 3954 892 4009 tres
915 3967 1036 4013 numero
1059 3951 1089 4013 in
1113 3952 1231 4032 longum
1255 3955 1303 4028 (ut
1325 3946 1481 4019 inhierte¹

117 4042 224 4115 meo),
248 4036 353 4099 sint-a
375 4036 476 4100 causis
498 4033 641 4117 physicis.
689 4033 763 4096 Tum
786 4054 844 4097 non
868 4036 994 4115 amplius
1022 4040 1182 4103 absurdum
1206 4042 1280 4118 erit,
1303 4044 1471 4124 inaequali-

117 4133 229 4195 tatem
251 4133 432 4188 menstruam
456 4148 475 4188 a
499 4144 569 4186 vero
592 4122 675 4188 Solis
706 4123 772 4186 loco
800 4125 940 4205 pendere.
987 4125 1048 4190 Sed
1076 4130 1165 4210 plane
1197 4131 1240 4194 uti
1266 4139 1316 4208 tn,
1348 4132 1393 4195 sic
1415 4151 1472 4213 ego

117 4236 251 4307 qnoque
264 4214 373 4290 sentio,
396 4214 604 4296 aequationem
619 4211 762 4292 temporis
777 4232 844 4276 esse
858 4224 1039 4295 suspectum,
1063 4218 1133 4301 quia
1153 4220 1281 4301 negligit
1301 4221 1471 4304 inaequali·

117 4315 227 4375 tatem
251 4304 523 4367 additamentomm
547 4302 725 4364 diurnorum.

219 4393 436 4468 Quaestionem
459 4388 772 4469 chronologicam,
801 4389 828 4452 si
853 4392 926 4452 bene
949 4393 1096 4474 percipio,
1119 4396 1297 4477 Magnitudo
1320 4405 1373 4461 tua
1395 4399 1472 4462 bene

117 4486 254 4575 quidem
278 4483 386 4557 solvit,
420 4482 473 4544 sed
504 4481 548 4543 ita
579 4488 612 4541 ut
643 4489 744 4541 tamen
774 4479 832 4541 duo
862 4480 992 4562 scrupuli
1020 4482 1181 4548 resideant.
1227 4486 1352 4551 Summo
1376 4489 1471 4551 haec:

117 4576 325 4643 Ptolemaeos
344 4591 439 4634 annos
454 4569 554 4633 obitus
568 4567 735 4632 Alexandri
753 4566 895 4648 intelligit
908 4571 1085 4653 Aegyptios,
1109 4574 1311 4657 Albateguius
1323 4566 1477 4641 Julianus.¹

117 4664 323 4733 Ptolemaeus
339 4681 359 4722 a
379 4658 429 4724 12.
444 4662 522 4726 Nov.
542 4665 667 4719 mortem
681 4655 849 4720 Alexandri
871 4659 1069 4742 praecedente
1092 4672 1248 4740 numerat;
1271 4665 1472 4747 Albategnius

117 4752 261 4823 forsitan
283 4770 303 4813 a
324 4749 454 4813 solstitio
477 4746 611 4829 proxime
637 4751 761 4807 mortem
780 4746 948 4810 Alexandri
969 4758 1073 4813 secuto
1095 4770 1205 4835 perque
1228 4753 1294 4816 dios
1316 4754 1471 4835 pauculos.

186 4838 306 4911 -liaeo
328 4839 354 4923 si
375 4838 506 4903 concedo
525 4836 727 4917 inpraeseus,
750 4853 861 4916 quaero
876 4845 977 4902 entem
994 4840 1099 4921 prime,
1123 4843 1194 4926 qnid
1208 4860 1301 4907 causa
1318 4844 1369 4920 sit,
1391 4843 1473 4926 quod
