3278 5550
579 869 689 937 PARS
719 866 927 934 SECUNDA.

167 1041 221 1133 uu
246 1040 395 1134 ιιιιιι
427 1038 600 1136 ulmus
632 1033 835 1131 suuuulu
871 1031 1248 1142 uluouunmuu
1279 966 1346 1124 ιιι
1429 1002 1442 1105 ;’
1502 1014 1506 1029 ·

463 1177 774 1272 muuunonuu
808 1173 1039 1270 murum.

686 1394 821 1404 ———-

1284 1310 1293 1371 ι’.

640 1522 759 1621 Caput
783 1517 866 1593 VII.
909 1568 937 1619 ιι.

338 1682 413 1762 Qna
435 1681 596 1746 amasim
617 1685 653 1747 in
676 1683 831 1746 theoriam
852 1677 972 1741 Mortis
992 1652 1168 1741 mcidoim.

167 1819 280 1882 Verum
304 1830 359 1898 est,
383 1824 515 1887 divinam
537 1843 654 1898 vocem,
687 1838 763 1905 quae
787 1822 901 1884 discere
921 1818 1030 1900 jubeat
1047 1819 1183 1882 homines
1198 1819 1425 1894 astronomiam,

114 1909 240 1973 {mundo
266 1909 332 1992 ipso
356 1931 538 1992 expressam,
562 1933 619 1976 nou
642 1913 742 1975 verbis
766 1919 819 1974 aut
842 1910 977 1993 syllabis,
1002 1910 1055 1970 sed
1080 1928 1112 1971 re
1136 1909 1203 1989 ipsa
1226 1917 1424 1972 etcommen-

114 1998 230 2063 nfioue
254 1997 376 2064 bumani
399 2002 569 2065 intellectus
594 2020 792 2083 sensuumque
816 2019 884 2062 cum
907 1998 984 2060 serie
1009 2016 1164 2079 corporum
1188 2007 1219 2060 et
1234 1999 1424 2061 affectionum

114 2087 268 2151 stantium.
315 2089 377 2153 Sed
409 2100 508 2154 tamen
537 2091 629 2154 etiam
657 2093 752 2154 latum
783 2090 942 2171 quodpiam
969 2088 1085 2149 occulte
1118 2087 1252 2149 homiues
1283 2088 1361 2149 alios
1385 2089 1423 2150 ad

114 2176 153 2241 ἰι
174 2183 261 2239 artes
284 2178 413 2260 impellit
434 2189 591 2262 certosque
614 2180 723 2253 reddit,
749 2198 826 2251 sese,
850 2186 884 2240 ut
905 2196 977 2259 pars
1000 2187 1070 2239 suut
1092 2176 1188 2243 creati
1201 2177 1311 2258 operis,
1335 2177 1380 2239 ita
1395 2184 1426 2239 et

129 2272 216 2349 parte
241 2266 364 2329 divinae
387 2269 697 2350 providentiae'esse.

165 2352 243 2417 Cum
276 2357 403 2436 primum
434 2377 489 2438 per
518 2366 650 2421 aetatem
681 2356 887 2438 philosophiae
916 2354 1102 2417 dulcedinem
1125 2371 1306 2434 cognoscere
1329 2353 1423 2434 potui,

115 2440 249 2507 mm
274 2445 384 2508 illam
375 2446 488 2527 ungenti
511 2448 674 2528 cupiditate
698 2465 762 2508 sum
786 2444 968 2524 complexus,
993 2443 1065 2504 nibil
1090 2444 1248 2506 admodum
1267 2444 1304 2505 de
1320 2451 1423 2505 astro-

115 2530 188 2595 -‘
202 2532 231 2595 in
260 2535 391 2614 speciem
414 2535 570 2598 sllicitus.
617 2537 734 2600 Aderat
757 2533 906 2616 quidem
898 2532 1062 2612 ingenium3
1088 2551 1141 2593 uec
1166 2531 1422 2617 difficulterqgeo-

115 2618 204 2685 ἡ
220 2631 258 2684 et
280 2625 490 2700 astronomica,
514 2645 589 2705 quae
608 2625 777 2688 scholarum
797 2624 868 2685 ordo
892 2618 1115 2701 suppeditabat,
1133 2620 1296 2722 capiebam,
1320 2610 1422 2707 figulqs

115 2704 220 2773 flurs
252 2717 286 2773 et
314 2714 443 2775 numeris
478 2720 509 2775 et
539 2712 790 2797 proportionibus.
838 2709 899 2773 Sed
927 2718 1014 2771 erant
1038 2710 1090 2772 illa
1113 2709 1286 2772 necessaria
1309 2692 1421 2795 studi}

115 2794 158 2863 Β
186 2800 268 2879 qnod
304 2799 527 2865 inclinationem
559 2804 746 2883 potissimam
784 2801 822 2862 ad
853 2799 1067 2887 astronomiqm
1091 2805 1244 2879 argueret·
1287 2794 1420 2880 Cumque

115 2886 223 2950 {tibus
248 2889 344 2952 Ducis
366 2890 608 2973 wirtembergici
632 2899 827 2964 sustentarer,
853 2889 984 2950 viderem
1007 2907 1078 2950 vero
1098 2887 1421 2992 commilitonesmeos,

115 2994 151 3038 as
179 2978 322 3059 princeps
350 2979 590 3061 interpellatus
581 3003 611 3044 ιιι
636 2991 757 3043 exteras
780 2980 917 3041 nationes
941 2977 1097 3048 mittebat,
1121 2974 1316 3069 tergiversari
1338 2964 1445 3039 varie

115 3084 176 3128 rore
198 3067 331 3147 patriae,
356 3069 456 3131 durior
479 3088 535 3149 ego
558 3078 673 3133 mature
699 3069 856 3130 admodum
880 3086 994 3129 mecum
1009 3067 1222 3141 concluseram,
1247 3086 1285 3147 qu
1349 3085 1435 3155 que

116 3153 246 3218 rtinarer
267 3156 468 3237 promtissime
492 3161 587 3240 sequi
624 3159 726 3221 Prima
750 3178 781 3220 se
801 3157 909 3218 obtulit
924 3155 1035 3217 functio
1051 3156 1263 3231 astronomica,
1283 3176 1302 3218 a
1352 3174 1420 3219 uam

116 3262 175 3307 neu
197 3245 368 3307 obeundam
393 3250 477 3321 (vere
501 3249 612 3318 dicam)
637 3257 777 3310 extrusus
802 3265 866 3307 sum
890 3245 1070 3306 auctoritate
1092 3253 1336 3325 praeceptorum
1361 3264 1419 3307 non

116 3331 294 3415 rgiuqnitate
319 3335 375 3397 loci
400 3335 532 3411 territus,
556 3358 643 3419 quem
667 3346 776 3398 metum
800 3335 829 3396 iu
856 3336 924 3397 aliis
949 3335 1162 3396 damnaveram
1186 3335 1262 3407 (ut
1248 3353 1312 3414 Jam
1332 3334 1417 3410 dini),

116 3420 308 3503 liuopiuato
332 3433 363 3486 et
386 3433 535 3487 contemto
560 3426 719 3488 functionis
743 3443 851 3506 genere
877 3433 908 3486 et
930 3424 1078 3485 tenuitate
1103 3422 1313 3486 eruditionis
1305 3443 1340 3495 ιιι,
1362 3423 1419 3489 bac

116 3510 283 3592 lompuiae
306 3520 403 3599 parte.
427 3515 514 3576 Hanc
537 3516 629 3596 igitur
652 3517 712 3577 adii
736 3514 909 3576 instructior
931 3514 970 3575 ab
994 3513 1111 3592 ingenio
1136 3530 1224 3592 quam
1247 3511 1415 3590 ascieutia,

116 3599 195 3662 itum
227 3609 435 3681 protestatus,
469 3623 516 3666 me
536 3606 604 3684 jure
630 3625 695 3667 meo
720 3605 758 3666 ad
782 3603 862 3665 aliud
886 3603 968 3663 vitae
991 3620 1100 3682 genus,
1132 3602 1210 3682 quod
1232 3600 1416 3681 splendidius

116 3688 252 3765 labatur,
285 3710 473 3774 nequaquam
505 3694 622 3757 cedere.
677 3692 808 3764 Quinam
847 3693 956 3754 fuerint
983 3691 1077 3773 primo
1111 3690 1230 3753 biennio
1259 3709 1417 3755 successus

116 3797 174 3841 nun
203 3780 386 3852 studiorum,
419 3801 455 3842 ex
478 3783 669 3865 Mysterio
700 3801 766 3843 meo
796 3780 1117 3860 cosmographico
1146 3787 1282 3861 apparet.
1331 3778 1415 3851 Quos

116 3876 229 3929 scterea
252 3868 323 3931 mihi
347 3870 485 3933 stimulos
509 3871 744 3935 Maestliuus
773 3881 950 3952 praeceptor
979 3889 1063 3931 meus
1087 3868 1258 3932 adhibuerit
1281 3869 1320 3930 ad
1343 3869 1416 3932 reli-

116 3976 157 4018 ιιιι
181 3958 398 4023 astronomiam
427 3960 680 4041 amplectendam,
711 3961 794 4041 leges
823 3961 853 4021 iu
882 3961 985 4022 eodem
1017 3958 1117 4020 libello
1141 3965 1173 4019 et
1197 3957 1328 4037 epistola
1352 3960 1415 4040 ejus

117 4046 138 4119 i,
173 4065 250 4127 quae
280 4057 328 4109 est
351 4049 526 4111 Narrationi
550 4050 669 4113 Rbetici
703 4050 844 4125 praefixa.
891 4057 990 4122 (temp.
1010 4052 1208 4122 v01.1,p.25.)
1257 4047 1415 4111 Inventum

117 4135 139 4198 ‚d
166 4136 286 4197 omniuo
309 4137 430 4199 maximi
456 4139 522 4214 ieci,
548 4142 697 4219 multoque
722 4140 857 4218 majoris,
883 4140 960 4220 quod
983 4139 1125 4210 viderem,
1149 4146 1180 4198 et
1203 4137 1442 4214 Maestliuo,

117 4244 145 4286 ιιι
169 4234 329 4306 tantopere
353 4227 492 4306 probari„
537 4229 643 4310 Neque
672 4237 787 4292 tanturn
820 4229 869 4290 ille
902 4249 948 4291 me
973 4226 1177 4290 exstimulavit
1201 4226 1415 4307 intempestiva

117 4312 233 4375 toribus
264 4316 461 4394 promissione
491 4317 573 4380 sacta
605 4317 736 4379 universi
769 4319 825 4378 mei
858 4321 907 4391 (nt
938 4317 1055 4398 ajebat)
1087 4315 1213 4398 operis
1247 4316 1412 4393 uranici,

117 4412 208 4465 utum
233 4403 297 4484 ipse
321 4406 477 4475 ardebam,
507 4426 544 4468 ex
566 4406 757 4469 restitutione
781 4407 983 4470 astronomiae
1006 4407 1173 4489 inquirere,
1198 4426 1237 4468 an
1260 4405 1416 4472 inventum

117 4491 136 4553 d
169 4511 269 4553 meum
303 4513 419 4556 omnem
451 4495 692 4558 observationum
725 4496 924 4560 subtilitatem
950 4503 1114 4578 pateretur.
1161 4494 1231 4557 Jam
1256 4494 1334 4558 euim
1357 4497 1414 4560 de-

117 4587 265 4643 rstratum
302 4590 369 4646 erat
404 4583 433 4646 in
461 4583 527 4665 ipso
552 4585 642 4662 libro,
669 4585 834 4648 consistere
858 4587 915 4649 boc
938 4587 1018 4649 intra
1047 4585 1249 4648 subtilitatem
1272 4584 1413 4665 vulgatae

117 4689 278 4734 rouomrae.

152 4758 201 4820 Ex
236 4779 271 4822 eo
302 4760 404 4842 itaque
436 4770 572 4843 tempore
596 4763 676 4826 serio
701 4762 737 4825 de
761 4763 1022 4828 observationibus
1045 4763 1255 4844 comparandis
1278 4763 1412 4847 cogitare

139 4866 370 4917 nasu-nomm
1170 4869 1201 4920 1⁴
