3278 5550
554 276 697 376 saise
715 309 857 362 meaa
1000 337 1004 347 ·
1318 313 1383 384 ιιι

25 506 109 565 rum,
131 487 177 550 sic
194 487 259 569 jam
283 495 315 550 et
337 487 470 550 calculus
493 487 523 549 in
547 489 727 563 alterorum,
752 508 825 568 qnos
850 488 921 564 dixi,
946 489 1077 569 gratiam
1100 496 1133 551 et
1155 497 1189 553 ut
1211 491 1384 557 mathema-

26 576 88 640 tici
110 577 141 640 in
164 578 311 663 communi
333 578 435 639 labore
454 577 678 650 taediosissime
694 577 901 650 liberarentur,
927 578 1144 641 accommodari
1165 580 1252 644 facile
1275 583 1383 664 potnit,

28 668 204 748 composita
227 668 332 751 tabula
354 664 671 747 prosthaphaeresium
687 675 906 729 menstmarum
930 668 995 747 ejus
1020 667 1154 750 epicycli,
1180 689 1266 750 quem
1281 673 1384 754 'lycho

29 756 239 819 collocaverat
261 759 300 818 ad
323 757 458 818 Terram.
499 756 565 817 Hae
589 775 699 818 causae
723 756 835 818 laboris
859 756 947 835 hujus
971 757 1001 818 in
1024 757 1183 837 publicum,
1208 760 1245 820 de
1269 761 1385 841 quibus,

29 845 114 925 qnod
138 847 222 925 prins
246 846 393 918 dicebam,
417 854 451 906 tu
474 845 640 907 rectissime
659 845 820 924 judicabis,
847 844 896 925 qui
920 845 980 906 tuis
1003 846 1172 909 hortatibus
1196 858 1386 913 cunctantem

28 953 81 996 me
105 935 250 1016 impulisti
273 954 339 997 cum
363 934 499 996 adhaec
526 945 589 996 tum
614 936 653 995 ad
676 935 738 995 alia
761 933 948 996 incommoda
971 935 998 995 si
1021 936 1084 996 fieri
1106 947 1213 1015 posset
1237 939 1384 1002 lenienda

28 1023 112 1086 Mihi
136 1042 207 1085 vero
229 1024 370 1105 privatim
394 1041 504 1085 causae
528 1023 728 1103 suppetebant
749 1043 807 1085 nun
825 1024 1070 1086 contemnendae.
1106 1025 1240 1089 Primum
1262 1028 1299 1089 de
1323 1020 1386 1090 tam

27 1112 248 1192 multiplicibus
272 1113 536 1194 inaequalitatibus
561 1113 665 1174 Lunae
697 1114 793 1175 multa
821 1111 893 1174 mihi
923 1131 989 1174 cnm
1011 1114 1152 1194 Tychone
1177 1116 1245 1178 vivo
1269 1118 1386 1180 disser-

32 1201 114 1264 tatio
138 1201 214 1278 lnit·;
238 1222 296 1285 quo
314 1202 468 1264 hortatore
484 1219 603 1282 semper
618 1201 730 1281 aliquid
751 1202 915 1278 tentabam,
940 1212 974 1263 nt
996 1222 1054 1263 una
1078 1204 1155 1283 quod
1179 1206 1264 1285 ajunt
1286 1205 1388 1270 fidelia

33 1291 113 1353 duos
142 1292 275 1373 parietes
306 1291 477 1353 dealbatam
510 1291 585 1369 (upa
614 1290 735 1371 inquam
765 1288 924 1372 hypothesi
957 1299 1110 1372 utramque
1141 1294 1387 1374 inaequalitatem

33 1383 238 1456 excusamm).
272 1378 440 1442 Sexcentas
456 1380 572 1442 tentavi
589 1378 690 1441 aditus
714 1380 923 1460 complurimi
947 1381 1089 1460 temporis
1109 1382 1250 1461 jactura:
1276 1383 1386 1447 toties·

33 1488 94 1550 que
112 1469 178 1548 jam
201 1470 378 1531 devoratam
407 1470 551 1549 praedam
581 1468 689 1531 iterum
717 1488 733 1529 e
758 1469 893 1531 faucibus
921 1469 1018 1532 amisi.
1065 1472 1142 1533 Nam
1165 1472 1238 1535 mihi
1261 1473 1385 1536 subinde
1416 1508 1419 1513 ·

32 1558 213 1639 imponebat
234 1559 371 1622 circellus
395 1559 447 1621 ifle
474 1559 513 1620 ad
536 1559 662 1620 Terram
688 1567 759 1639 post
790 1558 911 1620 dumeta
943 1560 1139 1638 triangularis
1168 1562 1280 1624 laboris
1310 1563 1384 1625 lati-

32 1655 116 1710 tans.
154 1649 287 1710 Tandem
312 1648 403 1728 igitur
425 1648 455 1708 in
479 1649 613 1728 apricum
628 1647 836 1709 commodioris
859 1647 1063 1728 hypotheseos
1086 1648 1144 1711 luit
1166 1651 1386 1730 protrahendus
1506 1686 1511 1693 ·

21 1744 66 1811 ,et
88 1744 173 1799 totus
196 1758 263 1800 cum
286 1737 422 1800 omnibus
446 1737 561 1799 artibus
585 1736 649 1798 suis
672 1737 702 1797 in
726 1737 862 1799 tabulam
885 1736 1098 1816 conjiciendus.

123 1827 159 1889 In
183 1837 337 1907 posterum
360 1826 461 1907 itaque
486 1826 557 1887 mihi
581 1826 640 1887 erit
662 1825 850 1905 expeditius,
879 1826 995 1888 variam
1017 1827 1106 1905 hujus
1129 1830 1385 1909 prosthaphaere·

32 1934 104 1979 aeos
128 1916 354 1996 permistionem
377 1935 444 1977 cum
472 1916 555 1978 diota
578 1915 712 1996 Tychoni
735 1915 903 1976 variatione
927 1925 1081 1979 menstrua
1103 1918 1226 1999 propius
1250 1930 1386 1982 contem-

30 2005 112 2087 plari
121 2014 134 2078 ',
165 2013 197 2068 et
224 2006 330 2068 videre
358 2025 396 2066 an
421 2004 633 2093 sufficientibus
657 2004 899 2066 observationum
923 2005 1144 2067 conditionibus
1175 2009 1315 2085 suffulta,
1349 2028 1387 2070 an

31 2096 133 2176 (qnod
146 2095 296 2157 interdurn
312 2094 470 2175 suspicor)=
486 2094 534 2154 vel
552 2112 618 2155 oum
636 2093 803 2155 variatione
822 2093 994 2175 Tychonica
1018 2096 1098 2166 (cum
1120 2094 1276 2177 physicam
1298 2098 1387 2179 plane
1484 2088 1492 2108 ⁸

30 2193 194 2265 utramque
218 2204 287 2246 esse
317 2202 441 2245 necesse
464 2183 524 2256 sit]
553 2182 601 2243 vel
631 2200 707 2243 cum·
719 2182 906 2244 Ptolemaios
934 2178 1053 2261 a’yalrua
1079 2192 1234 2271 menstrua
1261 2186 1387 2267 epicycli

29 2292 193 2336 commune
216 2274 288 2358 quid
311 2272 465 2337 obtineat:
490 2273 534 2332 sic
557 2280 591 2333 nt
613 2279 771 2351 susceptus
792 2270 992 2350 aOcpernico
1012 2273 1160 2334 secundus
1181 2275 1333 2356 epicyclus
1355 2282 1388 2337 et

26 2372 242 2433 transsumtus
266 2361 443 2442 aTychonc
467 2360 562 2442 adque
585 2362 711 2422 Terram
734 2361 899 2424 collocatus
923 2380 980 2422 non
1003 2362 1092 2442 plane
1115 2361 1199 2425 illam
1220 2364 1387 2427 Ptolemai-

27 2470 103 2516 cam
128 2447 247 2532 iniecta
268 2459 415 2532 praestet,
439 2458 656 2530 contraquam
682 2447 869 2531 Oopernicus
889 2449 940 2512 lib.
964 2451 1020 2514 IV.
1045 2470 1112 2532 cap.
1137 2447 1386 2517 esemonstrare

28 2540 154 2606 nititur.

128 2627 224 2693 Simul
247 2629 338 2691 etiarn
361 2628 526 2710 periculum
556 2630 654 2691 lacere
684 2628 766 2690 volui
796 2628 908 2691 laboris
936 2628 1107 2691 tabularum
1128 2629 1389 2709 Rudolphinarum

29 2719 279 2784 condendarum:
304 2736 362 2798 quo
378 2717 496 2779 nomine
520 2717 593 2791 (etsi
610 2736 684 2798 opus
699 2717 796 2797 ipsum
816 2736 868 2778 sen
888 2717 1004 2779 irritum
1028 2737 1081 2803 sen
1104 2737 1163 2780 non
1186 2719 1388 2785 necessarium

28 2810 137 2884 esset)
160 2827 219 2871 nou
243 2807 438 2870 mediocriter
458 2826 505 2869 me
528 2807 693 2887 profecisse
717 2824 835 2869 censeo.

127 2896 214 2968 Quod
238 2905 338 2961 autem
358 2916 417 2958 nou
433 2915 498 2958 eam
519 2897 644 2958 sormam
659 2896 828 2957 tabularum
843 2914 909 2957 sum
924 2905 1054 2970 secutus,
1079 2915 1167 2976 quam
1181 2897 1386 2974 Ptolemaeus,

28 2987 231 3069 Alphonsini,
256 2986 440 3066 Cepernieus
460 2995 492 3046 et
505 2986 683 3047 Pmtenicae
701 2986 901 3066 praeiverunt,
926 3004 1020 3046 causa
1038 2985 1113 3046 haec
1136 2994 1194 3059 est,
1219 2985 1289 3066 quia
1310 2987 1386 3051 haec

27 3077 109 3143 mihi
134 3077 229 3138 forma
252 3076 381 3138 omnium
404 3075 584 3136 brevissima
606 3074 726 3136 videtur
755 3075 822 3136 loca
851 3073 1044 3152 computandi
1073 3092 1111 3134 ex
1143 3073 1275 3148 tabulis;
1309 3094 1386 3156 quae

15 3166 97 3231 .etai
120 3165 149 3227 in
173 3166 260 3229 Luna
283 3164 416 3226 nonnihil
439 3164 530 3225 hahet
552 3164 715 3226 etiamnum
739 3164 865 3236 laboris,
894 3170 1017 3243 propter
1040 3164 1220 3244 apogaei'et
1242 3164 1386 3229 nodorum

31 3257 153 3320 celeras
184 3264 303 3323 motus,
335 3254 366 3314 in
398 3253 507 3317 ceteris
538 3261 638 3315 tamm
668 3252 800 3332 planetis
828 3259 913 3314 tanto
943 3252 1051 3332 majori
1078 3271 1145 3315 cum
1172 3253 1292 3315 foenore
1316 3254 1385 3318 erit.

30 3339 79 3409 Et
102 3354 204 3408 tamen
227 3344 256 3406 in
280 3344 349 3423 ipsa
371 3342 464 3404 etiam
485 3343 572 3405 Luna
600 3342 758 3422 plurimum
785 3341 924 3422 expedire
948 3352 1039 3421 puto:
1073 3360 1131 3402 non
1154 3361 1208 3422 per
1231 3343 1386 3406 anfractus

33 3445 69 3498 et
92 3435 225 3497 latentes
248 3431 314 3494 vias
338 3431 541 3512 longitudinis,
563 3432 750 3515 anomaliae,
774 3440 873 3492 motus
897 3429 1065 3493 latitudinis
1088 3431 1225 3493 incedere
1249 3432 1386 3511 ignarum

33 3522 253 3597 obirascaris,
276 3521 449 3601 priusquam
472 3520 511 3581 ad
535 3520 669 3583 ultimum
688 3521 846 3600 pervenias
867 3520 995 3581 ostium:
1020 3519 1075 3580 sed
1098 3538 1135 3580 ex
1158 3519 1284 3583 editiore
1307 3521 1384 3596 loco,

34 3612 168 3695 apogaei
191 3611 307 3673 scilicet
330 3617 361 3671 et
383 3610 527 3671 nodorum
549 3609 636 3671 tardo
659 3617 757 3683 motu,
788 3616 980 3689 prospectum
1008 3608 1102 3670 totius
1130 3607 1244 3670 itineris
1267 3628 1386 3690 semper

33 3702 150 3766 habere
174 3702 211 3763 oh
235 3700 346 3762 oculos.
394 3698 495 3771 Quare
519 3698 591 3773 tibi,
616 3696 674 3759 Vir
695 3698 801 3761 harum
824 3717 922 3759 rerum
943 3696 1124 3778 peritissime
1148 3697 1294 3777 juxtaque
1318 3716 1384 3761 am·

33 3790 189 3876 piissime,
220 3790 373 3871 exemplar
395 3796 621 3868 repraesentare
645 3788 725 3849 volui
754 3789 818 3866 ejus
833 3788 954 3849 dormae
978 3782 1147 3848 tabularum
1167 3786 1384 3866 Rudolphaea·

34 3896 115 3959 rum,
140 3899 229 3962 quam
252 3898 307 3958 ego
331 3877 431 3940 animo
456 3877 588 3957 concepi,
613 3884 646 3938 ut
668 3878 738 3957 quia
760 3877 910 3957 publicum
934 3894 1008 3956 opus
1032 3876 1161 3937 loturum
1183 3883 1232 3936 est
1254 3876 1296 3949 (si
1318 3877 1384 3939 Deo

34 3968 203 4055 placuerit)
230 3968 359 4050 plurium
388 3967 480 4029 etiam
510 3975 542 4028 et
570 3966 801 4046 intelligentium
825 3965 938 4045 judicio
965 3965 1109 4026 firmetur.
1154 3965 1284 4027 Paratus
1306 3966 1401 4031 enim.
1474 3986 1476 3991 ’

35 4080 126 4136 sum,
158 4058 185 4122 si
213 4058 366 4139 quisquam
397 4056 469 4118 mihi
499 4055 784 4136 compendiosiorem
814 4055 895 4117 viam
923 4053 1152 4128 monstraverit,
1174 4053 1267 4115 -illam
1290 4054 1384 4137 sequi,

34 4149 213 4214 institutum
240 4148 387 4209 deserere.
434 4145 547 4224 Accipe
576 4144 667 4225 igitur
697 4145 753 4206 has
776 4142 844 4206 Tibi
874 4144 1008 4224 proprias
1041 4143 1181 4218 chartas,
1214 4162 1324 4225 easque
1352 4150 1386 4205 ut

35 4239 127 4304 lubet
149 4245 180 4299 et
203 4236 342 4319 expedire
366 4234 421 4296 tibi
443 4234 609 4310 videbitur,
639 4254 706 4296 cum
735 4232 867 4295 literatis
897 4239 928 4293 et
950 4251 1048 4294 rernm
1074 4231 1309 4311 intelligentibus
1332 4249 1386 4295 seu

36 4328 160 4412 publice
184 4346 237 4390 seu
259 4324 401 4405 privatim
419 4323 621 4385 communica:
646 4324 690 4385 sic
713 4332 815 4385 tamen
837 4332 872 4382 ut
894 4320 1023 4384 virorum
1045 4320 1332 4402 doctorum·jndicia
1354 4319 1385 4383 in

36 4434 140 4481 meum
162 4424 194 4477 et
223 4416 316 4477 totius
344 4411 544 4475 astronomiae
572 4413 757 4473 commodum
786 4409 919 4472 vicissim
950 4410 1109 4488 colligere,
1143 4428 1202 4489 qua
1233 4407 1406 4475 commode.

37 4505 174 4590 poteris,
199 4506 361 4585 Tuamque¹
375 4501 538 4581 adjungere
562 4520 620 4563 non
644 4501 791 4581 negligas.
837 4499 944 4561 Facies
966 4499 1014 4574 id,
1046 4498 1125 4579 quod
1154 4499 1259 4565 doctos
1282 4516 1386 4561 omncs

39 4617 62 4658 a
82 4596 128 4658 Te
152 4601 328 4673 exspectare
352 4592 492 4653 diuturna
515 4591 727 4653 cousuetudine
751 4588 888 4652 docuisti.
934 4588 1013 4651 Vale
1037 4596 1137 4648 etms
1160 4606 1260 4650 amare
1283 4604 1384 4667 perge.

10 4686 14 4697 '
39 4684 163 4764 Pragae
185 4680 384 4747 Bohemornm
406 4679 446 4742 X.
465 4677 530 4743 cal.
552 4680 653 4760 Majas
675 4698 754 4744 anno
777 4678 857 4758 vulg.
881 4677 1011 4758 epochae
1036 4675 1151 4741 Christi
1171 4677 1230 4742 Dei
1255 4672 1349 4742 1603.

734 4767 815 4831 Nob.
839 4774 871 4827 et
892 4766 975 4847 Mag.
998 4773 1069 4828 tuae

950 4853 1194 4941 ιιιίιίἰιιίιιίιιιιιΥ

1014 4956 1020 4964 ·
1055 4941 1109 5008 Jo.
1130 4937 1297 5028 Kepzm
