3278 5550
248 293 289 365 62
663 299 764 353 Literae
782 300 883 366 Kepleri
901 300 1052 368 aliorumque
1069 304 1171 351 ιιιιιιι

244 479 348 543 primunr
367 479 457 544 incipio
475 493 575 529 manum
595 479 724 529 admovere
744 485 840 534 aratro,
865 485 950 543 utpote
968 481 1008 543 qui
1026 479 1147 529 hactenus
1170 477 1227 526 solis
1246 476 1455 527 observationibus
1473 483 1500 527 et
1518 477 1596 528 inbri-

242 550 329 601 candis
342 550 458 601 Uranicis
476 551 643 602 instrumentis
661 565 761 614 operam
773 551 889 601 dederim.
916 549 993 614 Cupio
1011 565 1077 601 nunc
1096 551 1140 600 abs
1153 556 1187 608 te,
1206 551 1239 598 mi
1258 548 1461 599 excellentissime
1472 550 1597 613 Keplere,

242 623 269 673 iu
287 621 432 686 quibusdam
451 623 541 673 doceri.
568 623 605 671 Tu
623 621 681 671 mihi
700 621 733 671 D.
748 623 872 684 Tycbonis
890 622 944 671 loco
962 624 988 671 in
1006 629 1129 686 posterum
1148 635 1240 686 quaeso
1253 621 1295 677 ιιι,
1314 626 1340 670 ιι
1353 619 1497 684 Cynosurae
1515 622 1598 672 iustu

241 692 300 743 ιιιιιι
318 694 343 742 ιι
355 699 425 742 vasto
443 693 489 744 buc
503 694 720 761 astronomicomm
740 695 910 745 exercitiorum
921 695 983 743 mari
1002 694 1135 744 constituto
1154 699 1180 742 et
1193 692 1319 742 dubiorum
1336 692 1449 755 procellis
1467 693 1596 743 interdum

242 764 343 829 egregie
360 770 447 814 cerato
466 773 492 814 et
510 778 526 815 a
543 766 593 814 veri
611 766 706 814 itineris
724 767 823 815 tramite
842 765 947 828 dejecto,
967 765 1120 828 praelucens.
1146 763 1260 824 Quantus
1278 778 1367 827 nempe
1385 765 1427 824 sis,
1447 778 1498 812 nnn
1516 764 1597 815 solum

240 833 387 886 Prodromus
405 842 462 884 tuus
481 836 601 893 ostendit,
621 837 665 886 sed
684 838 760 886 etium
779 836 811 887 D.
831 835 863 886 D.
883 837 1029 887 Franciscus
1049 843 1075 885 et
1092 835 1219 885 lohannes
1242 835 1301 884 mihi
1327 835 1411 885 crebro
1434 841 1596 899 aperuerunt.

330 904 383 966 Quo
402 920 480 970 usque
499 908 524 956 in
542 913 652 958 motuum
670 909 821 958 correctione
844 922 985 973 progressus
1004 909 1037 957 sis
1056 912 1082 957 et
1100 920 1173 970 quam
1191 906 1310 964 feliciter,
1328 907 1392 956 seire
1411 908 1490 970 cupio.
1528 907 1596 956 Vide

240 983 325 1028 ιιιιιι
343 992 374 1026 ιι
386 976 455 1029 Mars
473 979 518 1027 tibi
536 981 569 1028 sit
580 978 664 1036 Mors;
683 980 757 1028 nimio
771 981 836 1028 enim
855 979 935 1028 studio
953 994 1029 1042 saepe
1047 979 1169 1028 nobismet
1180 979 1239 1041 ipsis
1252 984 1355 1029 mortem
1373 977 1544 1028 conciliamus.
1560 1001 1596 1010 -

239 1050 287 1101 ers
300 1074 333 1083 —
346 1048 414 1098 Mars
428 1077 460 1087 —
473 1049 549 1100 Mors.
564 1076 597 1085 -
610 1052 658 1100 Ars
675 1052 830 1114 persequitur
840 1049 957 1110 Martem,
971 1050 1039 1100 Mars
1052 1064 1108 1099 vero
1120 1048 1352 1117 Mortem—causare
1363 1048 1427 1098 solet
1444 1062 1549 1101 rursum.
1562 1074 1596 1085 -

241 1119 333 1170 Ultimo
351 1134 458 1183 quaero,
477 1135 513 1171 ιι
531 1121 700 1186 deprehendas
718 1121 807 1172 Martis
832 1129 926 1171 motum
951 1123 1031 1186 magis
1051 1120 1147 1184 aphelio
1166 1134 1240 1184 quarn
1259 1134 1371 1185 apogaeo
1389 1120 1537 1183 respondere
1557 1119 1596 1169 vel

242 1189 302 1242 cui'.⁹
340 1190 562 1255 Extemporaneum
581 1193 664 1243 stilum
687 1208 791 1258 eumque
814 1194 932 1255 rusticum
950 1199 976 1243 et
999 1191 1134 1256 impolitum
1157 1191 1214 1240 boui
1238 1191 1346 1241 consule.
1384 1191 1423 1241 De
1449 1191 1528 1241 serbis
1548 1206 1596 1256 ago

243 1261 361 1312 sellicitus
380 1277 515 1326 nunquam,
534 1278 589 1313 amo
608 1280 655 1314 res.
676 1295 709 1304 -

327 1342 421 1392 Eodem
440 1357 498 1408 quo
495 1343 569 1395 haec
584 1346 685 1409 scripsit
697 1345 823 1395 Fabricius
842 1344 881 1394 die
895 1344 957 1394 alies
977 1343 1071 1393 addidit
1088 1343 1182 1399 literas,
1201 1342 1249 1395 bac
1261 1343 1398 1406 praemissa
1416 1343 1594 1392 excusatione:

239 1411 319 1474 Quid,
337 1428 444 1497 quaeso,
473 1415 503 1465 de
523 1416 596 1475 tanta'
617 1417 743 1466 literarum
760 1415 824 1466 mole
843 1416 921 1499 deque
939 1423 976 1463 tot
994 1414 1178 1478 quaestionibus
1202 1422 1228 1464 et
1249 1414 1379 1477 propositis
1407 1413 1487 1463 dubiis
1506 1412 1594 1464 dices?

240 1483 313 1535 Certo
332 1487 353 1534 si
373 1484 404 1533 de
422 1491 467 1537 tua
485 1486 640 1538 humanitate
660 1488 810 1545 dubitarem,
833 1495 859 1537 te
877 1488 907 1535 iis
926 1485 1069 1535 odensum
1063 1489 1092 1537 iri
1111 1486 1284 1535 existimarem
1322 1485 1431 1534 Tantum
1448 1499 1506 1534 vero
1525 1500 1593 1535 nuno

239 1554 321 1612 abest,
339 1562 368 1605 ιι
385 1555 451 1608 hanc
473 1573 555 1608 meam
580 1559 726 1610 lamlliarem
745 1559 957 1623 compellationem
975 1564 1001 1607 te
1019 1557 1084 1607 male
1106 1556 1247 1606 habiturum
1272 1563 1370 1619 putem,
1398 1562 1427 1604 ut
1445 1556 1531 1605 honori
1552 1565 1594 1606 tuo

244 1640 370 1678 cessurum
389 1633 415 1676 et
430 1631 538 1679 maxime
557 1630 664 1688 credam,
683 1637 712 1680 ιι
723 1632 764 1695 qui
782 1630 932 1695 singularem
951 1628 982 1677 de
999 1643 1096 1679 summa
1112 1629 1206 1692 ingemi
1218 1629 1254 1676 tui
1267 1627 1367 1677 Ureuici
1386 1624 1437 1686 (eui
1451 1627 1512 1676 nihil
1531 1641 1592 1677 sane

244 1694 329 1775 deest]
345 1697 463 1750 felicitate
482 1706 508 1750 et
526 1701 627 1751 solertia
646 1704 784 1766 opinionem
803 1701 894 1751 dudum
913 1701 1060 1764 acceperim.
1097 1700 1190 1762 Accipe
1208 1700 1282 1763 igitur
1300 1713 1387 1748 sereno
1407 1699 1508 1756 auimo,
1525 1712 1591 1763 quae

238 1769 305 1818 nube
323 1771 422 1818 tertio
414 1785 440 1819 ιι
459 1768 567 1822 mentem
585 1774 665 1823 subito
685 1780 813 1824 venerunt.

328 1848 463 1914 Postquam
481 1852 622 1915 perplexum
641 1861 667 1902 et
684 1854 830 1904 laboriosnm
853 1853 913 1906 illud
930 1851 1129 1916 inquirendamm
1148 1851 1362 1901 ecceutricitatum
1381 1864 1441 1913 opus
1460 1863 1592 1915 aggressus

243 1935 305 1975 sum.
324 1928 438 1983 expertus
456 1937 519 1979 sum,
538 1939 590 1973 rem
607 1925 684 1974 multo
704 1926 775 1975 aliter
793 1925 929 1975 rehabere
948 1939 1021 1988 qnam
1039 1924 1162 1973 hacteuus
1181 1921 1333 1972 crediderim.
1360 1921 1413 1986 Ego
1432 1935 1462 1970 er
1483 1921 1593 1973 omuibus

240 1990 395 2053 acrouychiis
414 2007 488 2042 unam
508 1984 533 2044 et
552 1996 656 2046 eandem
685 1998 896 2048 ecceutricitatem
922 1995 1073 2059 prodituram
1095 1993 1155 2044 mibi
1182 2007 1360 2057 persuaseram
1398 1991 1448 2042 Sed
1467 1991 1511 2041 Dii
1529 1993 1592 2048 boni.

240 2076 304 2127 quae
322 2064 445 2120 varietus.
474 2078 539 2128 quae
566 2068 746 2150 inaequalitas!
778 2069 815 2117 Ex
834 2067 993 2130 acronychiis
1013 2081 1088 2130 prope
1117 2078 1254 2129 apogaeum
1281 2065 1394 2128 utrinque
1421 2056 1497 2129 longe
1515 2066 1593 2127 major

241 2134 414 2184 ιιιιιιιιιιιιι
433 2135 506 2186 datur
522 2152 597 2201 quarn
615 2140 640 2187 in
659 2154 734 2223 uppos
724 2140 776 2187 itis
793 2139 871 2194 locis3
890 2138 947 2188 inde
967 2142 1080 2194 constat,
1099 2137 1174 2186 aliem
1193 2133 1318 2200 quandam
1335 2133 1544 2199 inaequalitatem
1562 2135 1592 2185 ab

241 2205 429 2257 ecceutricitate
448 2205 529 2256 Solari
546 2223 601 2258 sese
619 2211 744 2260 insinnare
767 2209 1024 2274 prostbapbaeresibns
1046 2206 1209 2271 aeronychiis.
1247 2205 1330 2267 Quare
1349 2219 1415 2255 nuuc
1433 2205 1480 2254 has
1499 2221 1592 2272 qnoque

240 2277 408 2340 quaestiones,
426 2290 491 2343 quae
509 2281 673 2342 postmodum
682 2281 830 2339 inciderunt,
849 2281 893 2330 tibi
911 2279 1078 2331 discutiendas
1097 2293 1212 2343 propono.

331 2342 358 2408 1)
378 2345 440 2396 Cum
452 2364 482 2399 ex
495 2350 597 2415 singulis
611 2353 765 2415 a'cronychiis
778 2351 908 2419 singularis
920 2351 1043 2425 quaedem
1058 2350 1229 2401 ecceutricitas
1242 2346 1352 2412 prodeat,
1374 2347 1440 2397 ιιιιι
1453 2320 1593 2413 apogaeum

240 2420 328 2480 major,
348 2419 415 2468 circa
431 2422 575 2485 perigeeum
593 2423 681 2473 Martis
700 2425 794 2486 minor,
816 2425 942 2488 quaeritur
960 2437 1037 2478 nunc,
1058 2435 1123 2486 quae
1140 2420 1237 2469 illarum
1256 2419 1364 2469 omnium
1383 2419 1416 2467 rit
1434 2418 1551 2484 eligenda
1569 2426 1594 2470 et

238 2490 311 2551 Juxta
328 2503 402 2554 qnam
420 2493 543 2555 proportio
563 2494 715 2545 circellnrum
728 2497 760 2544 sit
773 2489 969 2554 constituenda?
989 2493 1055 2542 Saue
1074 2507 1120 2543 uec
1136 2492 1239 2569 minima
1256 2504 1303 2540 nec
1316 2492 1425 2540 maxima
1442 2502 1491 2542 nee
1510 2491 1593 2542 media

241 2562 414 2611 ecceutricitas
433 2564 544 2613 omnibus
564 2567 639 2636 acron
641 2566 719 2630 ychiis
737 2567 882 2616 satisfacere
900 2572 989 2631 potest.

328 2628 357 2693 2)
377 2631 532 2694 Quaeritur,
557 2632 612 2687 curn
631 2637 715 2700 Tycbo
743 2639 956 2688 ecceutricitatem
976 2632 1064 2685 soleo
1082 2637 1108 2684 iu
1126 2633 1211 2684 Marte
1236 2631 1378 2696 acceperit,
1407 2644 1453 2695 que
1476 2635 1534 2695 jure
1552 2640 1595 2685 aut

237 2701 324 2768 quibus
342 2704 478 2754 rationibus
496 2706 521 2756 id
540 2707 633 2758 lactum
652 2711 692 2767 sit,
712 2725 766 2760 eum
785 2724 833 2759 nec
851 2722 947 2759 summa
965 2722 1012 2757 uec
1031 2706 1129 2763 infima,
1148 2705 1193 2755 sed
1210 2703 1294 2753 media
1312 2703 1485 2755 ecceutricitas
1504 2710 1532 2756 et
1548 2719 1592 2765 ιιι

241 2774 277 2825 tic
296 2771 337 2836 (ut
354 2775 453 2841 reliquis
471 2777 589 2842 quinque)
616 2781 770 2844 acronychiis
795 2779 1056 2844 prosthaphaeresibus
1081 2777 1192 2827 omnibus
1212 2790 1241 2825 ex
1259 2782 1324 2824 toto
1336 2774 1494 2838 respondent
1531 2776 1591 2827 Fieri

240 2846 315 2930 igitur
333 2861 382 2895 non
401 2862 472 2910 posse
490 2856 566 2913 puto,
592 2859 621 2900 ut
637 2855 758 2916 proportio
784 2852 936 2903 circellorum
959 2853 1032 2913 Juxta
1048 2848 1115 2898 hauc
1138 2846 1351 2898 ecceutricitatem
1370 2853 1507 2897 munitam
1526 2846 1590 2898 taen

240 2918 361 2981 αιριβωι
386 2919 645 2984 prosthapbaeresibus
672 2924 783 2972 omuibus
811 2921 964 2985 acronychiis
982 2920 1131 2984 respondeat
1148 2919 1186 2967 rel
1200 2916 1347 2983 respondere
1365 2917 1450 2979 possit,
1470 2932 1518 2969 nec
1537 2930 1592 2977 rete

241 3002 338 3055 quoque
358 2989 478 3039 distantia
495 2991 584 3041 Martis
603 3007 620 3042 a
638 2992 695 3044 Sole
713 2995 804 3058 poterit
822 2993 883 3043 dari.
909 2992 1003 3042 Eadem
1022 3004 1117 3055 quoque
1135 2990 1198 3039 ratio
1216 2988 1283 3038 baud
1302 2988 1376 3037 dubio
1395 2989 1465 3038 erit'
1458 3004 1485 3040 ιι
1505 3003 1592 3042 aceen-

240 3058 391 3112 tu'citatibus
403 3073 433 3108 ex
445 3063 508 3110 reris
521 3065 713 3126 oppositionibus
727 3063 790 3113 Solis
804 3072 829 3114 et
841 3063 929 3115 Martis
947 3063 1069 3128 inquisitis
1086 3067 1200 3126 respectu
1216 3058 1316 3122 aphelii.
1343 3058 1409 3119 Quid
1421 3059 1461 3109 bic
1474 3060 1593 3121 iaciemus

238 3132 265 3180 ιι
284 3135 358 3178 tauta
375 3131 515 3181 varietate?
535 3132 606 3193 Quae
626 3136 797 3185 ecceutricitas
816 3137 862 3185 erit
876 3135 1029 3190 authentica,
1047 3135 1119 3195 juxta
1131 3146 1204 3204 quam
1218 3132 1264 3181 erit
1281 3132 1403 3194 proportio
1421 3130 1594 3183 instituenda?

240 3200 354 3272 Inprimis
372 3200 459 3259 miror,
479 3204 519 3266 qni
543 3207 716 3257 ecceutricitas
738 3207 826 3256 Martis
845 3220 861 3256 ι
879 3206 995 3275 Tychoue
1015 3211 1126 3257 assumta
1150 3196 1203 3253 'tem
1221 3203 1318 3252 veritati
1338 3202 1459 3277 proximas
1478 3200 1593 3267 prestha-

239 3260 371 3337 pbaereses
399 3274 561 3336 acrouychias
588 3278 706 3340 praebere
733 3279 826 3341 pessit,
860 3292 915 3328 cum
947 3292 997 3327 uon
1018 3290 1080 3332 vera
1104 3276 1137 3327 sit
1173 3272 1353 3325 ecceutricitas.
1400 3271 1500 3334 Quaeso
1527 3273 1593 3327 baur

241 3343 413 3407 quaestionem
431 3344 490 3394 mihi
509 3346 594 3397 dextre
612 3348 725 3412 explices.
763 3348 802 3398 Τι
819 3349 907 3399 Thesei
925 3348 979 3398 loco
998 3348 1089 3397 mihi
1071 3362 1113 3407 srs,
1133 3346 1195 3398 alim
1214 3360 1263 3395 nou
1282 3344 1355 3394 lacile
1372 3358 1413 3394 me
1430 3347 1592 3397 extricavere.

238 3413 456 3465 Restaurationem
474 3417 596 3482 integram
615 3421 659 3470 tibi
676 3435 786 3478 reservo,
811 3436 866 3471 cum
885 3421 933 3470 mei
957 3419 1052 3469 humeri
1070 3419 1132 3468 lerre
1151 3433 1200 3468 uon
1220 3422 1337 3480 possunt,
1363 3429 1410 3466 neu
1429 3417 1473 3467 otii
1491 3420 1593 3470 neerei

239 3484 365 3535 lamiiiaris
383 3487 447 3536 ratio
465 3492 592 3552 permittit

327 3551 355 3617 3)
375 3556 515 3620 Quaeritur,
540 3575 574 3611 au
591 3569 672 3612 motus
691 3576 857 3628 apogaeorum
883 3564 956 3612 trium
983 3562 1134 3627 superiomm
1159 3539 1228 3610 certa
1256 3559 1351 3615 ratione
1369 3558 1407 3609 vel
1425 3566 1542 3624 respectu
1559 3560 1593 3613 ad

236 3632 330 3679 motum
348 3626 412 3679 Solis
429 3629 500 3687 fiant,
518 3634 556 3683 vel
574 3640 687 3699 respectu
704 3641 785 3685 motus
803 3634 919 3699 perindici
938 3636 1055 3698 cujusque
1072 3633 1111 3681 vel
1129 3628 1271 3696 quomodo‘.⁹

325 3698 354 3761 4)
375 3700 515 3761 Quaeritur,
541 3706 670 3769 quomodo,
689 3705 751 3757 data
775 3706 895 3757 dntautia
912 3705 1029 3769 planetae
1048 3717 1065 3753 a
1081 3703 1159 3754 stellis
1186 3704 1287 3765 ejusque
1315 3702 1453 3763 altitudine,
1472 3703 1591 3754 retractio

237 3774 349 3836 separati
367 3773 458 3823 debeat
475 3776 690 3826 commodissime'.⁹

325 3841 354 3905 ι)
374 3842 515 3904 Quaeritur,
534 3861 568 3897 au
587 3850 650 3898 ratio
674 3848 802 3914 redigendi
823 3848 1036 3898 ecceutricitatem
1062 3845 1164 3897 utam·
1158 3861 1184 3893 ιι
1203 3844 1263 3894 duos
1282 3830 1392 3894 circellos
1411 3845 1444 3893 sit
1448 3843 1549 3895 melior
1568 3852 1593 3897 et

235 3914 315 3964 verior
332 3929 407 3980 quarn
419 3916 471 3978 iila,
488 3932 554 3981 quae
571 3920 596 3969 ιι
607 3919 675 3968 ιιιιι
694 3921 799 3985 apogaei
818 3933 847 3968 ex
860 3919 936 3983 dupla
948 3917 1133 3975 ecceutricitate
1152 3915 1283 3980 sequentis
1302 3921 1330 3966 et
1341 3916 1473 3967 ecceutrici
1490 3917 1594 3983 inquirit

237 3985 468 4049 presthaphaerosin
486 3991 571 4053 puncti
589 3990 716 4041 dati?-

323 4055 381 4106 Jam
399 4064 566 4124 transgressus
585 4062 618 4112 ad
635 4063 785 4127 mnologica
801 4061 910 4144 aliaque,
928 4062 963 4111 sic
984 4058 1108 4111 concludit
1125 4058 1269 4114 Fabricius.

323 4127 412 4187 Multa,
431 4131 511 4182 muita
532 4140 604 4189 sunt,
633 4133 663 4182 de
687 4135 773 4197 quibus
800 4133 907 4182 tecum'
900 4148 926 4181 ιι
944 4138 1083 4195 posterum
1096 4131 1230 4180 diseumere
1255 4128 1327 4186 vulo,
1353 4143 1418 4179 nunc
1436 4127 1547 4193 pluribus
1566 4135 1592 4180 te

235 4211 338 4248 onerare
356 4199 421 4256 nolo,
440 4216 472 4250 ne
490 4205 592 4254 nimium
610 4206 763 4268 importunus
781 4204 835 4253 sim.
872 4202 1003 4260 Rescribe,
1022 4203 1044 4251 si
1062 4201 1180 4252 Uraniam
1202 4207 1340 4266 promotam
1357 4201 1409 4261 ris,¹
1420 4200 1441 4250 si
1461 4200 1591 4266 Calliopen

235 4268 288 4330 ejus
306 4265 414 4320 sororem
432 4286 517 4332 arnas,
543 4277 564 4326 ιι
583 4292 622 4326 me
640 4291 736 4340 qnoque
755 4283 783 4324 ut
801 4286 871 4338 spero
897 4274 977 4339 diligis
995 4279 1089 4323 mutuo.
1126 4274 1179 4339 Ego
1198 4277 1344 4337 exspectans
1364 4236 1512 4347 exspectabo
1532 4279 1590 4334 tuas

236 4339 330 4391 iteras.
367 4340 431 4392 Vale
451 4342 496 4395 cc.
533 4346 644 4411 Raptim,
662 4349 734 4396 utrn
752 4354 861 4396 mentem
879 4351 1006 4395 venerunt.

249 4460 254 4469 ,
325 4411 398 4461 Gur'
392 4429 417 4462 ιι
436 4415 536 4466 Tabulis
555 4416 693 4483 Lausbergi
712 4415 727 4466 ³
747 4417 854 4481 eyphrae
872 4415 969 4480 semper
986 4422 1107 4468 commate
1126 4413 1330 4482 distinguuntur?

322 4483 368 4533 His
386 4491 471 4535 autern
489 4489 616 4540 Fabricius
634 4505 683 4539 non
703 4496 834 4539 contentus
853 4489 1036 4552 quaestionibus
1055 4486 1117 4536 alias
1136 4488 1203 4538 baud
1221 4499 1316 4551 paucas
1344 4484 1508 4549 superaddit
1504 4499 1589 4551 sepa·

234 4555 297 4603 ratis
315 4557 467 4621 conscriptas
485 4560 593 4619 scidulis,
613 4576 675 4624 quas
695 4561 834 4624 inscripsit:
856 4559 1036 4619 Q„uaestiones
1054 4560 1138 4609 variae
1155 4575 1210 4608 cum
1236 4557 1416 4626 astronomicae
1435 4562 1488 4607 turn
1506 4564 1589 4607 astru

232 4624 338 4706 logicae,
331 4641 461 4747 ,quarum
479 4631 575 4681 brevem
604 4631 776 4682 resolutionem
805 4630 973 4682 desideranter
997 4645 1014 4680 a
1031 4630 1067 4680 Μ
1085 4626 1193 4694 Keplero
1221 4620 1327 4695 expetit
1332 4626 1441 4678 Derides
1460 4610 1590 4680 Fabricius

232 4685 354 4763 ἇσπριφι
372 4710 401 4754 ις

325 4770 373 4821 Die
393 4767 462 4834 ¹l¹¹·
482 4773 589 4837 Augusti
607 4775 703 4839 gratias
721 4774 842 4835 maximas
861 4787 938 4839 agens
956 4786 1006 4836 pro
1018 4772 1175 4837 responsione
1187 4772 1290 4836 Kepleri
1310 4768 1470 4833 (desuutbae
1482 4769 1588 4843 Keplsri

232 4839 329 4902 literae,
348 4842 467 4894 dataed.
489 4841 529 4893 te.
548 4842 611 4906 dul.)
636 4860 741 4911 eumque
767 4845 900 4897 laudibus
908 4844 1046 4901 cumulans,
1068 4843 1132 4896 baec
1158 4843 1276 4908 prioribus
1302 4842 1433 4895 sidtu:
1450 4841 1538 4905 Quod
1556 4856 1589 4895 u
