3278 5550
526 290 711 354 ranum
748 290 927 357 camum
1336 284 1402 359 389

78 466 233 532 trationis
265 486 334 530 ease
365 467 470 530 multis
503 469 641 549 partibus
671 469 824 531 fortiorem
857 489 945 551 quam
969 475 1112 531 annulum
1138 469 1207 532 axis
1230 470 1269 533 ad
1292 469 1404 543 Solem,

78 576 143 641 aque
172 557 219 621 ita
245 557 332 623 illam
360 557 400 619 ab
423 558 598 620 adversario
626 566 688 620 tam
712 559 853 621 imbecilli
876 559 924 619 vel
948 558 1023 621 nihil
1046 558 1094 619 vel
1117 578 1221 639 parum
1245 561 1405 622 admodum

78 645 200 728 rtigari?
244 646 425 728 Exemplum
451 666 569 709 rursum
599 649 752 728 capiamus
783 668 821 709 ex
843 655 993 727 magnete.
1039 649 1075 711 In
1099 667 1134 709 eo
1158 649 1404 712 manifestissime

79 736 220 799 mixtae
251 744 322 798 suut
344 736 421 797 duae
444 736 590 809 virtutes,
615 738 712 799 altera
735 736 909 799 directionis
934 737 971 798 ad
994 737 1106 817 polum,
1132 739 1229 800 altera
1253 739 1323 800 ferri
1348 758 1404 818 ap-

79 832 170 887 riano.
217 826 324 907 Itaque
353 825 380 886 si
411 824 527 905 lingula
559 845 613 888 seu
635 846 708 889 acus
731 827 853 888 nautica
875 826 1023 905 dirigatur
1046 845 1151 888 versus
1174 827 1289 908 polum,
1314 847 1404 890 acce-

79 923 109 977 rt
138 933 211 977 vero
234 914 346 976 ferrum
368 934 387 974 a
409 913 518 988 latere,
552 935 623 976 acus
647 936 666 976 a
687 917 756 996 polo
770 915 904 977 declinat
923 933 1083 995 pammper
1106 923 1137 978 et
1160 917 1197 976 ad
1221 918 1331 978 ferrum
1355 916 1403 978 iu-

79 1002 158 1079 bant,
182 1006 275 1084 atque
298 1003 343 1065 ita
359 1003 494 1065 nonnihil
509 1004 644 1084 indulget
663 1005 861 1067 familiaritati
880 1004 965 1078 ferri,
991 1004 1035 1066 sic
1055 1012 1165 1078 tamen,
1190 1012 1224 1066 ut
1244 1006 1402 1086 plurimum

79 1090 124 1155 ulo
146 1092 272 1155 tribuat
318 1091 397 1153 Hinc
420 1092 496 1153 adeo
519 1093 584 1154 fieri
605 1102 695 1175 putat
718 1093 930 1167 Gilbertus,
957 1098 990 1154 ut
1012 1093 1124 1172 lingula
1140 1114 1158 1154 a
1172 1094 1242 1173 polo
1259 1095 1297 1155 ad
1312 1113 1403 1173 prae-

79 1181 159 1263 'pune
182 1180 398 1260 magnitudinis
421 1183 609 1245 continentes
632 1182 778 1257 declinet,
804 1190 893 1264 atque
918 1182 960 1244 ita
980 1201 1077 1268 causa
1092 1182 1302 1245 declinationis
1316 1183 1405 1262 hujus

79 1270 131 1333 rsit
158 1269 191 1332 in
213 1272 373 1332 Terrarum
397 1271 559 1345 tractibus,
583 1280 673 1351 prout
696 1293 715 1332 a
738 1272 853 1334 dextris
877 1272 924 1332 vel
948 1290 966 1332 a
989 1270 1120 1333 sinistris
1142 1271 1283 1347 altiores,
1306 1272 1404 1353 majo-

79 1376 105 1422 ιι
125 1368 159 1421 et
182 1359 294 1421 virtute
316 1358 510 1439 pollentiores
533 1360 564 1422 iu
586 1362 751 1442 propinquo
775 1361 846 1423 sint.

142 1447 290 1531 Adeoque
322 1448 428 1509 eadem
461 1468 552 1529 opera
583 1459 616 1511 et
646 1450 834 1529 aequabilem
866 1449 982 1530 utrique
1013 1448 1150 1511 facultati
1173 1450 1305 1512 naturali
1328 1468 1402 1532 ope-

79 1538 203 1600 rtionem
225 1537 400 1619 permittere
423 1557 600 1617 possumus,
623 1549 655 1601 et
676 1539 950 1620 contemperatione
974 1538 1127 1618 utriusque
1155 1558 1213 1600 non
1246 1539 1403 1603 obscuram

80 1644 149 1709 eque
180 1626 349 1688 mehercule
380 1647 488 1689 vanam
525 1629 683 1689 ostendere
707 1648 828 1690 causam
852 1627 1061 1689 translationis
1085 1628 1279 1705 apheliorum.
1325 1630 1403 1692 Esto

80 1716 144 1791 Ιίιι,
166 1723 203 1780 ut
223 1715 300 1777 haec
322 1715 369 1776 vis
392 1715 540 1796 dirigendi
563 1718 629 1778 axis
653 1717 683 1779 iu
707 1718 811 1781 Solem
834 1718 960 1796 deroget
973 1716 1107 1778 nonnihil
1126 1717 1229 1779 virtuti
1250 1718 1404 1781 retentrici

80 1822 110 1877 ro
135 1805 257 1868 modulo
290 1822 361 1866 suae
394 1805 433 1866 ad
461 1806 545 1867 illam
567 1807 780 1887 proportionis.
826 1809 860 1869 In
885 1806 1072 1868 semicirculo
1095 1805 1186 1886 igitur
1209 1807 1333 1887 ephebi,
1371 1815 1405 1869 ut

80 1893 136 1971 pc
154 1898 309 1970 (malla),
333 1912 433 1955 mucro
457 1913 562 1957 versus
585 1897 615 1958 Η
637 1905 749 1958 annuet
771 1914 944 1978 parumper,
977 1895 1034 1963 hoc
1061 1904 1108 1956 est
1132 1895 1162 1956 iu
1185 1896 1404 1972 antecedentia,

80 1980 153 2061 hdr
176 2003 249 2046 vero
273 1983 385 2044 abnuet
407 2004 426 2045 a
448 1982 530 2059 Sole,
552 1985 675 2047 vincens
697 2004 857 2067 parumper
876 1984 936 2045 vim
951 1964 1152 2046 refeutricem.
1191 1985 1405 2066 Itaqueaphe-

149 2073 204 2135 tiet
225 2072 442 2151 retrogradum.
487 2073 533 2135 At
554 2073 585 2135 iu
609 2073 795 2136 semicirculo
818 2073 969 2154 perihelii,
1007 2081 1041 2134 ut
1063 2072 1092 2134 iu
1116 2075 1158 2148 F,
1193 2083 1305 2136 annuet
1326 2074 1406 2136 idem

179 2180 287 2224 versus
313 2158 351 2237 G,
376 2161 433 2222 hoc
455 2163 552 2225 estin
574 2164 797 2245 consequentia,
821 2181 922 2224 rusum
945 2164 1068 2224 vincens
1091 2163 1152 2223 vim
1170 2164 1361 2226 retentricem
1375 2164 1405 2225 in

178 2252 247 2313 'um
294 2251 378 2312 Turm
401 2251 493 2330 igitur
516 2252 667 2333 aphelium
682 2254 735 2314 fiet
752 2254 898 2314 directum
913 2259 945 2313 et
962 2250 1060 2312 velox.
1103 2249 1183 2321 Quia
1201 2271 1272 2313 vero
1287 2253 1407 2314 brevior

127 2342 183 2405 AF
205 2359 296 2422 quam
317 2338 395 2414 AO,
430 2350 462 2402 et
484 2340 539 2403 Sol
562 2342 684 2423 propior
706 2342 765 2422 ipsi
787 2344 812 2402 F
835 2361 924 2422 quam
947 2340 1006 2421 ipsi
1030 2337 1074 2414 C,
1107 2339 1176 2402 ideo
1205 2349 1236 2402 et
1258 2341 1306 2404 vis
1330 2361 1405 2404 con·

128 2429 206 2492 ‘onis
239 2428 306 2491 axis
338 2430 499 2508 magnetici
532 2431 570 2493 ad
593 2430 697 2494 Solem
729 2431 837 2493 fortior
867 2430 898 2493 in
921 2432 946 2491 F
968 2447 1058 2510 quam
1079 2428 1111 2491 in
1134 2427 1169 2491 0.
1216 2430 1290 2492 Plus
1314 2429 1407 2511 igitur

168 2518 252 2581 bitur
274 2517 428 2581 retentrici
450 2519 482 2580 in
504 2521 529 2580 F
552 2539 641 2601 quam
663 2520 694 2581 in
718 2519 753 2584 0.
792 2521 860 2581 Non
879 2527 996 2581 tantum
1015 2518 1107 2597 igitur
1123 2528 1299 2599 compensat
1315 2529 1406 2583 nutus

126 2686 129 2691 Ι
160 2608 221 2670 lius
249 2607 280 2669 in
310 2608 525 2689 consequentia
553 2616 657 2671 nutum
680 2608 832 2690 aphelium
854 2609 884 2669 iu
907 2607 1135 2681 antecedentia,
1159 2607 1328 2671 sedetiam
1352 2629 1406 2671 su·

165 2716 244 2759 eum.
290 2696 392 2777 Atque
414 2698 459 2758 ita
481 2716 573 2760 causa
594 2706 689 2780 patet,
713 2717 765 2760 cur
788 2697 910 2777 apsides
931 2696 1172 2778 progrediantur,
1194 2716 1253 2758 uon
1271 2705 1406 2761 retroce-

187 2789 293 2867 Itaque
317 2785 468 2866 aphelium
491 2787 618 2849 anobis
641 2787 795 2850 inventum
818 2786 933 2848 valebit
954 2793 1071 2848 tantum
1093 2786 1124 2847 in
1148 2786 1299 2848 anomalia
1314 2806 1405 2849 coae-

171 2872 233 2940 90υ
256 2883 288 2936 et
310 2870 408 2949 270⁰,
436 2877 555 2957 quando
582 2876 649 2938 axis
671 2878 824 2938 virtuosus
848 2876 878 2937 in
902 2875 1006 2938 Solem
1029 2875 1126 2956 ipsum
1147 2873 1326 2955 porrigitur,
1354 2877 1405 2958 qui

129 2966 227 3046 justus
251 2963 316 3044 ejus
340 2963 436 3037 situs,
474 2966 589 3046 eritque
612 2974 711 3027 motus
735 2965 846 3046 aphelii
871 2963 1004 3045 spiralis,
1026 2972 1062 3025 ιιι
1078 2963 1157 3025 iufra
1175 2984 1240 3046 cap.
1256 2965 1404 3029 LXVIII.

178 3055 216 3116 de
249 3061 332 3115 motu
362 3054 584 3135 praecessionis
615 3055 872 3136 aequinoctiorum
903 3054 940 3116 ob
970 3071 1092 3115 causam
1125 3053 1217 3115 aliam
1244 3054 1404 3117 existentis

150 3144 183 3206 it.
229 3141 367 3204 Directio
396 3143 488 3223 igitur
510 3144 577 3205 axis
600 3143 761 3223 magnetici
784 3143 924 3205 insitum
946 3142 1140 3222 parallelum,
1164 3162 1218 3204 seu
1240 3143 1298 3219 vis,
1322 3144 1404 3206 illius

160 3282 169 3308 ,
193 3251 254 3294 uon
276 3231 419 3312 respiciet
440 3234 516 3295 fixas
538 3233 595 3294 has
618 3234 666 3295 vel
689 3233 773 3307 illas,
798 3233 852 3294 sed
874 3240 992 3293 tautum
1015 3231 1106 3293 situm
1130 3231 1176 3293 sui
1199 3233 1347 3313 corporis,
1371 3241 1405 3294 ut

117 3330 161 3385 aa
188 3319 323 3403 quolibet
350 3330 493 3401 tempore.
544 3321 585 3383 Et
611 3340 643 3383 re
672 3321 848 3401 simpliciter
875 3340 1040 3402 perpensa,
1079 3321 1149 3401 quia
1178 3321 1304 3385 directio
1328 3323 1403 3389 haec

108 3403 115 3422 '
140 3412 148 3426 ⁶
171 3410 300 3475 similior
323 3419 371 3472 est
393 3429 481 3491 quam
503 3410 607 3486 motui,
631 3412 661 3472 in
679 3411 806 3473 materia
827 3410 915 3492 inque
932 3407 1065 3488 corporis
1081 3408 1278 3489 dispositione
1292 3411 1404 3492 potiori

142 3499 310 3583 quaeritm,
333 3518 422 3581 quam
444 3500 475 3562 in
497 3500 598 3581 aliqua
620 3508 729 3561 mente.

142 3591 215 3670 Age
239 3607 320 3659 vero,
343 3589 520 3650 arctioribus
550 3588 688 3668 vestigiis
719 3606 933 3668 persequamur
956 3588 1032 3649 hanc
1060 3585 1283 3649 similitudinem
1305 3587 1402 3651 libra-

120 3678 129 3694 '
182 3677 372 3760 planetariae
396 3696 462 3739 cum
490 3687 573 3740 motu
602 3677 769 3757 magnetis,
801 3676 888 3757 idque
920 3676 1172 3738 demonstratione
1204 3675 1403 3756 pulcherrima

82 3767 259 3833 enema:
283 3774 316 3828 ut
338 3773 493 3848 appareat,
516 3776 673 3847 magnetes
695 3765 787 3828 talem
810 3764 919 3827 babere
941 3773 1064 3839 motum,
1088 3765 1206 3844 qualem
1229 3765 1258 3827 iu
1280 3766 1405 3846 planeta

82 3855 318 3939 prehendimus.
365 3855 414 3919 Sir
435 3856 520 3920 ΒΕΑ
544 3863 609 3931 (rig.
630 3860 692 3925 ιιι)
715 3855 764 3916 vel
786 3872 909 3934 magnes
936 3854 1081 3916 rotundus
1104 3854 1153 3915 vel
1176 3855 1273 3935 ipsum
1296 3873 1403 3936 corpus
1498 3922 1502 3931 ,

82 3932 189 4015 bris:
222 3945 283 4008 DA
305 3945 400 4020 busa,
425 3946 586 4008 secundum
609 3965 696 4027 quam
719 3942 880 4025 porrigitur
909 3944 1005 4006 virtus
1037 3943 1223 4023 magnetica:
1259 3944 1287 4006 D
1313 3946 1402 4025 polus

82 4032 137 4123 plis
161 4042 331 4115 appetens,
361 4033 392 4096 A
414 4035 500 4115 polus
528 4034 641 4098 aSole
671 4035 797 4114 fugiens.
848 4031 981 4094 Primum
1009 4031 1142 4107 notabis,
1178 4032 1258 4094 idem
1280 4051 1349 4094 esse
1372 4032 1404 4095 iu

83 4134 111 4193 te
140 4122 368 4207 speculatione,
403 4123 466 4185 sive
499 4125 720 4187 consideremus
751 4123 900 4201 integrum
923 4122 1044 4202 globum
1071 4120 1206 4200 corporis
1230 4122 1402 4202 magnetici,

83 4224 117 4279 te
140 4231 237 4278 uuam
260 4213 357 4274 solam
379 4213 445 4292 eJus
468 4212 576 4275 lineam
600 4213 756 4295 physicam
779 4210 901 4274 virtutis
923 4210 982 4291 ipsi
1005 4210 1064 4274 DA
1086 4211 1264 4291 parallelon.

143 4303 227 4369 cnm
254 4301 333 4364 enim
363 4302 460 4364 virtus
489 4303 564 4365 haec
587 4302 758 4382 magnetica
780 4299 821 4361 sit
844 4299 1009 4379 corporalis
1032 4307 1152 4361 etcum
1176 4318 1299 4380 corpore
1322 4299 1403 4362 diri-

83 4398 121 4472 ἡ,
147 4400 186 4456 ιιι
200 4390 344 4473 probavit
358 4390 564 4455 Gilbertus
578 4392 706 4471 Anglus,
730 4392 766 4452 B.
783 4385 951 4462 Porta⁹⁶)
974 4395 1006 4451 st
1019 4387 1088 4464 alii;
1111 4395 1192 4449 certe
1212 4387 1281 4469 quia
1295 4389 1404 4470 globus

83 4490 182 4551 uetat
215 4498 254 4542 ex
280 4480 406 4543 infinitis
428 4481 514 4562 quasi
537 4479 625 4541 lineis
647 4479 780 4561 physicis
803 4476 862 4558 ipsi
883 4477 949 4540 DA
966 4476 1138 4557 prallelis,
1162 4496 1286 4558 quarum
1309 4478 1404 4542 virtus

87 4564 230 4641 'nomm
251 4577 285 4631 et
305 4588 395 4632 uuam
416 4568 518 4632 mundi
540 4568 663 4649 plagam
685 4565 865 4641 extenditur,
889 4567 926 4627 de
951 4552 1077 4645 singulis
1101 4565 1227 4628 seorsim
1250 4567 1330 4629 idem
1346 4567 1406 4630 erit

83 4660 200 4733 tioium
232 4657 315 4721 cirea
344 4657 523 4742 qualitatem
544 4663 662 4733 motus,
695 4657 774 4738 quod
796 4663 844 4718 est
866 4655 902 4717 de
926 4653 1076 4718 universis
1099 4655 1280 4735 conjunctim
1303 4665 1335 4718 et
1356 4656 1405 4717 vi-

83 4755 148 4823 m.
205 4748 258 4814 Sit
288 4766 361 4828 ergo
388 4748 455 4810 loco
476 4746 572 4810 totius
595 4745 729 4826 corporis
753 4745 938 4825 omniumque
962 4743 1028 4824 ejus
1051 4742 1268 4808 illameutorum
1290 4744 1407 4808 medius

84 4848 112 4913 is
140 4842 209 4908 DA
232 4837 274 4901 ad
296 4836 509 4918 speculandum
531 4835 718 4917 propositus!
760 4834 918 4897 Bisecetur
940 4831 1000 4896 DA
1023 4832 1054 4893 iu
1076 4832 1102 4894 B
1127 4842 1158 4894 et
1180 4833 1239 4913 ipsi
1252 4835 1313 4900 DA
1335 4852 1407 4916 per-
