3278 5550
527 288 700 347 rursm
738 289 928 358 capusxxm.
1339 290 1404 361 273

134 464 378 531 dimidiationem
399 466 636 533 eccentricitatis
662 470 692 532 in
715 471 834 532 theoria
857 469 941 534 Solis
963 471 1079 545 valere,
1104 491 1180 552 quae
1198 473 1287 570 prius
1312 474 1403 537 etiam

119 558 261 621 teXIX.
287 565 320 620 et
340 559 414 622 XX.
449 558 479 620 in
503 559 670 623 eccentrico
693 559 804 622 Martis
833 561 981 623 valuerat
1026 561 1104 623 Nam
1134 561 1362 625 observationes
1386 585 1407 625 a

126 646 286 709 adhibitae
317 666 376 711 non
407 654 478 711 sunt
509 649 585 711 adeo
618 649 812 730 scrupulosae
845 650 984 731 (propter
1013 650 1121 730 longas
1151 650 1346 715 deductiones
1374 659 1406 714 et

119 736 278 818 petionem
309 737 408 799 diurni
439 738 651 813 controversi),
681 748 716 799 ut
747 739 784 799 de
824 735 866 802 45
899 739 1057 820 particulis
1089 740 1204 801 centies
1235 740 1404 804 millesimis

149 823 226 907 quid
248 825 374 889 delinire
401 827 538 907 possint:
572 834 607 889 ut
634 835 752 890 taceam
781 829 1024 908 praecessionem
1049 830 1194 909 temporis
1223 829 1404 907 intermedii,

119 922 219 977 cctam
242 914 275 978 in
297 922 381 978 motu
403 917 570 980 eccentrioo
592 917 705 980 Martis
727 924 759 979 et
782 916 875 979 Solis.
1283 930 1286 935 ·

132 1002 225 1076 Quae
248 1004 299 1066 bic
321 1005 361 1067 de
381 1003 508 1068 circuitu
522 1006 653 1068 Telluris
673 1006 881 1068 demonstrata
904 1014 982 1081 sunt,
1008 1004 1099 1069 simili
1121 1006 1211 1087 plane
1234 1006 1350 1068 ratione
1374 1017 1406 1071 et

119 1092 253 1176 rpicyclu
273 1092 461 1157 Ptolemaiou
488 1104 522 1179 et
547 1095 584 1157 de
614 1095 786 1179 Tychonico
815 1096 969 1158 deferente
1000 1095 1176 1181 systematis
1205 1096 1415 1159 demonstrari.

119 1190 191 1259 unt;
224 1184 436 1247 tantummodo
459 1191 494 1247 ιιι
515 1185 547 1246 in
570 1184 723 1247 schemate
752 1184 876 1265 apsides
899 1186 928 1246 iu
953 1184 1122 1257 contrarias
1151 1193 1255 1266 partes
1278 1205 1406 1248 conver-

119 1290 158 1334 ur.
205 1272 362 1354 Supposui
384 1280 485 1335 autem
508 1273 557 1336 hic
580 1282 612 1336 et
634 1291 801 1355 apogaeum
825 1274 908 1337 Solis
931 1295 950 1336 a
972 1274 1115 1355 Tyobone
1138 1274 1203 1335 loco
1223 1276 1307 1354 justo
1331 1294 1429 1353 cou-,

119 1366 186 1424 dum
210 1370 245 1424 et
266 1362 396 1425 orbitam
418 1363 502 1427 Solis
526 1364 595 1436 (seu
618 1364 761 1437 Terrae),
785 1382 874 1443 quam
897 1383 1021 1443 corpore
1044 1372 1196 1443 peragrat,
1221 1364 1353 1425 ordinari
1376 1365 1406 1426 iu
1513 1368 1515 1373 ’

119 1449 168 1513 alo.
216 1453 265 1514 De
297 1471 356 1532 quo
391 1452 449 1514 etsi
481 1453 623 1531 analogia
656 1454 695 1514 ad
730 1451 870 1531 planetas
902 1460 1019 1515 ceteros
1056 1453 1208 1515 diversum
1244 1453 1406 1515 testabitur

119 1536 359 1693 tmgapdgirlll,
388 1540 510 1604 exilitas
535 1550 634 1604 tamen
653 1542 789 1604 deflexus
811 1542 901 1623 plane
920 1541 993 1604 nihil
1016 1550 1139 1637 nostrae
1156 1541 1406 1606 demonstrationi

639 1860 822 1871 ’.υ-αα-

583 1976 871 2142 Caput-XXIV.

138 2200 320 2266 doidentior
336 2202 494 2285 probatio,
518 2198 695 2284 epicyclum
716 2221 771 2262 eeu
795 2202 900 2262 orbem
923 2220 1066 2264 annuum
1087 2222 1154 2264 esse
1177 2223 1199 2265 a
1218 2208 1333 2283 puncto

509 2289 713 2372 opacioris
736 2291 950 2353 eccentricum.

142 2434 223 2498 Haec
246 2434 340 2514 igitur
362 2433 449 2497 initia
471 2436 592 2496 fuerunt
614 2432 702 2511 hujus
726 2431 939 2512 inquisitionis,
964 2431 1070 2494 timida
1092 2432 1146 2495 illa
1167 2439 1198 2492 et
1221 2440 1284 2493 tarn
1307 2432 1410 2493 multis

119 2522 242 2587 tionibus
266 2543 405 2604 operosa,
429 2532 463 2586 ut
485 2523 621 2604 aequalis
643 2520 805 2583 baberetur
819 2540 857 2582 ex
880 2531 1006 2601 utroquo
1030 2523 1125 2584 latere
1149 2521 1303 2583 anomalia
1324 2542 1409 2583 com-

119 2614 238 2677 btionis.

139 2704 209 2767 Jam
241 2710 402 2783 postquam
434 2701 527 2765 semel
559 2700 648 2780 hujus
675 2700 717 2760 rei
746 2698 912 2779 periculum
941 2700 1085 2772 fecimus,
1117 2700 1246 2779 audacia
1274 2700 1410 2762 subvecti

119 2812 142 2855 ro
164 2792 323 2865 liberiores
350 2809 417 2851 esse
450 2790 480 2852 in
510 2790 568 2852 hoc
596 2808 701 2869 campo
731 2788 915 2867 incipiemus.
962 2789 1040 2850 Nam
1071 2788 1243 2871 conquiram
1271 2789 1332 2850 tria
1360 2789 1410 2850 vel

119 2888 242 2964 lcunque
260 2880 330 2943 loca
344 2880 412 2941 visa
427 2878 548 2954 Martis,
571 2879 696 2959 planeta
720 2897 837 2958 sempor
852 2879 956 2939 eodum
981 2877 1140 2939 eccentrici
1164 2878 1229 2940 loco
1250 2886 1409 2940 versante:
1464 2892 1470 2901 ’

119 2990 144 3034 ει
165 2971 205 3033 iis
230 2970 298 3049 lege
320 2968 539 3049 triangulorum
569 2969 716 3049 inquiram
747 2967 873 3030 totidem
896 2976 1073 3047 punctorum
1097 2967 1222 3050 epicycli
1252 2969 1300 3030 vel
1328 2967 1411 3029 orbis
1509 2966 1511 2971 ’

119 3060 142 3123 ri
168 3059 337 3122 distantias
365 3079 385 3118 a
413 3066 524 3137 puncto
555 3056 749 3138 aequalitatis
781 3065 889 3118 motus.
935 3057 983 3117 Ac
1012 3076 1078 3118 curu
1102 3075 1140 3117 ex
1163 3056 1260 3119 tribus
1291 3057 1412 3138 punctis

119 3149 183 3212 rlus
205 3146 406 3219 describatur,
429 3167 467 3208 ex
490 3147 579 3210 trinis
603 3145 695 3227 igitur
718 3146 888 3224 hujusmodi
906 3146 1169 3208 observationibus
1194 3147 1285 3209 situm
1308 3147 1413 3208 circuli

119 3257 179 3321 que
193 3238 325 3317 augium,
350 3237 429 3319 quod
452 3238 536 3317 prius
553 3256 591 3297 ex
605 3235 836 3317 praesupposito
852 3255 1076 3315 usurpaveram,
1102 3244 1133 3297 et
1155 3235 1411 3298 eccentricitatem

119 3335 203 3391 moto
227 3325 423 3409 aequalitatis
445 3327 602 3408 inquiram.
644 3324 762 3396 Quodsi
794 3333 901 3405 quarta
925 3325 1097 3386 observatio
1121 3326 1261 3401 accedet,
1294 3346 1330 3387 ea
1353 3326 1411 3387 erit

119 3446 122 3473 ι
161 3414 343 3479 robationis,

139 3436 299 3569 irinum
333 3513 475 3583 tempus
508 3511 575 3565 osto
609 3520 686 3563 anno
714 3497 808 3566 1590.
840 3502 869 3564 d.
894 3502 924 3567 5.
949 3503 1053 3565 Martii
1083 3503 1201 3583 vesperi
1234 3503 1262 3571 h.
1289 3500 1318 3563 7.
1347 3499 1408 3576 101,

119 3595 192 3674 quod
216 3603 290 3657 tunc
311 3592 396 3667 Mars
421 3593 581 3654 latitudine
603 3611 679 3672 pene
704 3593 818 3666 caruit,
855 3612 891 3652 ne
916 3593 982 3672 quis
1014 3592 1216 3672 impertinenti
1241 3589 1410 3670 suspicione

119 3680 205 3761 bajus
229 3682 464 3763 implicationem
486 3682 518 3745 in
540 3682 733 3763 percipienda
757 3682 1013 3744 demonstratione
1037 3681 1225 3760 impediatur.
1267 3679 1409 3758 Respon-

119 3778 129 3837 l
147 3781 302 3835 momenta
321 3772 405 3845 baec,
429 3769 536 3853 quibus
558 3772 643 3834 Mars
668 3772 705 3832 ad
731 3771 808 3832 idem
833 3772 957 3833 fixarum
979 3780 1120 3850 puuctum
1136 3771 1230 3832 redit:
1254 3771 1295 3834 A.
1314 3767 1409 3833 1592.

119 3856 160 3924 11.
184 3860 257 3923 Jau.
282 3861 311 3925 b.
328 3857 358 3923 6.
379 3855 433 3923 411
444 3879 454 3935 ;
479 3881 507 3921 a.
539 3857 630 3924 1593.
657 3859 685 3921 d.
710 3859 829 3931 Meo.
855 3856 932 3924 116.
952 3858 1022 3936 121;
1047 3880 1075 3921 a
1103 3856 1197 3923 1595.
1223 3861 1251 3921 d.
1268 3855 1321 3922 26.
1337 3856 1409 3920 Oct.

119 3944 212 4013 tdd‘.
250 3949 368 4030 Estque
391 3949 548 4029 longitudo
572 3949 682 4013 Martis
706 3949 801 4028 primo
826 3959 961 4029 tempore
985 3970 1023 4010 ex
1045 3949 1195 4031 Tychonis
1219 3948 1409 4011 restitutione

119 4032 339 4103 113815011ι
373 4039 569 4118 sequentibus
598 4038 783 4119 temporibus
817 4039 909 4102 toties
940 4058 995 4119 per
1031 4036 1148 4102 113611
1180 4038 1305 4099 auctior.
1351 4037 1409 4097 Hic

119 4147 135 4189 u
158 4134 207 4189 est
230 4134 329 4188 motus
351 4128 572 4207 praecessionis
592 4146 758 4207 congruens
783 4129 910 4207 tempori
935 4129 1085 4208 periodico
1100 4127 1185 4189 unius
1208 4124 1408 4190 restitutionis

119 4217 174 4281 tis.
220 4212 357 4297 Cumque
379 4217 481 4300 Tycho
515 4236 680 4298 apogaeum
711 4227 803 4296 ponat
832 4218 860 4278 in
886 4212 991 4298 ²3¹b⁰
1014 4223 1048 4293 11,
1081 4217 1221 4297 aequatio
1252 4216 1317 4295 ejus
1350 4215 1408 4276 erit

141 4300 195 4369 ld‘
217 4302 305 4369 55⁰:
328 4313 489 4386 propterea
512 4308 666 4387 longitudo
690 4314 858 4387 coaequata
884 4326 963 4368 anno
990 4304 1083 4372 1590.
1112 4303 1141 4367 1·
1172 4302 1306 4370 151531
1329 4300 1405 4368 4511.

138 4392 259 4459 &deun
281 4413 353 4458 vero
377 4403 509 4475 tempore
534 4405 566 4458 et
590 4397 784 4459 commutatio
808 4416 860 4458 seu
885 4397 1054 4459 differentia
1083 4395 1172 4458 medii
1200 4404 1299 4458 motus
1324 4394 1405 4457 Solis

119 4484 194 4549 adio
216 4484 329 4548 Martis
352 4485 503 4564 colligitur
528 4484 579 4549 10·
610 4482 667 4548 181
690 4481 739 4549 191
758 4482 823 4550 5611
835 4506 842 4546 :
868 4495 1035 4566 coaequata
1058 4505 1110 4548 seu
1134 4485 1304 4547 differentia
1327 4484 1406 4545 inter
1469 4540 1473 4549 .

119 4571 285 4639 inmSolis
307 4582 339 4636 et
359 4574 470 4637 Martis
493 4584 689 4656 coaequatum
715 4575 911 4637 eccentricum
939 4572 990 4637 10·
1018 4574 1056 4638 7⁰
1078 4573 1110 4639 5⁴
1138 4573 1187 4638 1⁴¹.

140 4664 279 4726 Primum
300 4659 376 4726 baec
398 4664 429 4726 in
460 4665 556 4727 torma
580 4663 839 4745 Oopernicana
861 4672 896 4726 ut
919 4664 1090 4745 simpliciori
1114 4663 1154 4726 ad
1182 4681 1300 4726 sensum
1331 4679 1405 4743 pro-

119 4770 210 4818 olus.
896 4792 900 4799 ·

139 4840 193 4907 Sit
215 4862 239 4901 α
264 4844 334 4914 (Fu-
352 4847 398 4912 70
420 4850 563 4923 puuctum
586 4841 782 4923 aequalitatis
805 4841 947 4906 circuitus
969 4842 1097 4920 Terrae,
1121 4840 1171 4924 qui
1192 4847 1314 4922 putetur
1337 4857 1404 4904 osso

119 4948 344 5003 monam
1160 4943 1194 4998 rs
