3278 5550
468 293 500 348 do
518 292 707 349 Commentariis
725 294 756 348 ds
774 301 842 347 motu
860 295 947 347 stellae
965 295 1062 348 Martis.
1368 293 1432 363 109

67 472 105 536 ad
129 473 248 536 lincam
269 493 309 536 ex
325 471 408 536 Sole.
450 472 539 546 Quod
555 483 657 539 autem
670 475 794 556 planeta
817 474 928 538 transit
952 473 988 536 de
1012 476 1107 555 gradu
1130 474 1251 538 virtutis
1274 474 1304 537 in
1328 474 1429 551 alium,

10 604 14 609 -
71 564 158 627 idiit
182 564 308 645 egregia
331 564 449 647 ratione
473 584 510 626 ex
528 564 595 645 jam
617 565 726 647 positis
749 564 914 646 principiis.
958 562 1038 636 Quid
1054 573 1088 626 tu
1108 567 1306 645 responderes
1326 564 1429 645 philo·

10 622 29 749 l
74 654 186 734 sopho,
218 653 271 737 qui
303 661 447 733 negaret,
479 660 511 716 te
534 673 573 716 ex
597 673 695 716 rerum
724 663 834 717 natura
858 653 938 734 loqui
962 653 1129 716 dicentem:
1163 654 1192 715 in
1221 656 1287 716 toto
1316 653 1430 721 ambitu

10 752 19 829 ξ
76 743 213 824 planetae
237 741 313 806 nihil
337 761 406 804 esse
428 740 488 805 nisi
510 742 541 805 in
566 763 623 805 uno
648 743 712 824 ejus
735 743 867 824 puncto?
904 742 1055 823 Numquid
1075 743 1168 818 dices,
1192 742 1248 805 hoc
1272 743 1314 805 nil
1338 744 1429 806 dero·

10 834 17 901 't
79 842 142 912 gare¹
164 830 347 911 perfectioni
370 831 512 894 coelestis
536 833 682 907 ambitns3
714 834 868 913 planetam
901 831 979 893 enirn
1007 851 1065 893 uon
1097 851 1187 912 posse
1216 851 1284 894 esse
1307 831 1336 894 in
1362 838 1427 895 toto

15 936 24 969 2·
82 920 187 983 ambitu
210 920 312 993 simul,
334 920 389 982 sed
413 921 480 1001 cogi
503 920 583 984 intra
603 921 691 984 unius
710 921 797 1004 quasi
815 920 919 1003 puncti
942 921 1109 1002 angustias,
1134 930 1283 983 ettamen
1304 940 1429 983 succes-

10 986 30 1075 ἐ
83 1010 137 1073 rire
160 1007 268 1072 venire
291 1009 321 1072 in
345 1009 408 1073 alia
431 1010 529 1072 omnia
551 1010 682 1091 puncta?
725 1011 811 1073 Idem
834 1030 890 1091 ego
914 1009 996 1071 dico:
1022 1010 1102 1073 siin
1126 1010 1262 1072 omnibus
1286 1009 1430 1089 gradibus

10 1074 27 1171 :¹-
83 1097 194 1162 rirtutis
217 1116 259 1160 ex
280 1096 353 1162 Sole
377 1097 581 1162 consisterent
603 1101 745 1180 planetae
768 1099 867 1181 ibique
890 1106 1046 1161 manerent
1069 1098 1193 1179 singuli,
1219 1097 1272 1161 Sol
1305 1096 1427 1179 experi-

14 1214 30 1265 -.;
85 1196 155 1249 retur
176 1187 287 1250 endem
310 1195 416 1250 tenore
439 1207 542 1250 omnes
566 1189 678 1269 gradm
702 1189 822 1251 virtutis
846 1206 919 1250 suae
942 1188 973 1249 iu
1002 1188 1073 1251 illos
1096 1188 1184 1269 idque
1209 1186 1372 1262 invariate;
1396 1194 1431 1250 at

85 1276 141 1356 quia
161 1275 309 1358 planetae
332 1295 391 1339 nou
414 1287 541 1356 possunt
565 1297 633 1340 esse
656 1268 745 1339 simul
768 1277 796 1339 io
817 1277 953 1340 omuibus
977 1277 1120 1356 gradibus
1144 1277 1265 1339 virtutis
1288 1296 1326 1339 ex
1345 1275 1428 1351 Sole,

23 1396 33 1405 ·
86 1366 241 1429 succedunt
263 1372 399 1447 tempore
423 1385 461 1428 ex
483 1386 542 1429 una
564 1366 593 1428 in
619 1366 719 1443 aliam,
744 1374 778 1428 ut
801 1385 904 1429 omues
927 1367 1082 1446 impleant.

157 1452 252 1525 Quod
264 1453 322 1531 ais,
347 1472 406 1517 non
421 1454 551 1531 dubium,
576 1455 646 1536 quin
667 1474 768 1518 omnes
792 1464 891 1518 motus
914 1456 989 1517 fiant
1011 1475 1066 1536 per
1084 1455 1225 1517 circulum
1248 1453 1428 1534 perfectum,

83 1544 161 1606 ride
190 1544 372 1625 compositis
397 1543 431 1617 (i.
457 1564 482 1606 e.
507 1544 654 1618 realibus)
678 1544 823 1625 loqueris,
854 1546 971 1608 falsum.
1021 1546 1113 1607 Fiunt
1141 1543 1219 1606 euim
1248 1541 1425 1625 Copemico,

43 1674 48 1681 -
81 1642 106 1695 rt
123 1632 196 1709 dixi,
221 1652 280 1714 per
303 1633 434 1705 orbitam
456 1633 493 1695 ud
516 1634 615 1696 latera
638 1634 739 1696 circuli
764 1635 968 1708 excedentem,
992 1634 1168 1696 Ptolemaeo
1188 1641 1220 1695 et
1233 1633 1354 1695 Braheo
1378 1630 1427 1693 in-

81 1740 156 1804 super
176 1741 240 1804 per
262 1721 373 1801 spiras.
421 1720 476 1784 Sin
507 1730 608 1786 autem
632 1722 763 1805 loqueris
797 1723 834 1784 de
857 1723 1119 1801 componentibus,
1153 1723 1190 1784 de
1223 1721 1301 1784 dctis
1334 1720 1428 1801 igitur

37 1816 49 1839 ·'
80 1811 144 1875 he.
170 1810 330 1875 de·nullis
353 1811 492 1893 loqueris.
522 1812 606 1875 Nihil
630 1812 707 1875 cuim
730 1811 760 1874 iu
783 1812 867 1874 coelo
890 1812 1028 1874 circumit
1050 1819 1172 1895 praeter
1193 1811 1292 1891 ipsum
1315 1827 1426 1890 corpus

78 1902 221 1979 planans,
249 1900 350 1963 nullus
370 1901 462 1975 orbis,
486 1903 584 1964 nullus
599 1901 760 1983 epioyclus,
782 1901 860 1982 quod
874 1902 1053 1965 Braheanae
1068 1901 1270 1963 astronomiae
1292 1898 1429 1961 initiatus

10 1988 35 2073 r}
77 1990 204 2071 ignorare
231 2007 296 2051 non
317 1997 416 2070 potes.
454 1991 520 2053 Hoc
535 2010 605 2072 ergo
624 1991 724 2070 posito
741 1991 944 2066 fundamento,
969 1991 1042 2053 nihil
1056 1989 1169 2053 moveri
1183 1999 1305 2070 praeter
1319 1989 1428 2068 plane-

10 2078 31 2161 ξ
75 2090 160 2143 tarum
184 2096 332 2159 corpora,
355 2079 381 2142 si
400 2079 466 2159 jam
489 2086 659 2160 quaeratur,
684 2081 782 2160 qualis
805 2080 858 2142 fiat
881 2080 961 2142 linea
975 2099 1098 2161 corpore
1113 2076 1334 2142 circumeunte?
1357 2095 1426 2139 res·

10 2168 17 2255 2
73 2168 179 2249 pondeo
205 2167 274 2235 tibi,
294 2186 351 2247 ego
374 2188 433 2231 non
448 2188 485 2230 ex
499 2169 661 2251 hypothesi
675 2177 826 2250 suscepta,
852 2170 906 2230 sed
921 2189 959 2230 ex
974 2169 1102 2232 scientia
1120 2164 1427 2230 demonstrationibus
1450 2242 1454 2249 .

10 2292 13 2299 ·
73 2256 262 2337 geometricis
288 2256 477 2338 undiquaque
500 2259 715 2335 munitissima,
744 2259 804 2320 iter
826 2258 960 2339 corporis
984 2259 1046 2321 fieri
1071 2259 1172 2331 ovale,
1205 2259 1267 2320 fere
1291 2263 1325 2318 nt
1349 2255 1429 2335 apud

10 2388 13 2397 ·
75 2344 289 2428 Copernicum,
322 2346 372 2426 qui
400 2353 521 2427 praeter
549 2366 656 2428 corpus
685 2348 825 2426 planetae
854 2348 946 2409 etiam
976 2347 1125 2430 epioyclos
1149 2353 1181 2407 et
1204 2346 1293 2407 orbes
1319 2351 1428 2407 movet

79 2432 180 2507 Quodsi
204 2435 357 2497 darentur
381 2435 468 2498 orbes
493 2434 590 2511 solidi,
614 2455 735 2516 possem
759 2436 860 2517 utique
884 2437 1004 2516 etipse
1030 2435 1170 2498 facillime
1185 2434 1302 2498 evalem
1317 2433 1427 2496 lineam

83 2531 304 2604 reprensentare
337 2542 391 2603 per
418 2525 636 2587 conceutricum
669 2536 702 2586 et
732 2526 807 2587 duos
845 2525 1010 2608 epioyclus,
1049 2544 1172 2606 quornm
1210 2520 1427 2585 semidiametri

86 2611 192 2689 junctas
209 2621 350 2693 aequent
373 2614 629 2676 eccentricitatem
653 2613 822 2689 eccentrici,
847 2614 945 2693 sitque
974 2614 1097 2677 minoris
1122 2613 1268 2675 diameter
1291 2611 1428 2692 aequalis

89 2698 218 2765 modat
243 2702 384 2777 lunulae,
419 2721 476 2782 qua
506 2703 605 2765 differt
635 2703 750 2783 ellipsis
774 2724 793 2764 a
815 2703 936 2765 circulo.
983 2704 1156 2766 Tribuerem
1190 2702 1267 2763 enim
1292 2700 1426 2782 epioyclo

85 2797 179 2861 initii
195 2797 320 2853 motum
344 2793 526 2854 contrarium
548 2791 640 2853 motui
665 2791 846 2855 concentrici
870 2800 902 2854 et
925 2792 1079 2875 aequalem
1095 2791 1123 2853 ei
1137 2790 1165 2851 in
1185 2797 1319 2870 ternpore
1334 2787 1426 2851 resti-

82 2878 187 2956 tutorio,
213 2878 355 2962 epioyclo
379 2884 490 2952 (morri)
514 2880 701 2944 celeritatem
725 2880 845 2962 duplam
868 2882 898 2944 iu
911 2891 1014 2963 partes
1031 2882 1154 2943 easdem
1175 2899 1241 2942 cum
1256 2877 1371 2959 majori,
1396 2884 1429 2940 et

76 2986 209 3047 ponerem
233 2969 393 3051 planetam
415 2967 504 3031 simul
527 2971 557 3032 in
583 2989 718 3051 apogaeo
742 2970 897 3051 utriusque
928 2971 1069 3054 epioycli,
1102 2969 1187 3032 simul
1213 2968 1304 3030 etiam
1332 2972 1368 3030 'et
1396 2964 1426 3030 in

75 3057 210 3139 perigaeo
235 3056 324 3120 etin
347 3066 458 3138 puncto
483 3063 606 3130 (ninom)
620 3059 767 3141 epioycli,
793 3062 872 3141 quod
896 3068 945 3122 est
967 3080 986 3122 a
1009 3069 1112 3122 centro
1136 3059 1258 3141 majoris
1281 3056 1426 3133 remotis-

76 3146 190 3222 simom3
215 3147 257 3209 ad
282 3146 381 3208 latera
402 3165 474 3210 vero
498 3148 680 3211 concentrici
703 3156 787 3211 esset
809 3150 839 3211 in
862 3149 1004 3231 perigaeo
1029 3153 1151 3221 (majoris)
1179 3147 1317 3230 epioycli.
1408 3172 1412 3183 ·

10 3294 18 3357 q
101 3310 105 3321 .
153 3252 240 3317 Ecce
265 3251 323 3315 tibi
347 3254 565 3334 supellectilem
580 3252 819 3336 Oopemicanam
835 3255 991 3318 levissima
1011 3255 1177 3318 mutatione
1192 3253 1425 3335 transpositam

14 3360 19 3375 ·
78 3342 173 3424 ecquid
196 3340 328 3423 placet?
372 3343 449 3419 Mihi
472 3343 603 3408 minime.
649 3343 780 3407 Primum
804 3345 882 3406 euiru
906 3346 994 3408 orbes
1018 3344 1090 3407 nulli
1121 3353 1204 3418 suut;
1237 3344 1306 3424 qnid
1336 3342 1429 3424 igitur

75 3431 153 3510 jurat
175 3429 302 3494 mentiri
325 3452 434 3494 causas
458 3442 556 3496 motus
579 3434 721 3516 planetae
746 3434 863 3512 qualis?
898 3434 1015 3497 Deinde
1032 3454 1135 3495 omnes
1154 3432 1183 3494 hi
1198 3442 1270 3506 tres,
1295 3450 1427 3494 concen·.

10 3546 17 3585 ;
79 3520 162 3584 tricrm
185 3539 256 3584 cum
281 3520 396 3584 duobus
420 3521 577 3605 epioyclis,
610 3523 793 3602 fingerentur
825 3523 991 3605 aequaliter
1010 3523 1076 3602 jum
1106 3522 1184 3585 tardi
1203 3523 1269 3601 jam
1293 3522 1425 3599 veloces,

10 3634 16 3641 ·
81 3618 213 3691 essetque
236 3612 380 3672 men'sura
401 3630 549 3674 morarum
573 3611 603 3674 in
628 3611 761 3691 quolibet
783 3632 854 3675 arcu
874 3612 1020 3675 distentia
1036 3613 1177 3692 planetae
1193 3633 1211 3672 a
1225 3618 1328 3672 centro
1352 3628 1426 3671 oon·

10 3725 19 3751 ·-
83 3698 208 3762 contriti.
247 3698 295 3761 At
318 3714 394 3781 quae
417 3720 510 3762 cansa
533 3709 624 3776 esset,
650 3720 702 3762 cur
725 3702 930 3764 concentricus
950 3710 1063 3764 motum
1078 3700 1205 3763 haberet
1219 3698 1428 3779 inaequalem?

10 3814 24 3851 e
84 3805 126 3849 our
150 3786 304 3872 epioycli?
336 3776 475 3868 et'quae
509 3790 653 3852 connexio
686 3789 774 3869 hujus
800 3811 957 3853 mensurae
985 3810 1052 3853 cum
1079 3788 1270 3852 mensurato?
1315 3786 1358 3849 Et
1380 3796 1428 3850 est

10 3902 36 3953 ar
83 3884 172 3940 tamen
207 3876 286 3939 haec
319 3896 459 3941 mensura
492 3877 567 3940 adeo
601 3879 722 3960 propria
753 3880 842 3960 hujus
874 3880 1044 3955 tarditatis,
1082 3887 1116 3941 ut-
1147 3879 1259 3940 nullum
1292 3885 1426 3938 centrum

10 3989 26 4026 e
83 3966 296 4047 sequentique
320 3966 440 4048 quidem
463 3967 594 4030 libratile
619 3968 804 4030 circulariter
822 3969 913 4049 juxta
944 3990 976 4031 se
1001 3969 1079 4031 ferat
1102 3975 1155 4030 ant
1177 3985 1230 4047 pro
1253 3985 1286 4026 se
1310 3964 1426 4029 substi-

10 4084 29 4113 ι,
82 4062 152 4119 turre
175 4054 291 4143 possit.
336 4055 419 4137 Ergo
443 4066 476 4119 ut
500 4076 593 4120 causa
614 4065 721 4137 pateat
753 4058 945 4120 connexionis
974 4059 1052 4121 iuter
1083 4064 1314 4120 mensurans·et
1340 4073 1426 4117 men·

10 4166 29 4201 s
84 4152 224 4221 matum,
259 4154 381 4225 oportet
403 4145 523 4209 mittere
547 4146 634 4209 fictos
657 4146 784 4208 circulos
808 4155 839 4208 et
861 4147 944 4227 ipsas
968 4146 1110 4228 amplecti
1139 4143 1316 4220 distantias,
1350 4163 1426 4225 quo-

10 4256 31 4293 a
84 4234 220 4317 nodoque
245 4251 284 4295 ex
307 4232 346 4297 iis
368 4235 503 4325 elliptioa
526 4235 576 4297 via
598 4236 714 4298 ratione
738 4237 868 4298 naturali
891 4237 1047 4312 efficiatur,
1071 4235 1266 4316 perpendere.

10 4334 31 4383 l÷
50 4382 53 4387 .
156 4338 349 4390 Pabrlcina:
367 4338 425 4391 Non
443 4342 535 4392 sufficit
552 4340 648 4392 salvare
667 4357 739 4406 possa
756 4349 846 4400 motus,
865 4343 910 4393 sed
929 4344 1004 4394 etiam
1022 4343 1085 4393 tales
1102 4340 1250 4406 hypotheses
1269 4341 1427 4403 constitutore,

10 4438 34 4474 ι·
85 4422 134 4472 qtae
150 4410 282 4476 prhroipiis
299 4411 454 4464 actualibus
471 4406 572 4463 minime
590 4413 745 4463 decendunt.

10 4510 43 4565 μ
120 4529 128 4547 .
159 4481 366 4561 Keplerus:
396 4484 524 4546 Mirifloo
547 4504 696 4547 consensu
718 4486 883 4566 amplector
906 4485 961 4548 hoc
985 4493 1067 4548 tuum
1092 4486 1216 4565 dogma;
1241 4492 1273 4545 et
1295 4504 1332 4546 ea
1354 4482 1429 4547 mibi

10 4568 43 4654 g
88 4586 165 4634 uuna
194 4570 253 4633 ruit
278 4571 364 4634 multi
394 4572 506 4636 laboris
540 4574 569 4635 in
594 4572 825 4638 Commentariis
848 4576 969 4638 Martis.
1017 4576 1058 4636 Te
1091 4593 1161 4636 vero
1194 4574 1272 4655 quod
1305 4574 1425 4650 attinet,

10 4705 33 4741 μ
90 4658 261 4723 rimonitum
282 4661 366 4736 volo,
402 4670 437 4727 ut
464 4683 531 4725 curn
554 4661 706 4726 Osiandro
736 4664 904 4744 transigam
938 4666 986 4746 qui
1010 4663 1228 4744 praefationem
1251 4662 1374 4742 scripsit
1395 4661 1427 4724 in
1472 4738 1475 4743 ,

10 4795 32 4831 ι,
92 4763 151 4826 lpus
168 4746 330 4829 Gopemltti
349 4769 408 4813 non
427 4752 567 4834 apposito
586 4752 702 4815 nomine
727 4758 824 4826 (Comp.
847 4762 903 4813 Vol.
923 4763 942 4812 1.
962 4781 985 4828 p.
1004 4761 1056 4813 245
1076 4769 1102 4813 et
1118 4762 1209 4813 taciem
1232 4772 1343 4812 aversam
1362 4758 1427 4811 urob

10 4883 33 4923 ε
92 4841 150 4911 ht·
169 4845 245 4917 nrt),
268 4839 425 4923 transigas¹
445 4841 538 4904 etiam
561 4860 627 4905 oum
643 4840 816 4908 Christiano
831 4843 968 4907 Severini
982 4848 1210 4919 (Longononeam)
1234 4841 1284 4924 qui
1306 4848 1425 4924 putant,
