3278 5550
140 285 207 357 204
617 284 656 337 De
675 284 782 340 meatu
800 284 894 337 Stellae
912 282 1003 337 Martis

142 464 222 529 circa
245 466 418 544 perigaeum
440 466 469 527 iu
494 464 688 545 Capricorno,
713 464 890 528 condonata
911 464 992 527 linea
1015 464 1103 534 ΜΛ,
1135 474 1170 526 ut
1196 468 1283 529 secet
1306 460 1478 527 eeceutrims

141 556 172 617 in
192 556 224 629 P,
239 558 275 619 li.
329 554 407 617 Nam
436 562 550 635 quanta
576 562 625 615 est
651 554 735 629 ΜΛ,
773 560 861 617 tanta
889 562 939 615 est
965 562 996 615 ct
1027 556 1092 619 PE.
1148 553 1213 615 Sed
1244 550 1318 635 qnia
1349 570 1410 615 nnn
1434 551 1478 613 de·

141 644 279 723 signatur
301 652 480 705 momentum
504 642 583 705 idem
604 660 659 723 per
680 642 758 705 hanc
780 662 869 705 unam
891 642 1002 705 lineam
1028 644 1113 719 MA,
1141 662 1208 705 cum
1232 660 1291 705 nnn
1316 638 1363 713 nl,
1373 642 1416 717 A,
1436 640 1478 703 sed

142 737 171 798 Δ
194 734 236 795 sit
256 742 398 813 punctum
421 730 626 813 aequalitatis.
650 748 722 813 ergo
745 750 850 795 versus
875 734 927 793 ΡΕ
948 732 1072 795 veniant
1094 732 1234 813 paralleli
1257 748 1297 793 ex
1319 732 1394 805 ΑΔ,
1416 746 1478 811 qam

143 820 305 901 signabunt
326 830 509 885 momentum
533 820 626 883 idem:
659 820 780 903 sintque
805 822 875 899 ΔΡ,
908 824 964 885 ΔΕ
986 829 1020 884 et
1041 840 1079 885 ex
1104 822 1178 896 ltu
1198 817 1330 903 epicycli
1353 818 1478 883 serihrn-

142 922 192 973 tur
213 910 253 983 N,
268 912 312 971 Π.

230 997 403 1075 Quaeritur,
418 998 468 1061 ubi
483 998 616 1061 maxima
630 1007 777 1079 appareat
790 998 865 1061 haec
880 996 1084 1081 discrepantia
1095 996 1215 1061 ratione
1230 994 1478 1059 circumferentia

142 1086 288 1171 epicyeli?
332 1086 376 1151 Et
397 1094 521 1159 certam,
546 1088 624 1167 quod
646 1106 705 1149 nou
728 1086 759 1147 iu
782 1088 919 1169 partibus
941 1086 1068 1171 epicycli
1082 1086 1141 1167 ipsi
1164 1088 1198 1149 Κ
1207 1086 1321 1149 Terrae
1335 1084 1478 1167 proximu,

143 1178 215 1259 quia
238 1184 343 1239 essent
364 1176 421 1258 ipsi
445 1178 480 1239 K
497 1176 537 1239 ad
559 1176 683 1255 plagam
704 1176 848 1239 eandem:
879 1196 935 1241 uec
958 1178 986 1239 in
1011 1176 1152 1251 summis,
1182 1174 1253 1257 quia
1275 1172 1367 1237 nimis
1389 1180 1478 1237 esrem

141 1274 291 1329 remotae:
325 1284 397 1345 ergo
428 1264 458 1327 in
485 1264 629 1347 proximis
656 1266 793 1345 partibus
821 1266 963 1347 perigaeo
994 1264 1140 1347 epicycli:
1174 1282 1247 1345 ergo
1271 1262 1345 1327 Sole
1368 1270 1400 1325 et
1418 1280 1478 1327 rnnr

144 1358 201 1419 lmc
226 1357 350 1434 planeta
372 1372 430 1415 uun
453 1354 544 1433 plane
567 1354 597 1417 in
620 1356 762 1435 perigaen
785 1374 840 1417 sno
862 1364 1004 1419 versante
1027 1354 1083 1417 sed
1104 1352 1250 1435 proxime,
1275 1359 1309 1415 et
1330 1350 1362 1413 in
1377 1368 1478 1415 snmus

143 1448 194 1519 (ut
224 1443 357 1507 breviter
389 1442 503 1519 dicam)
539 1442 570 1505 in
597 1444 717 1525 punctis
749 1444 787 1507 iis
816 1444 856 1515 N.
871 1448 909 1507 Π
933 1444 1038 1507 eodem
1065 1442 1211 1523 temporis
1240 1450 1394 1504 momento
1414 1458 1478 1503 enn-

144 1532 351 1607 vcnicntibus,
384 1552 439 1612 per
470 1552 546 1613 quas
569 1540 602 1595 et
623 1534 658 1595 K
675 1533 816 1597 minimus
838 1532 976 1597 circellus
998 1532 1174 1595 traducitur.
1220 1530 1281 1593 Est
1302 1538 1404 1594 autem
1423 1528 1478 1609 rjus

145 1623 258 1686 circelli
283 1630 419 1685 centrum
442 1622 472 1683 in
496 1620 577 1685 linea
597 1640 653 1703 per
675 1626 705 1685 K
727 1624 827 1698 ducta,
852 1642 928 1705 quae
951 1624 1127 1685 continuata
1140 1627 1473 1683 sursumetconcnrrrns

148 1730 216 1775 cum
239 1710 319 1773 linea
346 1712 404 1774 ΡΔ
424 1710 530 1773 itidem
553 1712 727 1774 continuata
750 1712 891 1793 angulum
914 1703 999 1795 l¹l,⁰
1020 1709 1255 1789 comprehendit.
1473 1785 1478 1804 Ι

231 1808 526 1871 Demonstrationem
550 1810 812 1891 exsuperioribus
834 1810 892 1872 huc
915 1808 1129 1881 accommodet,
1155 1808 1204 1889 qui
1227 1824 1286 1869 nnn
1310 1800 1478 1887 acquieselle

144 1898 259 1961 numeri
281 1898 400 1981 quidem
422 1898 512 1961 iidem
535 1908 674 1975 manent,
697 1898 755 1961 nisi
788 1900 867 1979 quod
890 1900 971 1981 apud
994 1900 1200 1961 Ptolemaeum
1223 1898 1295 1961 ΜΛ
1316 1895 1412 1975 major
1429 1900 1478 1974 erl„

146 2006 242 2071 quam,
259 1986 396 2069 superius
411 1986 440 2049 in
458 1986 589 2049 numeris
611 1988 765 2068 usurpatis
778 1992 823 2065 μλ
841 1994 906 2065 (l‘lg.
926 1993 992 2063 tt);
1016 2006 1107 2071 quare
1126 1994 1159 2049 et
1176 1984 1348 2067 differentia
1369 1977 1478 2046 visin&

145 2076 252 2157 major,
276 2076 393 2140 scilicet
414 2078 526 2139 NKll.

232 2164 321 2229 Prius
345 2184 450 2247 nempe
474 2174 541 2227 erat
563 2172 596 2227 ut
619 2166 661 2243 re
683 2166 724 2227 ad
745 2170 788 2229 tl
810 2166 952 2229 minorem
981 2184 1071 2247 quam
1093 2170 1143 2229 est
1165 2162 1290 2227 dimidia
1311 2162 1365 2239 dil,
1388 2160 1430 2225 sir
1448 2158 1475 2239 lr

146 2256 186 2317 ad
208 2258 262 2331 λμ.
309 2254 481 2318 Plnlnrnaeo
510 2272 582 2315 vero
613 2262 714 2331 esset,
742 2265 777 2318 ut
807 2258 870 2319 ΚΔ
898 2262 966 2318 toln
995 2254 1034 2317 ad
1062 2254 1127 2319 ΚΛ
1158 2252 1329 2326 dimidiam.
1363 2251 1408 2314 sic
1429 2248 1477 2314 Al

146 2344 282 2425 aequalis
306 2343 362 2423 ipsi
384 2346 426 2423 βκ
449 2344 489 2405 ad
511 2342 589 2409 ΜΛ.

234 2432 399 2513 Denique
431 2432 554 2495 eadem
585 2442 623 2495 et
651 2432 687 2495 iu
718 2430 930 2517 Tychonica
961 2431 1159 2515 hypothesi
1188 2428 1378 2497 deducam.
1420 2436 1478 2509 (nui

147 2524 220 2595 apud
234 2522 375 2579 Bruheum
393 2522 468 2579 orbis
481 2524 579 2579 Martis
601 2530 681 2579 secat
700 2524 794 2579 orbem
806 2524 896 2589 Saliae
917 2522 984 2597 quia
1004 2530 1098 2579 temen
1116 2520 1265 2595 genermia
1284 2526 1378 2581 tracto
1398 2522 1427 2579 in
1438 2522 1477 2577 hu

144 2604 235 2677 prima
253 2610 345 2675 parte,
366 2612 481 2675 atquae
500 2605 624 2659 omnihus
645 2604 768 2675 planetis
788 2604 961 2669 conveniunt,
983 2604 1069 2659 malui
1088 2604 1133 2659 hic
1146 2604 1295 2659 excindere
1315 2607 1391 2661 hane
1408 2604 1478 2659 iura·

148 2692 306 2757 sectionem,
336 2694 451 2749 multum
472 2692 544 2749 eninr
573 2692 751 2749 obscuritatis
779 2692 809 2749 in
838 2694 979 2749 schemate
1008 2694 1102 2747 fluerat
1129 2690 1281 2765 paritura.)
1331 2673 1478 2748 &rami

146 2776 212 2847 (liip-
231 2776 277 2843 ll)
303 2773 462 2837 scribatur
488 2775 677 2837 carmeiam
698 2770 788 2837 Solis
810 2770 879 2847 GS,
906 2781 943 2839 ul
964 2774 999 2837 im
1019 2791 1056 2835 eo
1077 2770 1136 2835 BG
1158 2775 1200 2837 eit
1222 2771 1309 2839 linea
1335 2770 1478 2859 madan

147 2860 173 2925 0
187 2860 277 2925 locus
293 2860 415 2925 Terrae
429 2860 599 2925 immanita
611 2870 641 2925 et
654 2864 681 2924 B
696 2868 847 2947 puuctum
866 2860 1072 2945 aequalitatis
1085 2864 1293 2927 cremantia
1311 2868 1478 2929 aualmun:

146 2968 216 3011 nam
239 2950 268 3011 in
292 2968 455 3029 progressu
479 2950 663 3023 ostendetur,
685 2960 828 3029 puuctum
850 2950 1045 3033 aequalitatis
1068 2958 1101 3013 et
1122 2959 1256 3014 centrum
1280 2941 1478 3015 eccentricirlt

147 3036 266 3101 theoria
288 3038 370 3101 Solis
393 3057 451 3101 nou
474 3058 542 3099 esse
562 3038 653 3101 idem.
687 3040 869 3121 Eriyarrtur
890 3060 931 3103 aa
944 3042 981 3115 Β,
997 3036 1023 3103 G
1040 3040 1323 3123 perpendiculum
1336 3038 1399 3115 BS,
1418 3034 1478 3103 GV:

146 3134 177 3190 el
190 3134 393 3191 ammetalar·
406 3123 430 3189 S
444 3146 516 3191 eum
531 3124 567 3201 0,
581 3136 617 3191 nr
628 3128 673 3191 eir
686 3126 743 3191 CV
757 3127 844 3193 linea
857 3130 957 3193 aredii
969 3134 999 3191 el
1014 3124 1065 3191 CS
1079 3132 1265 3213 apparentia
1278 3138 1383 3195 motus
1398 3120 1478 3198 Solle

238 3224 308 3285 Etsi
345 3224 439 3303 igitur
462 3226 565 3307 Tycha
586 3226 687 3287 Brahe
719 3228 848 3289 noudum
876 3226 966 3307 plane
996 3228 1199 3303 concluserat,
1233 3236 1332 3291 utrum
1355 3226 1478 3309 planstst

148 3314 188 3377 ad
211 3313 307 3375 lineas
330 3312 403 3389 CV,
427 3334 466 3375 an
489 3332 560 3375 vero
584 3316 623 3377 ad
646 3312 698 3377 OS
721 3316 863 3391 referret,
886 3316 916 3377 iu
939 3314 1036 3397 prima
1058 3322 1159 3379 turnus
1182 3316 1378 3397 conceptione
1401 3314 1478 3391 hoq

149 3402 206 3467 CV
243 3402 366 3477 hahuit,
404 3402 446 3465 uti
475 3402 595 3485 quidem
622 3413 703 3466 tomo
733 3404 758 3469 I.
783 3406 1084 3487 Progymnasmatum
1117 3404 1168 3469 fol.
1196 3400 1272 3469 477.
1301 3414 1335 3467 et
1356 3394 1478 3467 tnmffl

148 3494 204 3555 l'ol.
231 3488 305 3555 188.
337 3491 522 3555 declaratum
554 3492 691 3573 reliquit:
729 3512 818 3575 quam
846 3496 971 3556 eandem
995 3492 1076 3555 riam
1098 3494 1166 3573 ipsa
1188 3514 1304 3577 quoque
1328 3492 1415 3557 Ptole
1448 3486 1451 3493 '

149 3593 182 3644 et
205 3580 364 3659 Cupernici
392 3582 523 3661 vestigia
551 3582 608 3661 ipsi
642 3592 856 3647 monstrarunt.
909 3584 995 3645 Hanc
1026 3604 1046 3643 a
1068 3584 1208 3665 Tychone
1232 3584 1383 3646 calcatam
1405 3580 1462 3641 v‘'

148 3672 175 3733 si
199 3673 237 3733 ad
259 3678 391 3733 mentem
413 3672 579 3733 Ptolemaei
602 3690 781 3755 pergamus,
818 3672 917 3735 dicere
947 3680 1082 3751 oportet,
1113 3672 1231 3753 quoties
1253 3671 1380 3753 planeta
1401 3668 1429 3733 in
1448 3666 1478 3731 ll·¹

151 3780 225 3823 neas
249 3758 314 3821 CV
338 3760 428 3821 medii
457 3768 557 3821 motus
580 3758 661 3821 Solis
689 3760 793 3825 incidit
820 3782 837 3823 e
860 3760 982 3841 regione
1005 3758 1107 3835 Solis,
1146 3762 1239 3823 toties
1270 3761 1353 3824 illum
1385 3770 1477 3821 exuat

150 3846 398 3929 inaequalitatem
423 3850 594 3916 secundam,
618 3868 695 3930 quae
718 3851 746 3910 ei
770 3850 881 3914 accidit
903 3868 941 3911 ex
958 3850 1068 3911 Brnhei
1089 3852 1251 3926 sententia,
1275 3850 1313 3913 nb
1332 3848 1478 3916 nonnum

150 3940 244 4001 contri
268 3937 427 3999 ecceutrioi
452 3939 533 4000 eirca
556 3939 679 4001 Terram
702 3940 808 4001 eodem
832 3952 964 4019 tempore
988 3958 1054 4001 eum
1078 3938 1160 4001 Sole.

237 4028 318 4089 h'am
340 4028 436 4108 ipsum
459 4028 578 4107 quidem
601 4046 753 4089 corninunc
777 4040 927 4108 puuctum,
953 4028 1037 4108 cujus
1065 4037 1206 4107 respectu
1228 4046 1333 4089 omues
1355 4029 1478 4109 planetu

151 4126 263 4179 motum
287 4117 424 4178 dicuntur
452 4117 561 4178 habere
595 4117 793 4179 eccentricum
817 4126 848 4178 et
870 4116 899 4177 in
924 4138 980 4198 quo
1004 4126 1099 4179 totum
1133 4127 1267 4199 systema
1298 4116 1478 4197 planetariun

151 4208 273 4267 affixum
296 4224 363 4266 esse
388 4207 551 4286 concipitur
575 4206 690 4267 orbitae
706 4206 796 4281 Solis,
821 4208 885 4279 hoc,
911 4208 1039 4285 inquam,
1064 4218 1204 4286 prunetum
1229 4226 1348 4286 semper
1363 4212 1478 4269 versun

152 4296 181 4358 in
207 4295 286 4357 liue'a
308 4296 397 4357 medii
422 4308 520 4357 motus
544 4294 640 4367 Solia,
665 4295 823 4355 intervallo
857 4296 975 4374 aequali
1000 4296 1054 4374 ipsi
1079 4294 1130 4357 BS
1155 4316 1174 4356 a
1197 4293 1221 4357 C
1246 4297 1342 4357 Terra
1371 4296 1478 4357 distem

153 4394 185 4445 et
212 4385 432 4445 concentricum
456 4386 485 4445 V
517 4384 688 4445 describens
721 4386 876 4464 aequalem
906 4384 1073 4446 eecentrico
1105 4382 1168 4445 GS.
1215 4386 1300 4446 Haec
1333 4385 1410 4446 enim
1442 4378 1478 4445 lul

153 4472 303 4555 Tychonis
327 4474 426 4534 Brahe
461 4474 632 4535 sententia:
669 4472 725 4533 nisi
758 4474 836 4553 quod
868 4474 982 4535 solidos
1012 4474 1099 4534 urbes
1130 4474 1181 4535 ille
1212 4474 1345 4551 negarit
1393 4475 1478 4553 luqn

154 4581 229 4643 quae
254 4562 291 4623 de
314 4562 453 4624 affixione
477 4563 570 4623 totius
601 4562 777 4643 systematis
809 4563 971 4641 planetarii
995 4564 1033 4623 ad
1057 4563 1158 4623 nrhem
1182 4562 1263 4625 Solis
1287 4563 1437 4637 diximus,
1458 4578 1478 4620 al

154 4661 273 4731 captum
297 4650 423 4711 dixinms
448 4670 557 4726 eorum,
582 4652 631 4731 qui
655 4653 742 4712 orbes
767 4652 879 4713 solidos
902 4652 1037 4713 creduut.
1087 4652 1292 4715 Oorrl-r'nuetur
1315 4650 1390 4725 VO,
1410 4648 1478 4715 etrl

149 4742 283 4823 planeta
312 4739 345 4803 'ln
374 4742 435 4803 hac
464 4740 551 4803 linea
580 4741 668 4803 altra
691 4738 727 4803 C.
776 4738 949 4805 C'ollocalr'l
978 4742 1079 4821 ipit-ur·
1100 4741 1250 4804 Bralrcue
1278 4741 1313 4803 e'u
1336 4743 1396 4803 hoc
1425 4760 1478 4805 aas

150 4838 303 4915 punctura
325 4832 482 4915 afficientis
503 4832 683 4913 systematis
705 4830 882 4913 planetarii
903 4831 938 4893 in
961 4830 1000 4891 V.
1057 4830 1142 4895 l'ieio
1170 4832 1271 4913 ipitur
1293 4828 1478 4913 placarat
