3278 5550
732 302 774 364 De
793 304 874 397 Luna
1414 304 1479 374 683

223 490 272 553 Sit
295 487 403 551 deinde
427 489 513 551 Luna
540 490 619 551 inter
651 489 709 550 duo
741 504 880 570 apogaea'
902 490 950 552 vel
981 489 1059 551 inter
1092 489 1149 552 duo
1179 488 1324 568 perigaea
1347 498 1378 550 ut
1402 487 1432 549 in
1455 489 1480 550 1.

123 578 190 642 Hic
215 579 395 659 triangulum
419 578 534 640 solutae
559 587 607 641 est
620 578 693 640 BAI
716 578 745 640 iu
761 578 947 641 semicirculo
971 578 1088 641 solutae
1112 578 1302 652 ascendente,
1327 585 1360 639 at
1384 577 1480 639 triau-

125 669 235 749 gnlum
265 675 436 730 menstruae
468 677 516 729 est
539 666 609 731 CAl
633 668 662 729 in
688 668 874 738 semicirculo
904 676 1075 729 menstruae
1108 667 1310 728 descendente
1319 685 1332 739 ;-
1361 667 1481 729 valeres

125 756 237 839 itaque
262 757 476 834 triangulorum
504 765 575 818 sunt
606 757 684 818 inter
707 776 740 818 se
764 756 931 819 affectionis
964 756 1153 830 contrariae,
1186 774 1277 836 quare
1302 754 1348 816 hic
1371 755 1481 835 angulo

124 844 211 910 Dal
234 846 399 925 respondet
421 846 570 907 anomalia
592 846 693 907 media
715 853 858 907 constans
882 865 920 907 ex
942 846 1044 906 valore
1068 864 1158 906 areae
1173 845 1290 919 DKIA,
1313 844 1367 905 sed
1391 864 1481 929 aquo

125 934 299 997 diminutus
323 934 364 995 sit
383 935 468 997 valor
491 954 579 997 areae
594 933 677 998 cla.
723 934 879 997 Hactenus
902 933 1077 995 retinuimus
1096 933 1272 995 distantium
1293 934 1378 995 Dar*
1400 932 1482 997 Solis

127 1022 266 1104 oppositi
290 1024 328 1085 ab
350 1042 483 1104 apogaeo
502 1025 606 1086 Lunae
631 1043 720 1085 unam
743 1032 775 1085 et
797 1022 940 1084 eandem:
966 1042 1031 1084 cnm
1054 1030 1156 1084 tanmn
1181 1021 1332 1101 separatio
1356 1022 1397 1083 sit
1420 1023 1481 1084 sere

128 1132 244 1175 annua.
290 1112 462 1174 Notandum
486 1130 567 1194 ergo,
593 1114 620 1175 si
643 1132 810 1193 apogaeum
834 1113 876 1173 sit
898 1113 927 1173 ln
952 1115 978 1185 0⁰
1003 1113 1051 1174 vel
1075 1114 1105 1188 ό
1121 1108 1172 1188 Θ,
1195 1111 1252 1172 hoc
1277 1118 1325 1173 est
1347 1111 1372 1172 si
1396 1111 1481 1175 coin·
1514 1108 1517 1115 ’

127 1201 239 1279 cidant
261 1202 320 1262 AD
344 1210 375 1262 et
397 1201 461 1277 AF,
485 1204 599 1264 tuncB
624 1211 757 1264 centrum
783 1199 941 1267 eccentrioi
966 1201 1024 1263 erit
1045 1200 1118 1263 inL
1141 1200 1189 1262 vel
1208 1200 1242 1261 P.
1285 1202 1368 1262 Tunc
1392 1200 1484 1281 igitur

128 1290 237 1371 posita
259 1289 346 1351 Luna
368 1290 397 1351 in
420 1290 450 1351 H
472 1292 520 1353 vel
535 1292 583 1361 K,
598 1293 656 1353 erit
678 1311 748 1372 pars
772 1290 960 1371 aequationis
984 1290 1094 1370 optiea,
1118 1298 1151 1350 ut
1173 1289 1329 1364 hactenus,
1355 1289 1482 1368 angulus

128 1379 223 1441 LHA
247 1379 295 1440 vel
318 1378 422 1441 LKA:
447 1388 480 1440 at
501 1380 628 1463 physica
651 1400 721 1460 pars
751 1379 938 1462 aequatiouis
962 1387 1024 1441 tam
1049 1379 1167 1441 solutae
1191 1397 1280 1459 quarn
1311 1387 1482 1441 menstruae

130 1468 332 1532 communiter
356 1478 403 1530 est
425 1469 610 1532 desumenda
633 1489 670 1530 ex
693 1488 765 1530 area
788 1469 875 1531 ΒΗΑ
898 1469 947 1529 vel
969 1469 1057 1533 LKA
1080 1467 1128 1529 bis
1152 1476 1261 1529 sumta.
1310 1465 1389 1538 Quia
1412 1487 1483 1548 per·
1565 1502 1568 1507 ·

129 1553 338 1639 pandiculeris
360 1555 413 1620 BC
445 1566 515 1619 tunc
547 1566 596 1620 est
628 1558 726 1631 nulla,
765 1559 873 1638 qnippe
906 1557 1048 1619 absumta
1076 1557 1106 1618 in
1137 1558 1345 1637 punctumL,
1378 1565 1411 1618 ut
1439 1556 1483 1620 sic

130 1656 293 1725 utrumque
326 1647 504 1726 triangulum
528 1655 590 1709 tam
618 1649 735 1709 solutae
766 1664 853 1728 quam
881 1656 1052 1709 menstruae
1083 1646 1208 1706 eandem
1238 1643 1370 1707 babeant
1397 1647 1483 1708 basin

131 1737 204 1798 AL.
243 1735 387 1797 Vicissim
411 1736 437 1797 si
462 1755 627 1816 apogaeum
651 1738 680 1800 D
705 1736 746 1798 sit
768 1737 797 1797 in
822 1736 944 1816 quadris
968 1745 999 1797 et
1021 1736 1148 1815 angulus
1171 1734 1257 1797 Dae
1280 1743 1388 1808 rectus,
1413 1745 1484 1797 tune

130 1824 393 1905 perpendicularis
406 1824 460 1888 BC
484 1826 567 1888 cadit
584 1827 614 1887 in
634 1829 662 1888 A
683 1835 817 1888 centrum
833 1827 955 1899 Terrae,
979 1844 1069 1904 quare
1094 1823 1304 1887 eccentricitas
1327 1824 1484 1905 aequantia
1506 1850 1509 1855 ·

132 1911 193 1978 Ac
218 1921 267 1974 est
289 1914 385 1988 nulla,
408 1913 499 1992 igitur
522 1923 553 1975 et
576 1916 715 1994 aequatio
745 1922 900 1976 menstrua
923 1924 993 1976 tunc
1016 1914 1099 1975 nulla
1120 1919 1184 1974 toto
1208 1912 1324 1976 orbitae
1348 1913 1483 1976 circuitu
1495 1938 1500 1949 ¹

130 2002 185 2067 lta
209 2002 284 2063 satis
308 1961 419 2064 clanim
443 2003 583 2079 efficitur,
613 2004 787 2065 tarditatem
812 2003 919 2065 sideris
943 2011 1092 2066 exaucto
1120 2002 1279 2064 interuallo
1304 2021 1371 2065 esse
1394 2002 1484 2085 dupio

133 2091 280 2172 majorem
304 2092 384 2153 circa
408 2112 573 2172 apogaeum
598 2093 627 2153 in
651 2094 766 2196 copulis
789 2112 878 2173 quam
900 2093 980 2154 vel'
971 2111 1001 2153 ιιι
1025 2091 1165 2171 planetis
1187 2090 1296 2152 ceteris
1320 2093 1369 2155 vel
1393 2091 1485 2155 etiem

132 2178 162 2255 ip
187 2181 256 2259 ipsa
279 2181 366 2242 Luna
388 2182 468 2243 circa
492 2201 658 2284 apogaeum
682 2183 710 2242 iu
735 2182 867 2285 quadris
913 2181 955 2243 Ει
977 2181 1053 2242 haec
1076 2178 1285 2260 intelligantur
1308 2181 1344 2242 de
1368 2198 1483 2265 aequa·
1526 2200 1534 2221 ⁰

133 2268 266 2333 tionibus
290 2289 327 2331 ex
351 2270 471 2350 antiquo
495 2271 635 2349 cognitis,
659 2281 776 2332 remota
794 2271 860 2351 jam
884 2270 1051 2332 variatione
1068 2269 1254 2351 Tychonica,
1284 2270 1321 2331 de
1345 2291 1404 2352 qua
1426 2270 1484 2334 huc

133 2376 228 2439 usqne
253 2358 326 2420 nihil
350 2359 470 2421 dictum
515 2359 576 2421 Sed
600 2360 733 2421 notanda
757 2371 804 2422 est
826 2361 901 2422 haec
925 2360 1004 2422 ratio
1027 2359 1121 2440 dupli,
1146 2358 1217 2443 quia
1239 2360 1342 2423 oculos
1364 2359 1484 2422 videtur

130 2447 251 2529 aperire
281 2449 361 2509 circa
393 2468 501 2510 causas
533 2457 664 2510 motuum
697 2449 840 2530 physicas
870 2449 1089 2529 indagandas.
1120 2444 1276 2511 Hactenus
1305 2449 1484 2531 hypothesis

129 2546 293 2600 renovata
339 2538 373 2598 In
395 2536 593 2617 premeride
617 2545 648 2598 et
670 2556 723 2618 per
746 2538 801 2599 hos
825 2558 920 2599 annos
943 2537 1138 2599 intermedius
1162 2537 1310 2627 duplicem
1333 2539 1483 2600 eccentri-

126 2627 260 2689 citatem
283 2626 395 2687 statui:
429 2635 470 2701 ut,
494 2626 573 2688 sicut
595 2627 626 2688 in
650 2629 750 2689 soluta
776 2628 1065 2708 prosthaphaereses
1093 2634 1234 2688 causatur
1263 2629 1484 2700 eccentricitas,

124 2715 247 2797 partim
270 2715 368 2795 optice
391 2716 498 2794 partim
523 2715 656 2797 physice,
679 2716 723 2777 sic
747 2717 839 2778 etiam
863 2717 892 2778 in
907 2725 1079 2779 menstrua
1077 2715 1377 2799 prosthaphaereses
1401 2716 1481 2778 divi-

123 2806 276 2868 derentur
299 2804 377 2867 inter
399 2804 554 2886 physicam
578 2814 609 2866 et
632 2805 773 2884 opticam,
798 2815 830 2867 et
853 2814 886 2867 ut
908 2805 1034 2887 physica
1055 2803 1223 2868 retardatio
1251 2806 1374 2868 solitam
1398 2823 1483 2867 suam

121 2911 257 2959 eausam
289 2892 433 2969 haberet,
464 2893 660 2956 mutationem
692 2894 809 2956 scilicet
838 2895 989 2957 intervalli
1012 2894 1117 2958 Lunae
1145 2903 1176 2957 et
1199 2894 1322 2957 Terrae
1368 2896 1482 2958 Verum

121 2983 175 3047 sic
201 2981 412 3043 eccentricitas
444 2983 615 3062 copularum
646 2983 716 3044 mibi
746 2994 818 3045 nata
846 2985 903 3045 fuit
933 2979 1032 3056 6543,
1066 2984 1193 3065 simplex
1221 3002 1273 3044 seu
1304 2984 1483 3065 quadrarum
1555 3058 1559 3067 ¹

121 3066 231 3137 4362.
274 3063 369 3151 Atqui
390 3090 427 3132 ex
441 3071 577 3150 diligenti
601 3072 782 3133 tractatione
807 3073 962 3153 eclipsium
986 3073 1179 3175 deprehendi,
1204 3072 1392 3135 retinendam
1415 3093 1491 3136 esse-

122 3161 226 3223 etiam
242 3159 272 3221 iu
286 3160 400 3240 copulis
424 3161 588 3241 simplicem
608 3161 865 3224 eccentricitatem
884 3156 981 3235 4362,
1006 3172 1039 3222 ut
1058 3161 1167 3223 sintin
1187 3162 1302 3240 copulis
1318 3163 1481 3227 distantiae

123 3250 169 3313 ad
193 3267 321 3328 unguem
337 3249 459 3311 eaedem
473 3271 491 3310 a
505 3251 609 3325 Terra,
629 3269 703 3330 quas
719 3251 830 3331 reperit
843 3248 1002 3313 Braheus
994 3271 1025 3312 ιιι
1041 3250 1173 3330 quadris,
1192 3251 1481 3315 semidiametrorum
1535 3288 1539 3297 ·

121 3340 245 3402 Terrae
279 3336 369 3403 a.59
398 3339 426 3398 in
456 3332 507 3401 54.
554 3339 620 3401 Hoc
653 3339 754 3420 itaque
784 3348 873 3421 puoto
905 3347 1060 3401 menstrua
1090 3340 1383 3421 prosthaphaeresis·
1404 3362 1481 3404 nunc

122 3427 226 3490 habet
250 3427 373 3489 formam
395 3444 476 3489 mere
498 3427 672 3510 physicam,
705 3449 763 3490 non
788 3447 857 3490 vero
881 3438 915 3491 ut
937 3429 992 3491 illa
1016 3427 1100 3508 prior
1123 3448 1161 3490 ex
1184 3429 1306 3492 dimidio
1338 3431 1480 3510 opticam.

121 3516 171 3581 Et
197 3523 299 3578 minen
321 3516 395 3578 haec
419 3516 543 3598 physica
575 3517 740 3579 retardatio
771 3538 896 3580 causam
923 3518 1015 3580 habet
1039 3517 1242 3583 consimilem.
1271 3518 1378 3585 ‚Sicut
1400 3519 1480 3582 enim

121 3604 159 3669 iu
193 3606 293 3666 soluta
325 3606 535 3667 eccentricitas
565 3607 640 3679 AB,
675 3626 789 3685 augens
821 3608 983 3669 distantias
1016 3608 1120 3669 Lunae
1153 3629 1171 3669 a
1202 3608 1284 3671 fonte
1320 3618 1420 3671 motus
1449 3611 1480 3671 A

123 3692 281 3777 superius,
307 3703 396 3773 auget
419 3695 511 3757 etiam
534 3695 674 3777 physicos
706 3706 823 3758 motus:
853 3696 896 3758 sic
919 3715 996 3759 nuuc
1020 3697 1049 3757 in
1073 3705 1235 3772 menstrua,
1260 3698 1330 3779 qnia
1352 3698 1479 3761 circulus

123 3783 360 3849 illuminationis
384 3804 500 3864 semper
522 3784 809 3864 perpendicularis
801 3805 858 3865 rpsr
851 3783 929 3846 FG
954 3785 1099 3847 rationem
1123 3785 1215 3847 sontis
1239 3786 1350 3863 habet,
1374 3785 1479 3850 eadem

124 3872 342 3937 eccentricitas
356 3870 412 3936 AB
432 3874 523 3936 habet
541 3894 626 3935 suam
647 3883 761 3935 certam
785 3874 974 3935 altitudinem
988 3893 1078 3954 super
1094 3874 1217 3953 planum
1240 3836 1478 3948 illuminationis,

125 3981 209 4045 quae
234 3950 377 4025 altitudo
385 3970 433 4024 est
456 3962 527 4038 AC,
552 3971 584 4024 et
606 3970 746 4043 operatur
774 3962 902 4024 elevatio
925 3959 983 4025 Ac
1006 3962 1160 4066 physicam
1191 3964 1456 4028 retardationem
1447 3984 1476 4027 ιιι

124 4060 286 4116 menstrua
317 4051 477 4113 maximam
509 4051 653 4125 circaF,
679 4070 735 4112 non
769 4053 866 4113 minus
897 4070 991 4157 quam·
1015 4052 1045 4113 in
1069 4051 1207 4114 soluta
1199 4072 1266 4133 rpsa
1298 4054 1477 4116 elevatioB

125 4158 224 4222 super
254 4141 284 4202 A
323 4150 463 4220 operatur
497 4141 731 4202 retardationem
768 4141 929 4202 maximum
966 4142 1045 4204 circa
1080 4140 1119 4202 D.
1183 4143 1288 4224 ltaque
1325 4142 1477 4223 triangula

125 4229 221 4295 CBA
253 4229 305 4293 hc.
339 4249 414 4310 quae
447 4249 512 4291 cnm
542 4230 620 4293 areis
649 4230 712 4290 suis
745 4230 913 4308 significant
944 4230 1180 4292 retardationem
1211 4231 1385 4313 physicam,
1418 4250 1477 4292 non

122 4325 315 4382 carentena
338 4319 428 4381 etiam
460 4338 570 4392 causa,
603 4319 681 4399 quod
714 4319 859 4380 hactenus
887 4338 934 4381 me
958 4326 1091 4381 torserat
1122 4319 1219 4400 adque
1252 4320 1477 4401 confingendam

123 4405 313 4491 peculiarem
336 4407 589 4470 eccentricitatem
618 4408 771 4486 adegerat.
819 4407 964 4470 Omnibus
987 4408 1098 4483 modis,
1122 4407 1285 4470 Maestline
1315 4417 1475 4490 praestan-

124 4496 263 4569 tissime,
296 4495 380 4557 diues
404 4504 452 4558 est
475 4504 506 4557 et
529 4495 586 4557 sibi
610 4497 667 4576 ipsi
695 4497 948 4559 sufficientissima
980 4498 1106 4580 physica
1137 4498 1303 4577 speculatio
1334 4510 1474 4564 motuum.

125 4584 275 4665 Sequitur
297 4583 388 4665 igitur
411 4586 553 4648 calculus.
591 4585 627 4647 In
651 4605 687 4647 eo
706 4585 762 4647 hoe
785 4605 872 4648 unum
888 4586 984 4662 deest,
1008 4587 1085 4668 quod
1108 4586 1182 4651 data
1206 4588 1355 4652 anomalia
1377 4587 1477 4650 media

124 4693 189 4738 non
214 4675 304 4737 aliter
325 4675 474 4736 invenitur
496 4674 646 4736 anomalia
669 4683 845 4754 coaequata,
870 4675 927 4736 nisi
941 4694 994 4754 per
1018 4676 1087 4737 salsi
1111 4676 1254 4753 regulam,
1279 4687 1314 4738 ut
1335 4676 1365 4739 in
1382 4675 1476 4740 Com·

125 4764 286 4829 mentonis
310 4763 420 4826 Martis
452 4763 616 4825 luculenter
646 4763 774 4825 ostendi.
821 4763 871 4825 Ad
894 4763 1027 4826 Tabulas
1058 4783 1128 4826 vero
1158 4767 1374 4829 construendas
1402 4763 1474 4826 nihil

127 4872 187 4919 nos
209 4851 486 4936 impedit-'incipero
510 4851 549 4915 ab
572 4852 723 4916 anomalia
746 4851 890 4928 eccentri,
914 4871 993 4935 quae
1018 4853 1091 4918 mihi
1106 4856 1160 4915 'est
1183 4852 1354 4935 quantitate
1375 4852 1477 4919 moda
