3278 5550
142 244 208 319 ⁵1²
731 257 897 330 murnai*

142 430 192 503 sit,
217 431 254 494 ob
277 430 359 493 alind
382 440 414 496 et
435 434 515 499 aliud
529 438 632 501 Lunae
648 447 680 503 et
693 438 821 503 Telluris
843 439 1043 516 interuallum,
1063 440 1151 504 uobis
1169 439 1362 505 memrot

143 519 211 581 Duo
240 539 310 583 vero
334 531 404 584 sunt
426 537 664 606 argumentomm
689 548 808 610 genera,
834 530 939 612 qulbus
963 530 999 591 de
1023 530 1159 592 sideman
1180 529 1363 613 propinquitr

142 609 240 671 riante
263 610 484 688 ratiocinamur,
508 617 639 697 opticum
661 628 825 700 utrumque.
871 621 936 683 Ant
961 621 1039 682 enim
1057 620 1216 723 quantitas
1231 619 1363 701 corporis

142 697 244 760 tabilis
268 663 497 803 deprehenditur
518 709 638 785 mutari,
663 718 716 772 aut
738 717 845 772 motus.
879 708 922 771 Et
934 711 1070 792 postulat
1088 710 1228 790 priorum
1246 709 1363 790 capitur

143 795 174 849 et
196 789 338 865 materia,
362 798 436 856 uta
459 812 581 876 corpore
604 798 789 880 incipiamus.

938 884 989 950 Sit
1010 887 1040 950 A
1062 887 1169 961 Terra,
1188 885 1282 951 BAD
1304 886 1363 949 line

854 977 931 1051 dum,
956 977 982 1040 B
1007 981 1140 1039 centrum
1156 975 1268 1037 Lunae
1292 975 1324 1037 iu
1347 996 1363 1036 a

852 1064 906 1128 BG
930 1066 1168 1127 semidiameter:
1193 1063 1242 1127 cui
1266 1083 1363 1145 aequa

177 1127 199 1174 Β
801 1154 818 1202 0
853 1155 1024 1217 tuaturDE
1042 1154 1253 1237 inperigae03
1279 1173 1363 1217 couno

199 1148 206 1314 i
331 1248 397 1322 ᾗ
429 1249 578 1373 4
795 1172 800 1327 i
854 1245 1062 1307 extremitates
1085 1240 1178 1319 C,E
1218 1262 1289 1306 cum
1320 1242 1363 1318 A,

179 1304 201 1350 Β
395 1326 426 1370 A
587 1330 612 1384 ἃ
797 1327 820 1373 Β
852 1332 937 1399 BAC
978 1332 1105 1414 angulus
1146 1333 1317 1394 secundum
1357 1353 1363 1393 ι

850 1422 958 1503 capitis
987 1423 1096 1504 prioris
1129 1420 1181 1485 15¹
1208 1419 1286 1497 15¹¹,
1311 1421 1363 1483 DA

151 1506 201 1573 16⁴
226 1505 311 1580 40”;
344 1506 496 1585 quaeritur
522 1508 675 1588 proportio
705 1509 849 1571 lineamm
872 1512 941 1588 DA,
964 1513 1020 1575 AB
1044 1512 1083 1572 ad
1115 1510 1254 1572 invicem.
1305 1509 1363 1574 cun

147 1597 247 1677 anguli
272 1596 310 1657 ad
332 1597 369 1670 B,
392 1597 420 1657 D
445 1598 505 1658 siut
527 1598 617 1672 recti,
648 1606 679 1659 et
701 1600 764 1660 noti
789 1599 837 1679 qui
860 1600 900 1661 ad
922 1601 952 1663 A
976 1600 1091 1681 anguli,
1124 1600 1258 1662 scientur
1288 1599 1363 1660 etiar

146 1687 246 1766 auguli
280 1684 391 1746 residui
422 1687 459 1748 ad
488 1696 610 1749 rectum.
658 1685 825 1768 Cquidem
848 1686 909 1753 89⁰
930 1686 984 1753 44’
1008 1684 1082 1764 45”,
1105 1688 1133 1751 Ε
1155 1708 1227 1750 vero
1252 1685 1363 1752 89⁰AE

147 1778 191 1839 Ut
215 1776 306 1855 igitur
338 1774 420 1836 sinus
451 1783 533 1837 totus
566 1777 603 1836 ad
635 1778 808 1855 angulorum
832 1777 867 1852 E,
893 1775 917 1840 C
947 1786 1123 1858 tangentes,
1156 1779 1201 1840 sic
1223 1777 1282 1840 ΕΙ)
1305 1778 1351 1838 rel

148 1865 245 1927 lineas
267 1863 341 1938 DA,
370 1864 437 1929 BA.
485 1863 518 1927 Si
549 1865 627 1926 enirn
651 1864 704 1928 BC
734 1866 783 1927 vel
811 1866 868 1928 DE
899 1867 940 1929 sit
965 1864 1108 1941 100000,
1142 1868 1200 1929 erit
1221 1868 1283 1929 BA
1305 1863 1363 1928 225

147 1955 205 2015 DA
221 1971 308 2023 ,vero
342 1948 528 2017 20640000.
581 1952 696 2024 Quibus
728 1953 757 2015 in
790 1973 878 2016 uuum
911 1957 1100 2036 compositis,
1132 1957 1185 2017 liet
1215 1956 1274 2017 BD
1303 1952 1363 2021 431

145 2043 270 2107 Bisecta
292 2059 363 2105 vero
381 2042 437 2104 BD
453 2043 481 2103 in
500 2051 611 2123 puncto
628 2045 661 2116 7,
687 2044 743 2104 erit
757 2045 810 2105 BF
833 2044 933 2106 radius
952 2046 1041 2119 orbis,
1065 2053 1099 2107 ut
1113 2045 1280 2126 appellant,
1304 2038 1363 2106 210

145 2132 240 2213 Igitur
261 2132 317 2194 FA
341 2132 549 2195 eccentricitas
573 2128 713 2197 060000.
751 2131 891 2203 Qualium
915 2153 985 2196 vero
1001 2135 1053 2197 FB
1078 2142 1126 2196 est
1150 2130 1363 2209 redductan

146 2220 271 2283 babebit
293 2215 388 2283 4444.
436 2222 533 2283 Tanto
558 2223 674 2301 longius
698 2222 821 2284 abesset
843 2223 947 2299 Luna,
978 2242 1045 2286 cum
1069 2223 1158 2285 abest
1181 2222 1363 2302 longissime.

147 2329 215 2373 cum
238 2309 436 2372 mediocriter.
484 2311 546 2373 Sed
569 2312 639 2391 quia
662 2311 819 2390 plurimum
842 2313 972 2391 expedit,
997 2330 1052 2374 nos
1076 2313 1155 2374 circa
1179 2331 1243 2374 rem
1267 2312 1363 2373 eander

148 2418 237 2462 sensu
265 2398 372 2463 muniri
403 2401 530 2481 plurium
562 2409 817 2480 argumentomm,
849 2419 907 2482 age
931 2409 962 2462 et
985 2423 1004 2463 a
1026 2408 1110 2463 motu
1137 2408 1360 2481 argumentemn

147 2488 223 2551 enim
246 2488 414 2569 apparebit,
438 2490 509 2570 quid
532 2491 569 2550 ad
593 2490 656 2564 illa,
681 2508 756 2569 qnae
779 2488 868 2570 objici
888 2498 1023 2571 possent,
1047 2490 1288 2571 respondendum
1311 2490 1356 2552 sit.

233 2576 283 2640 Ex
305 2587 404 2641 motus
428 2578 517 2659 igitur
540 2578 743 2641 inconstantia
766 2578 880 2640 duobus
902 2579 998 2641 modis
1023 2577 1195 2641 ratiocinari
1209 2597 1363 2658 possumus

146 2667 272 2729 teruallo
297 2668 447 2737 mutabili:
482 2676 535 2729 aut
564 2669 641 2730 enim
672 2676 754 2728 totos
778 2668 1001 2730 consideramus
1024 2668 1228 2731 semicirculos
1252 2667 1363 2747 superio

146 2756 329 2830 inferiorem,
354 2764 406 2818 aut
428 2758 548 2819 diurnos
572 2766 669 2818 motus
693 2757 722 2817 in
746 2756 819 2836 ipsis
842 2757 986 2820 limitibus
1010 2774 1144 2837 apogeao
1167 2765 1198 2819 et
1211 2756 1360 2837 perigaeo.

146 2845 236 2926 igitur
258 2845 295 2906 de
319 2848 392 2907 totis
416 2866 539 2926 agemus
562 2845 765 2908 semicirculis.

235 2933 375 3011 Veteres,
399 2955 455 3017 quo
471 2936 597 3015 primum
619 2943 753 3018 ternpore
776 2939 937 3014 coeperunt
959 2932 1026 2997 huic
1045 2931 1243 3014 speculationi
1261 2951 1363 3013 operar

149 3040 265 3085 omnem
297 3023 498 3087 inconstantis
521 3032 620 3086 motus
642 3042 765 3085 causam
787 3023 818 3084 in
841 3022 937 3085 visum
961 3023 1135 3098 retulerunt,
1160 3021 1227 3096 rati,
1253 3023 1292 3086 ob
1313 3020 1363 3083 bor

148 3111 243 3173 videri
264 3111 381 3175 Lunam
404 3114 534 3188 tardam,
557 3112 627 3193 quia
645 3112 762 3192 longius
785 3111 866 3175 absit
889 3133 907 3172 a
930 3113 1033 3185 Terra,
1056 3120 1088 3174 et
1110 3111 1254 3186 velocem,
1279 3111 1348 3193 quia

149 3200 250 3262 Terris
281 3200 409 3263 incedat.
468 3203 535 3265 Hoc
566 3201 678 3282 posito,
709 3221 746 3262 ex
769 3200 937 3283 quantitate
961 3201 1119 3283 temporis,
1149 3200 1225 3282 quod
1250 3199 1363 3263 interd

149 3289 277 3369 eclipses
299 3290 402 3353 Lunae
434 3291 466 3354 in
495 3292 622 3354 diversis
646 3291 813 3352 anomaliae
837 3291 980 3370 gradibus
1003 3289 1153 3354 versantis
1175 3290 1363 3369 interlapsos

149 3378 318 3442 admirabili
341 3379 460 3462 ingenio
484 3388 623 3442 eruerunt
646 3379 823 3442 diametrum
847 3379 987 3461 epicycli,
1019 3398 1181 3460 perquem
1204 3378 1363 3443 intervalla

149 3470 343 3533 variarentur.
396 3470 573 3535 Processum
605 3488 722 3533 omnem
751 3469 901 3550 explicare
932 3488 989 3530 non
1020 3478 1069 3531 est
1095 3468 1183 3550 hujus
1213 3468 1282 3531 loci.
1337 3464 1363 3538 0

147 3577 217 3622 vero
241 3559 328 3621 Luna
358 3560 466 3622 ceteris
498 3558 630 3641 planetis
659 3562 794 3640 (quorum
818 3576 985 3639 apogaeum
1008 3578 1066 3620 uon
1091 3557 1166 3619 adeo
1189 3576 1300 3639 vagum
1323 3564 1363 3621 est

147 3647 244 3711 milani
275 3656 382 3726 eaptus
419 3669 512 3712 causa
550 3656 667 3730 potest,
705 3647 824 3710 remitto
848 3649 990 3710 lectorem
1025 3647 1238 3727 imperitiorem
1270 3648 1313 3710 ad
1340 3642 1363 3711 0

149 3735 221 3800 Ot.
246 3756 275 3816 p.
301 3732 377 3799 336.

177 3756 196 3818 p
235 3826 300 3887 Hoc
324 3828 424 3907 itaque
446 3833 535 3908 pacto
558 3825 748 3906 Hipparchus
772 3826 821 3899 (ut
843 3823 936 3887 habes
952 3822 1027 3903 Cap.
1042 3824 1129 3886 VIII.
1148 3822 1220 3904 Opt.
1241 3844 1273 3904 p.
1289 3818 1363 3899 313]

149 3915 322 3977 distantiam
344 3917 373 3977 in
398 3915 529 3998 syzygiis
551 3915 725 3995 perigaeam
748 3914 881 3975 exhibuit
902 3912 940 3975 71
965 3912 1254 3976 semidiaruetrorum
1270 3913 1363 3977 Tem

151 4023 257 4085 gaeam
291 4001 348 4080 83,
385 4005 563 4065 mediocrem
595 4005 652 4075 77,
696 4003 787 4083 igitur
818 4003 1071 4064 eccentricitatem
1102 3999 1137 4077 6,
1171 4003 1227 4064 hoc
1258 4009 1324 4079 est,
1360 4031 1363 4055 ι

148 4094 250 4155 radius
283 4093 363 4156 orbis
391 4089 533 4164 100000,
566 4093 657 4154 talem
695 4091 948 4161 eccentricitatem
981 4088 1083 4164 7792,
1112 4091 1190 4172 quod
1213 4101 1264 4154 est
1286 4091 1350 4155 iore

150 4183 231 4263 ejus,
256 4183 334 4261 quod
358 4202 396 4244 ex
418 4182 536 4244 variata
558 4182 704 4243 diametro
727 4180 862 4261 superius
886 4189 953 4242 erat
974 4181 1136 4243 inventum.
1182 4181 1268 4242 Idem
1293 4178 1363 4261 Ilipy

151 4272 209 4332 alio
232 4280 365 4351 ternpore
390 4291 457 4334 sese
481 4271 643 4351 corrigens,
666 4271 781 4333 Lunam
804 4271 833 4331 in
858 4271 987 4353 syzygiis
1011 4270 1143 4332 citimam
1160 4271 1363 4352 pronunciavit

150 4356 192 4423 62
215 4360 445 4423 semidiametris
469 4360 589 4433 Terrae,
614 4360 747 4433 nltimam
769 4377 840 4419 vero
863 4356 904 4420 72
914 4353 963 4442 ¹123
988 4359 1114 4420 mediam
1138 4359 1228 4439 igitur
1252 4354 1295 4422 07
1305 4353 1357 4442 7.,

149 4448 365 4512 cantricitatem
398 4443 476 4533 57„
507 4449 536 4510 b.
561 4468 587 4518 e.
620 4449 651 4511 in
673 4448 857 4510 dimensione
880 4458 1024 4510 consueta
1047 4444 1142 4511 7807.
1187 4447 1265 4510 Post
1287 4448 1363 4511 huuc

150 4556 253 4603 cnaeus
275 4538 337 4600 ista
359 4538 512 4617 corrigens
534 4538 649 4600 invenit
672 4537 923 4601 eccentricitatem
949 4533 1045 4605 8730,
1065 4545 1193 4617 quantus
1216 4556 1260 4599 sc.
1286 4544 1363 4600 ests

151 4625 337 4710 aequatiouis
360 4628 506 4690 maximae
528 4627 664 4690 Lunae
655 4648 686 4690 m
708 4626 821 4706 copulis
844 4625 1005 4688 versantis.
1050 4628 1152 4708 Atque
1180 4626 1236 4688 hoc
1254 4626 1349 4710 louge

150 4717 269 4781 accedit
291 4715 332 4780 ad
354 4718 475 4797 duplum
496 4717 572 4827 ejus,
595 4720 672 4798 quod
696 4730 752 4797 ego
775 4734 867 4795 supra
888 4713 998 4777 inveni.
1213 4726 1216 4735 ·

446 953 545 1023 rigo.
