3278 5550
597 887 635 939 m
652 886 787 940 nonme
807 886 939 940 nomm.

528 1030 1017 1106 COMMENTARIORUM

160 1180 249 1283 nn
292 1140 641 1288 normus'
685 1185 1032 1286 suntuna
1080 1186 1383 1292 nanum

629 1363 739 1430 PARS
761 1365 906 1429 PRIMA.

352 1518 414 1608 DE
448 1517 812 1612 coliptlmllorlt
848 1516 1188 1611 HYPOTHESIUM.

383 1724 386 1730 ·
677 1701 797 1802 Caput
828 1700 857 1776 Ι.

120 1862 345 1948 &differentia
365 1868 469 1927 motus
484 1861 587 1943 prinei
607 1869 637 1925 et
649 1862 858 1926 secandorum
870 1863 934 1924 sive
951 1863 1166 1946 propriorum,
1191 1873 1221 1929 et
1244 1867 1280 1930 ia
1297 1867 1443 1951 propriis

455 1949 694 2031 inaequalitatis
717 1952 845 2035 primae
867 1958 897 2015 et
918 1951 1080 2015 securrdue.
1525 1960 1528 1965 ’

177 2095 374 2158 Planetamm
406 2102 505 2154 motus
542 2091 726 2155 orbiculares
759 2111 826 2154 esse
858 2093 1031 2171 perennitas
1068 2103 1209 2158 testatur.
1255 2093 1290 2157 Id
1319 2094 1358 2157 ab
1386 2114 1443 2158 ex-

120 2183 238 2249 !ieutia
261 2191 403 2246 mutuata
424 2182 503 2245 ratio
526 2183 632 2244 statius
645 2182 822 2262 praesumit,
846 2199 937 2262 gyros
961 2182 1091 2263 ipsomm
1114 2185 1265 2264 perfectos
1289 2202 1357 2245 esse
1380 2184 1442 2248 oir-

119 2272 190 2349 ὺι;
212 2292 288 2337 uam
311 2291 349 2333 ex
370 2270 474 2352 figuris
487 2271 626 2346 circulus,
651 2291 689 2332 ex
704 2271 876 2351 corporibus
892 2270 1017 2347 coelum,
1036 2281 1197 2335 censentur
1209 2272 1440 2352 perfectissima

119 2360 158 2427 B
179 2381 251 2425 roro
286 2361 447 2442 diligenter
476 2360 669 2422 attendentes
694 2359 881 2440 experientia
903 2358 1052 2424 diversum
1076 2361 1183 2424 dooere
1205 2360 1340 2432 videtur.
1363 2363 1441 2443 quod

119 2450 227 2533 hetae
253 2472 276 2513 a
291 2450 392 2513 circuli
416 2449 544 2529 simplici
567 2449 677 2511 semita
701 2450 880 2522 exorbitent,
904 2448 1033 2527 plurima
1056 2449 1161 2512 existit
1174 2449 1342 2526 admiratio,
1367 2471 1443 2532 quae

119 2538 214 2615 ᾖ
231 2541 266 2603 iu
293 2558 403 2601 causas
426 2538 619 2618 inquirendae
643 2539 778 2600 homines
802 2537 929 2617 impulit

121 2656 140 2681 ··
170 2628 252 2693 be
291 2628 368 2690 adeo
400 2637 475 2690 nata
497 2638 546 2690 est
567 2628 647 2691 inter
669 2628 803 2689 homines
827 2626 1028 2698 astronomia,
1052 2626 1136 2705 cujus
1160 2643 1270 2705 scopus
1294 2645 1360 2689 esse
1384 2647 1441 2709 pu·

119 2720 187 2783 h·
201 2720 314 2783 dooere
346 2737 473 2791 onmes,
510 2735 563 2782 cur
583 2718 740 2780 stellarum
763 2725 862 2778 motus
885 2715 1064 2795 irregulares
1088 2716 1116 2776 in
1141 2715 1242 2777 Terris
1266 2727 1442 2797 appareant.

119 2822 163 2871 Ι
177 2807 237 2872 rint
262 2805 483 2870 ordinatissimi
505 2807 535 2869 in
558 2808 657 2881 coelo,
687 2805 941 2884 etinvestigare,
975 2804 1153 2887 quibusnam
1184 2803 1305 2867 circulis
1332 2807 1441 2868 stellae

119 2894 236 2973 ΗΝ,
271 2906 307 2959 ut
336 2896 440 2959 horum
471 2895 615 2959 beneficio
640 2896 708 2958 loca
730 2902 762 2958 et
784 2893 990 2975 apparitiones
1014 2893 1132 2957 illarum
1154 2894 1193 2956 ad
1217 2893 1340 2973 quaevis
1363 2904 1441 2959 tem—

119 3002 162 3051 n
179 2985 320 3068 praedici
342 2985 469 3065 possint.
1443 3002 1447 3007 ’

153 3073 253 3139 llum
282 3074 414 3137 nondum
444 3081 601 3137 constaret
623 3074 660 3135 de
683 3071 855 3134 discrimine
890 3127 893 3133 .

118 3170 167 3229 h
186 3175 305 3228 motum
328 3162 454 3245 primurn
477 3170 510 3227 et
530 3162 692 3236 secundos,
721 3161 856 3223 homines

119 3252 187 3319 Uti
209 3252 336 3328 Solem,
360 3251 477 3316 Lunam
504 3261 537 3315 et
567 3252 674 3314 stollas
704 3259 856 3324 notarunt,

118 3340 199 3409 bn
226 3342 363 3424 ipsorum
396 3342 503 3404 diuma
543 3341 733 3422 aequiparari
770 3359 859 3423 qnam
898 3373 921 3412 a,

118 3433 225 3497 »atne
254 3430 376 3494 circulis
399 3431 438 3492 ad
469 3450 604 3500 sonsum,
635 3431 678 3492 sic
701 3438 801 3493 tamen
825 3407 923 3513 utgip

118 3610 226 3685 edm,
261 3609 449 3691 circulosque
480 3616 514 3671 ut
541 3608 700 3690 plurimum
728 3609 857 3670 minores

120 3699 275 3783 quma.
297 3698 450 3762 rarissime
473 3699 620 3761 maximos
636 3717 703 3759 esse
725 3699 775 3772 (ut
792 3696 858 3775 jam
908 3725 935 3757 ⁴

118 3786 215 3865 wit,
238 3786 372 3863 ΡΜΝΘ,
405 3796 545 3850 secantes
573 3788 631 3851 AB
663 3796 857 3867 aequatorem

131 3874 171 3953 0.
195 3878 243 3950 N)
277 3885 396 3956 partem
420 3896 522 3940 eorum
545 3876 576 3938 in
596 3883 715 3951 austro,
740 3883 857 3956 partem
1039 3918 1046 3947 ,.

127 3963 282 4039 boream
305 3964 457 4028 Viderunt
470 3967 573 4038 etiam,
593 3964 735 4045 distingui
750 3964 858 4027 stellas
924 3954 946 3979 ²

117 4055 245 4119 ilaritate
269 4055 299 4117 in
321 4055 377 4116 hoo
401 4055 505 4117 diurno
530 4064 561 4118 et
574 4053 731 4136 apparenti
755 4061 855 4117 motu:
1019 4053 1026 4104 Ξ

117 4162 165 4207 us
188 4143 319 4208 omnium
343 4163 411 4206 esse
441 4144 633 4218 celerrimas3
667 4144 738 4224 quia
760 4143 856 4224 pridie

117 4233 179 4296 licui
204 4234 394 4314 planetarum
417 4233 543 4312 junctae
567 4235 614 4308 [ut
634 4233 665 4293 H
691 4231 749 4313 ipsi
772 4233 802 4295 A
825 4239 857 4294 et

178 4390 205 4461 ·)
225 4395 318 4450 llutua
347 4395 450 4466 primus
479 4403 525 4451 est
552 4394 637 4451 totius
667 4394 737 4448 coeli
765 4400 795 4448 ot
820 4396 936 4452 omniurn
956 4399 985 4453 in
1005 4417 1038 4454 eo
1064 4402 1208 4460 stellarum
1228 4407 1264 4462 ab
1295 4417 1358 4466 ortu
1387 4427 1440 4483 per

117 4472 227 4530 nauium
252 4476 279 4531 in
300 4493 426 4531 ocenum
446 4482 476 4530 et
496 4477 533 4532 ab
560 4493 660 4531 occasu
679 4492 730 4546 per
758 4474 840 4530 imum
867 4478 937 4532 cosli
957 4479 985 4533 in
1006 4488 1110 4545 ortum,
1139 4491 1262 4556 ternpore
1288 4489 1326 4545 24
1356 4493 1438 4548 hora-

117 4567 170 4615 rum
195 4556 222 4610 in
243 4557 380 4611 schemate
408 4558 548 4628 praesenti
569 4557 677 4611 ABCD.
718 4556 810 4611 Motus
838 4558 948 4612 secundi
976 4568 1040 4617 sunt
1065 4562 1235 4634 singulorum
1260 4570 1436 4639 planetarum

117 4630 143 4683 ab
159 4649 248 4690 m„
266 4652 361 4691 „nm
381 4644 480 4702 orcum,
501 4639 538 4692 ab
557 4640 584 4691 Δ
605 4637 633 4692 in
651 4637 685 4701 R,
706 4637 743 4692 ab
762 4638 785 4691 F
804 4637 833 4691 in
854 4639 886 4703 G,
908 4641 1075 4710 temporibus
1096 4644 1275 4716 longioribus.
1311 4652 1435 4707 circulus

120 4713 228 4801 ..sm
245 4717 382 4787 ,pm-20
401 4723 454 4782 οη,
474 4719 521 4790 qni
535 4717 690 4788 aequaliter
709 4717 797 4772 distat
816 4720 851 4773 ab
871 4725 987 4791 utroque
1007 4738 1117 4777 snorum
1137 4725 1272 4794 polonum.
1303 4731 1432 4800 maures,

125 4803 156 4856 pr
171 4803 225 4848 runt
242 4797 321 4852 alteri
340 4798 466 4868 polorum
486 4799 643 4869 propiorem
665 4802 697 4852 ut
717 4798 796 4852 HLK
816 4800 880 4869 polo
901 4799 926 4863 Q
946 4800 1057 4873 propior
1076 4810 1121 4858 est
1140 4821 1222 4877 quoru
1241 4809 1306 4881 polo
1327 4811 1361 4868 Il.
