<?xml version="1.0" encoding="UTF-8"?>
<!DOCTYPE html PUBLIC "-//W3C//DTD XHTML 1.0 Transitional//EN"
    "http://www.w3.org/TR/xhtml1/DTD/xhtml1-transitional.dtd">
<html xmlns="http://www.w3.org/1999/xhtml" xml:lang="en" lang="en">
 <head>
  <title>
</title>
<meta http-equiv="Content-Type" content="text/html;charset=utf-8" />
  <meta name='ocr-system' content='tesseract 3.04.00' />
  <meta name='ocr-capabilities' content='ocr_page ocr_carea ocr_par ocr_line ocrx_word'/>
</head>
<body>
  <div class='ocr_page' id='page_1' title='image "./joanniskepleria12frisgoog/joanniskepleria12frisgoog_0078.png"; bbox 0 0 3278 5550; ppageno 0'>
   <div class='ocr_carea' id='block_1_1' title="bbox 445 314 1412 388">
    <p class='ocr_par' dir='ltr' id='par_1_1' title="bbox 445 314 1412 388">
     <span class='ocr_line' id='line_1_1' title="bbox 445 314 1412 388; baseline 0.011 -18"><span class='ocrx_word' id='word_1_1' title='bbox 445 319 477 371; x_wconf 81' lang='lat' dir='ltr'><strong>de</strong></span> <span class='ocrx_word' id='word_1_2' title='bbox 495 318 684 376; x_wconf 73' lang='lat' dir='ltr'><strong>Commentariis</strong></span> <span class='ocrx_word' id='word_1_3' title='bbox 703 318 735 371; x_wconf 86' lang='lat' dir='ltr'><strong>de</strong></span> <span class='ocrx_word' id='word_1_4' title='bbox 752 327 821 371; x_wconf 88' lang='lat' dir='ltr'><strong>motu</strong></span> <span class='ocrx_word' id='word_1_5' title='bbox 839 321 927 374; x_wconf 75' lang='lat' dir='ltr'><strong>stellae</strong></span> <span class='ocrx_word' id='word_1_6' title='bbox 944 319 1041 373; x_wconf 73' lang='lat' dir='ltr'><strong>Martie.</strong></span> <span class='ocrx_word' id='word_1_7' title='bbox 1226 314 1228 318; x_wconf 14' lang='grc' dir='ltr'><em>Α</em></span> <span class='ocrx_word' id='word_1_8' title='bbox 1369 318 1412 388; x_wconf 83' lang='grc'><strong>61)</strong></span> 
     </span>
    </p>
   </div>
   <div class='ocr_carea' id='block_1_2' title="bbox 7 495 1415 1041">
    <p class='ocr_par' dir='ltr' id='par_1_2' title="bbox 7 495 1414 848">
     <span class='ocr_line' id='line_1_2' title="bbox 7 495 1414 577; baseline 0.004 -19"><span class='ocrx_word' id='word_1_9' title='bbox 7 561 18 571; x_wconf 67' lang='lat'>‚</span> <span class='ocrx_word' id='word_1_10' title='bbox 74 498 272 576; x_wconf 88' lang='lat' dir='ltr'><strong>superioribus.</strong></span> <span class='ocrx_word' id='word_1_11' title='bbox 312 497 420 577; x_wconf 87' lang='lat' dir='ltr'><strong>Itaque</strong></span> <span class='ocrx_word' id='word_1_12' title='bbox 436 499 547 560; x_wconf 86' lang='lat' dir='ltr'><strong>Martis</strong></span> <span class='ocrx_word' id='word_1_13' title='bbox 571 497 644 562; x_wconf 83' lang='grc'>1110</span> <span class='ocrx_word' id='word_1_14' title='bbox 667 501 771 561; x_wconf 76' lang='lat' dir='ltr'><strong>tardus</strong></span> <span class='ocrx_word' id='word_1_15' title='bbox 788 508 836 560; x_wconf 86' lang='lat' dir='ltr'><strong>est</strong></span> <span class='ocrx_word' id='word_1_16' title='bbox 854 507 953 559; x_wconf 87' lang='lat' dir='ltr'><strong>motus</strong></span> <span class='ocrx_word' id='word_1_17' title='bbox 976 496 1057 560; x_wconf 86' lang='lat' dir='ltr'><strong>circa</strong></span> <span class='ocrx_word' id='word_1_18' title='bbox 1071 495 1122 575; x_wconf 87' lang='grc' dir='ltr'><strong>Θ,</strong></span> <span class='ocrx_word' id='word_1_19' title='bbox 1147 499 1222 561; x_wconf 87' lang='lat' dir='ltr'><strong>inH</strong></span> <span class='ocrx_word' id='word_1_20' title='bbox 1244 499 1414 573; x_wconf 89' lang='lat' dir='ltr'><strong>mediocris,</strong></span> 
     </span>
     <span class='ocr_line' id='line_1_3' title="bbox 8 587 1411 669; baseline 0.005 -23"><span class='ocrx_word' id='word_1_21' title='bbox 8 649 13 655; x_wconf 75' lang='grc'><strong>,</strong></span> <span class='ocrx_word' id='word_1_22' title='bbox 75 587 256 648; x_wconf 87' lang='lat' dir='ltr'><strong>quvelox.</strong></span> <span class='ocrx_word' id='word_1_23' title='bbox 304 588 428 649; x_wconf 81' lang='lat' dir='ltr'><strong>Interim</strong></span> <span class='ocrx_word' id='word_1_24' title='bbox 451 597 552 650; x_wconf 89' lang='lat' dir='ltr'><strong>tamen</strong></span> <span class='ocrx_word' id='word_1_25' title='bbox 582 587 718 669; x_wconf 87' lang='lat' dir='ltr'><strong>aequalis</strong></span> <span class='ocrx_word' id='word_1_26' title='bbox 746 597 850 650; x_wconf 88' lang='lat' dir='ltr'><strong>manet</strong></span> <span class='ocrx_word' id='word_1_27' title='bbox 878 596 976 648; x_wconf 89' lang='lat' dir='ltr'><strong>motus</strong></span> <span class='ocrx_word' id='word_1_28' title='bbox 999 589 1079 649; x_wconf 86' lang='lat' dir='ltr'><strong>circa</strong></span> <span class='ocrx_word' id='word_1_29' title='bbox 1102 589 1128 649; x_wconf 92' lang='lat' dir='ltr'>B</span> <span class='ocrx_word' id='word_1_30' title='bbox 1152 597 1298 651; x_wconf 81' lang='lat' dir='ltr'><strong>centrum.</strong></span> <span class='ocrx_word' id='word_1_31' title='bbox 1344 590 1411 655; x_wconf 84' lang='lat' dir='ltr'><strong>Hoc</strong></span> 
     </span>
     <span class='ocr_line' id='line_1_4' title="bbox 8 676 1412 758; baseline 0.004 -23"><span class='ocrx_word' id='word_1_32' title='bbox 8 738 11 745; x_wconf 76' lang='grc'>,</span> <span class='ocrx_word' id='word_1_33' title='bbox 75 676 144 736; x_wconf 88' lang='lat' dir='ltr'><strong>uodo</strong></span> <span class='ocrx_word' id='word_1_34' title='bbox 167 676 285 747; x_wconf 87' lang='lat' dir='ltr'><strong>fitilla,</strong></span> <span class='ocrx_word' id='word_1_35' title='bbox 313 684 403 756; x_wconf 82' lang='lat' dir='ltr'><strong>quain</strong></span> <span class='ocrx_word' id='word_1_36' title='bbox 425 677 630 758; x_wconf 89' lang='lat' dir='ltr'><strong>superioribus</strong></span> <span class='ocrx_word' id='word_1_37' title='bbox 654 678 751 739; x_wconf 88' lang='lat' dir='ltr'><strong>literis</strong></span> <span class='ocrx_word' id='word_1_38' title='bbox 775 677 866 750; x_wconf 91' lang='lat' dir='ltr'><strong>innui,</strong></span> <span class='ocrx_word' id='word_1_39' title='bbox 892 677 1011 756; x_wconf 88' lang='lat' dir='ltr'><strong>figura</strong></span> <span class='ocrx_word' id='word_1_40' title='bbox 1040 677 1172 738; x_wconf 90' lang='lat' dir='ltr'><strong>ovalis.</strong></span> <span class='ocrx_word' id='word_1_41' title='bbox 1218 678 1298 741; x_wconf 88' lang='lat' dir='ltr'><strong>Nam</strong></span> <span class='ocrx_word' id='word_1_42' title='bbox 1323 679 1412 740; x_wconf 91' lang='lat' dir='ltr'><strong>eitius</strong></span> 
     </span>
     <span class='ocr_line' id='line_1_5' title="bbox 8 763 1413 848; baseline 0.004 -23"><span class='ocrx_word' id='word_1_43' title='bbox 8 768 26 816; x_wconf 87' lang='grc'><strong>“-</strong></span> <span class='ocrx_word' id='word_1_44' title='bbox 74 765 138 826; x_wconf 83' lang='grc'>1111</span> <span class='ocrx_word' id='word_1_45' title='bbox 160 765 245 826; x_wconf 80' lang='lat' dir='ltr'><strong>veuit</strong></span> <span class='ocrx_word' id='word_1_46' title='bbox 280 764 412 846; x_wconf 79' lang='lat' dir='ltr'><strong>facitque</strong></span> <span class='ocrx_word' id='word_1_47' title='bbox 442 767 622 828; x_wconf 78' lang='lat' dir='ltr'><strong>distantiam</strong></span> <span class='ocrx_word' id='word_1_48' title='bbox 648 767 725 840; x_wconf 82' lang='lat' dir='ltr'><strong>Au,</strong></span> <span class='ocrx_word' id='word_1_49' title='bbox 761 785 850 847; x_wconf 89' lang='lat' dir='ltr'><strong>quam</strong></span> <span class='ocrx_word' id='word_1_50' title='bbox 883 763 1027 842; x_wconf 72' lang='grc' dir='ltr'>11111Θ</span> <span class='ocrx_word' id='word_1_51' title='bbox 1062 765 1092 827; x_wconf 91' lang='lat' dir='ltr'><strong>in</strong></span> <span class='ocrx_word' id='word_1_52' title='bbox 1125 768 1222 828; x_wconf 88' lang='lat' dir='ltr'><strong>locum</strong></span> <span class='ocrx_word' id='word_1_53' title='bbox 1245 787 1264 827; x_wconf 93' lang='lat' dir='ltr'><strong>a</strong></span> <span class='ocrx_word' id='word_1_54' title='bbox 1286 767 1312 828; x_wconf 93' lang='lat' dir='ltr'>B</span> <span class='ocrx_word' id='word_1_55' title='bbox 1336 787 1413 848; x_wconf 86' lang='lat' dir='ltr'><strong>qua·</strong></span> 
     </span>
    </p>

    <p class='ocr_par' dir='ltr' id='par_1_3' title="bbox 8 853 1415 1041">
     <span class='ocr_line' id='line_1_6' title="bbox 75 853 1415 936; baseline 0.004 -23"><span class='ocrx_word' id='word_1_56' title='bbox 75 853 197 915; x_wconf 83' lang='lat' dir='ltr'><strong>iratum:</strong></span> <span class='ocrx_word' id='word_1_57' title='bbox 236 854 391 916; x_wconf 87' lang='lat' dir='ltr'><strong>breviores</strong></span> <span class='ocrx_word' id='word_1_58' title='bbox 427 854 530 936; x_wconf 89' lang='lat' dir='ltr'><strong>itaque</strong></span> <span class='ocrx_word' id='word_1_59' title='bbox 567 856 605 917; x_wconf 92' lang='lat' dir='ltr'><strong>ad</strong></span> <span class='ocrx_word' id='word_1_60' title='bbox 644 857 742 917; x_wconf 87' lang='lat' dir='ltr'><strong>latera</strong></span> <span class='ocrx_word' id='word_1_61' title='bbox 774 874 827 916; x_wconf 90' lang='lat' dir='ltr'><strong>seu</strong></span> <span class='ocrx_word' id='word_1_62' title='bbox 860 854 888 916; x_wconf 93' lang='lat' dir='ltr'><strong>in</strong></span> <span class='ocrx_word' id='word_1_63' title='bbox 923 853 1157 932; x_wconf 77' lang='lat' dir='ltr'><strong>longitudinibus</strong></span> <span class='ocrx_word' id='word_1_64' title='bbox 1195 855 1303 917; x_wconf 90' lang='lat' dir='ltr'><strong>mediis</strong></span> <span class='ocrx_word' id='word_1_65' title='bbox 1340 858 1415 919; x_wconf 86' lang='lat' dir='ltr'><strong>fiunt</strong></span> 
     </span>
     <span class='ocr_line' id='line_1_7' title="bbox 8 943 1414 1041; baseline 0.005 -39"><span class='ocrx_word' id='word_1_66' title='bbox 8 1002 33 1041; x_wconf 47' lang='grc' dir='ltr'><strong>,ἓ</strong></span> <span class='ocrx_word' id='word_1_67' title='bbox 75 943 231 1018; x_wconf 72' lang='lat' dir='ltr'><strong>distantiae,</strong></span> <span class='ocrx_word' id='word_1_68' title='bbox 260 962 348 1023; x_wconf 90' lang='lat' dir='ltr'><strong>quam</strong></span> <span class='ocrx_word' id='word_1_69' title='bbox 373 943 450 1005; x_wconf 92' lang='lat' dir='ltr'><strong>ratio</strong></span> <span class='ocrx_word' id='word_1_70' title='bbox 473 945 602 1024; x_wconf 88' lang='lat' dir='ltr'><strong>perfecti</strong></span> <span class='ocrx_word' id='word_1_71' title='bbox 625 945 728 1006; x_wconf 90' lang='lat' dir='ltr'><strong>circuli</strong></span> <span class='ocrx_word' id='word_1_72' title='bbox 754 943 914 1005; x_wconf 89' lang='lat' dir='ltr'><strong>eecentriei</strong></span> <span class='ocrx_word' id='word_1_73' title='bbox 939 944 1042 1023; x_wconf 78' lang='lat' dir='ltr'><strong>exigit,</strong></span> <span class='ocrx_word' id='word_1_74' title='bbox 1069 951 1100 1004; x_wconf 91' lang='lat' dir='ltr'><strong>et</strong></span> <span class='ocrx_word' id='word_1_75' title='bbox 1114 945 1284 1007; x_wconf 83' lang='lat' dir='ltr'><strong>differentia</strong></span> <span class='ocrx_word' id='word_1_76' title='bbox 1306 963 1414 1008; x_wconf 74' lang='lat' dir='ltr'><strong>versut</strong></span> 
     </span>
    </p>
   </div>
   <div class='ocr_carea' id='block_1_3' title="bbox 9 1030 1461 4952">
    <p class='ocr_par' dir='ltr' id='par_1_4' title="bbox 9 1030 1417 1918">
     <span class='ocr_line' id='line_1_8' title="bbox 10 1030 1414 1114; baseline 0.003 -22"><span class='ocrx_word' id='word_1_77' title='bbox 10 1090 18 1099; x_wconf 89' lang='grc'><strong>,</strong></span> <span class='ocrx_word' id='word_1_78' title='bbox 75 1030 230 1111; x_wconf 85' lang='lat' dir='ltr'><strong>perigaeum</strong></span> <span class='ocrx_word' id='word_1_79' title='bbox 255 1033 353 1111; x_wconf 90' lang='lat' dir='ltr'><strong>major</strong></span> <span class='ocrx_word' id='word_1_80' title='bbox 377 1041 440 1102; x_wconf 87' lang='lat' dir='ltr'><strong>est,</strong></span> <span class='ocrx_word' id='word_1_81' title='bbox 472 1053 560 1114; x_wconf 87' lang='lat' dir='ltr'><strong>quam</strong></span> <span class='ocrx_word' id='word_1_82' title='bbox 584 1049 689 1095; x_wconf 88' lang='lat' dir='ltr'><strong>versus</strong></span> <span class='ocrx_word' id='word_1_83' title='bbox 718 1052 902 1113; x_wconf 82' lang='lat' dir='ltr'><strong>apogaeum:</strong></span> <span class='ocrx_word' id='word_1_84' title='bbox 937 1050 1013 1110; x_wconf 86' lang='lat' dir='ltr'><strong>qnae</strong></span> <span class='ocrx_word' id='word_1_85' title='bbox 1033 1030 1120 1110; x_wconf 88' lang='lat' dir='ltr'><strong>justa</strong></span> <span class='ocrx_word' id='word_1_86' title='bbox 1143 1034 1276 1096; x_wconf 88' lang='lat' dir='ltr'><strong>delinitio</strong></span> <span class='ocrx_word' id='word_1_87' title='bbox 1300 1033 1414 1114; x_wconf 87' lang='lat' dir='ltr'><strong>figuras</strong></span> 
     </span>
     <span class='ocr_line' id='line_1_9' title="bbox 9 1093 1414 1211; baseline 0.005 -32"><span class='ocrx_word' id='word_1_88' title='bbox 9 1093 39 1211; x_wconf 54' lang='lat' dir='ltr'>j</span> <span class='ocrx_word' id='word_1_89' title='bbox 73 1120 150 1181; x_wconf 81' lang='lat' dir='ltr'><strong>malis</strong></span> <span class='ocrx_word' id='word_1_90' title='bbox 173 1129 235 1182; x_wconf 90' lang='lat' dir='ltr'><strong>est.</strong></span> <span class='ocrx_word' id='word_1_91' title='bbox 283 1121 389 1194; x_wconf 89' lang='lat' dir='ltr'><strong>Porro,</strong></span> <span class='ocrx_word' id='word_1_92' title='bbox 413 1141 490 1202; x_wconf 89' lang='lat' dir='ltr'><strong>qnae</strong></span> <span class='ocrx_word' id='word_1_93' title='bbox 515 1123 594 1185; x_wconf 90' lang='lat' dir='ltr'><strong>ratio</strong></span> <span class='ocrx_word' id='word_1_94' title='bbox 618 1135 667 1183; x_wconf 92' lang='lat' dir='ltr'><strong>est</strong></span> <span class='ocrx_word' id='word_1_95' title='bbox 690 1132 788 1183; x_wconf 88' lang='lat' dir='ltr'><strong>motus</strong></span> <span class='ocrx_word' id='word_1_96' title='bbox 813 1129 848 1195; x_wconf 72' lang='grc' dir='ltr'><strong>(ς,</strong></span> <span class='ocrx_word' id='word_1_97' title='bbox 874 1121 979 1182; x_wconf 90' lang='lat' dir='ltr'><strong>eadem</strong></span> <span class='ocrx_word' id='word_1_98' title='bbox 1008 1122 1237 1184; x_wconf 89' lang='lat' dir='ltr'><strong>accelerationis</strong></span> <span class='ocrx_word' id='word_1_99' title='bbox 1259 1123 1365 1202; x_wconf 91' lang='lat' dir='ltr'><strong>puncti</strong></span> <span class='ocrx_word' id='word_1_100' title='bbox 1380 1125 1414 1187; x_wconf 92' lang='lat' dir='ltr'><strong>·B</strong></span> 
     </span>
     <span class='ocr_line' id='line_1_10' title="bbox 11 1208 1412 1373; baseline 0.001 -103"><span class='ocrx_word' id='word_1_101' title='bbox 11 1208 33 1373; x_wconf 89' lang='grc' dir='ltr'><em>Ι</em></span> <span class='ocrx_word' id='word_1_102' title='bbox 72 1228 146 1272; x_wconf 73' lang='lat' dir='ltr'><strong>ansa</strong></span> <span class='ocrx_word' id='word_1_103' title='bbox 169 1218 297 1273; x_wconf 83' lang='lat' dir='ltr'><strong>ncstme</strong></span> <span class='ocrx_word' id='word_1_104' title='bbox 320 1211 552 1290; x_wconf 78' lang='lat' dir='ltr'><strong>intelligentiae.</strong></span> <span class='ocrx_word' id='word_1_105' title='bbox 600 1210 634 1274; x_wconf 87' lang='lat' dir='ltr'><strong>Si</strong></span> <span class='ocrx_word' id='word_1_106' title='bbox 657 1212 705 1272; x_wconf 83' lang='lat' dir='ltr'><strong>vis</strong></span> <span class='ocrx_word' id='word_1_107' title='bbox 729 1212 825 1284; x_wconf 91' lang='lat' dir='ltr'><strong>scire,</strong></span> <span class='ocrx_word' id='word_1_108' title='bbox 855 1210 966 1290; x_wconf 91' lang='lat' dir='ltr'><strong>inquo</strong></span> <span class='ocrx_word' id='word_1_109' title='bbox 995 1211 1090 1289; x_wconf 89' lang='lat' dir='ltr'><strong>gradu</strong></span> <span class='ocrx_word' id='word_1_110' title='bbox 1122 1212 1288 1274; x_wconf 78' lang='lat' dir='ltr'><strong>celeritatis</strong></span> <span class='ocrx_word' id='word_1_111' title='bbox 1311 1211 1354 1272; x_wconf 91' lang='lat' dir='ltr'><strong>sit</strong></span> <span class='ocrx_word' id='word_1_112' title='bbox 1377 1219 1412 1286; x_wconf 62' lang='grc' dir='ltr'><strong>ὁ,</strong></span> 
     </span>
     <span class='ocr_line' id='line_1_11' title="bbox 12 1296 1415 1381; baseline 0.001 -21"><span class='ocrx_word' id='word_1_113' title='bbox 12 1298 23 1307; x_wconf 72' lang='grc'><strong>“</strong></span> <span class='ocrx_word' id='word_1_114' title='bbox 72 1316 163 1378; x_wconf 88' lang='lat' dir='ltr'><strong>quaere</strong></span> <span class='ocrx_word' id='word_1_115' title='bbox 194 1318 251 1378; x_wconf 89' lang='lat' dir='ltr'><strong>per</strong></span> <span class='ocrx_word' id='word_1_116' title='bbox 280 1300 461 1373; x_wconf 81' lang='lat' dir='ltr'><strong>anomaliam</strong></span> <span class='ocrx_word' id='word_1_117' title='bbox 494 1300 659 1381; x_wconf 79' lang='lat' dir='ltr'><strong>simplicem</strong></span> <span class='ocrx_word' id='word_1_118' title='bbox 693 1301 758 1380; x_wconf 89' lang='lat' dir='ltr'><strong>ejus</strong></span> <span class='ocrx_word' id='word_1_119' title='bbox 783 1321 801 1359; x_wconf 91' lang='lat' dir='ltr'><strong>a</strong></span> <span class='ocrx_word' id='word_1_120' title='bbox 826 1296 866 1375; x_wconf 97' lang='grc' dir='ltr'>Θ</span> <span class='ocrx_word' id='word_1_121' title='bbox 891 1298 1082 1361; x_wconf 77' lang='lat' dir='ltr'><strong>distantiam.=</strong></span> <span class='ocrx_word' id='word_1_122' title='bbox 1126 1302 1171 1362; x_wconf 85' lang='lat' dir='ltr'><strong>At</strong></span> <span class='ocrx_word' id='word_1_123' title='bbox 1198 1302 1224 1362; x_wconf 91' lang='lat' dir='ltr'><strong>si</strong></span> <span class='ocrx_word' id='word_1_124' title='bbox 1248 1301 1293 1362; x_wconf 86' lang='lat' dir='ltr'><strong>vis</strong></span> <span class='ocrx_word' id='word_1_125' title='bbox 1317 1301 1415 1363; x_wconf 91' lang='lat' dir='ltr'><strong>locum</strong></span> 
     </span>
     <span class='ocr_line' id='line_1_12' title="bbox 16 1378 1416 1474; baseline 0.002 -27"><span class='ocrx_word' id='word_1_126' title='bbox 16 1378 24 1433; x_wconf 74' lang='lat' dir='ltr'><strong>i&#39;</strong></span> <span class='ocrx_word' id='word_1_127' title='bbox 70 1389 141 1461; x_wconf 87' lang='lat' dir='ltr'><strong>scire,</strong></span> <span class='ocrx_word' id='word_1_128' title='bbox 166 1397 293 1468; x_wconf 90' lang='lat' dir='ltr'><strong>oportet</strong></span> <span class='ocrx_word' id='word_1_129' title='bbox 315 1389 406 1465; x_wconf 86' lang='lat' dir='ltr'><strong>scire,</strong></span> <span class='ocrx_word' id='word_1_130' title='bbox 441 1400 583 1474; x_wconf 89' lang='lat' dir='ltr'><strong>qnantum</strong></span> <span class='ocrx_word' id='word_1_131' title='bbox 609 1391 816 1452; x_wconf 79' lang='lat' dir='ltr'><strong>accumulatae</strong></span> <span class='ocrx_word' id='word_1_132' title='bbox 847 1406 951 1449; x_wconf 89' lang='lat' dir='ltr'><strong>omnes</strong></span> <span class='ocrx_word' id='word_1_133' title='bbox 975 1389 1013 1449; x_wconf 91' lang='lat' dir='ltr'><strong>ab</strong></span> <span class='ocrx_word' id='word_1_134' title='bbox 1037 1407 1173 1469; x_wconf 90' lang='lat' dir='ltr'><strong>apogaeo</strong></span> <span class='ocrx_word' id='word_1_135' title='bbox 1197 1389 1360 1451; x_wconf 81' lang='lat' dir='ltr'><strong>distantiae</strong></span> <span class='ocrx_word' id='word_1_136' title='bbox 1385 1389 1416 1450; x_wconf 92' lang='lat' dir='ltr'><strong>in</strong></span> 
     </span>
     <span class='ocr_line' id='line_1_13' title="bbox 71 1476 1417 1560; baseline 0.001 -22"><span class='ocrx_word' id='word_1_137' title='bbox 71 1476 325 1558; x_wconf 88' lang='lat' dir='ltr'><strong>iistemporibus,</strong></span> <span class='ocrx_word' id='word_1_138' title='bbox 359 1477 491 1559; x_wconf 87' lang='lat' dir='ltr'><strong>inqnae</strong></span> <span class='ocrx_word' id='word_1_139' title='bbox 513 1479 650 1560; x_wconf 78' lang='lat' dir='ltr'><strong>singulae</strong></span> <span class='ocrx_word' id='word_1_140' title='bbox 684 1479 866 1551; x_wconf 91' lang='lat' dir='ltr'><strong>inciderunt,</strong></span> <span class='ocrx_word' id='word_1_141' title='bbox 897 1476 927 1537; x_wconf 92' lang='lat' dir='ltr'><strong>in</strong></span> <span class='ocrx_word' id='word_1_142' title='bbox 951 1485 1033 1539; x_wconf 88' lang='lat' dir='ltr'><strong>motu</strong></span> <span class='ocrx_word' id='word_1_143' title='bbox 1066 1478 1230 1542; x_wconf 80' lang='lat' dir='ltr'><strong>effecerint</strong></span> <span class='ocrx_word' id='word_1_144' title='bbox 1277 1481 1322 1540; x_wconf 87' lang='lat' dir='ltr'><strong>At</strong></span> <span class='ocrx_word' id='word_1_145' title='bbox 1349 1496 1417 1541; x_wconf 92' lang='lat' dir='ltr'><strong>cnm</strong></span> 
     </span>
     <span class='ocr_line' id='line_1_14' title="bbox 9 1564 1417 1648; baseline 0.001 -21"><span class='ocrx_word' id='word_1_146' title='bbox 9 1632 14 1647; x_wconf 57' lang='grc'>,</span> <span class='ocrx_word' id='word_1_147' title='bbox 68 1566 190 1628; x_wconf 77' lang='lat' dir='ltr'><strong>infinitae</strong></span> <span class='ocrx_word' id='word_1_148' title='bbox 215 1567 280 1629; x_wconf 85' lang='lat' dir='ltr'><strong>sint</strong></span> <span class='ocrx_word' id='word_1_149' title='bbox 303 1568 491 1641; x_wconf 84' lang='lat' dir='ltr'><strong>distantiae,</strong></span> <span class='ocrx_word' id='word_1_150' title='bbox 525 1569 593 1648; x_wconf 90' lang='lat' dir='ltr'><strong>qnia</strong></span> <span class='ocrx_word' id='word_1_151' title='bbox 618 1568 733 1629; x_wconf 85' lang='lat' dir='ltr'><strong>infinita</strong></span> <span class='ocrx_word' id='word_1_152' title='bbox 756 1568 790 1639; x_wconf 88' lang='lat' dir='ltr'><strong>F,</strong></span> <span class='ocrx_word' id='word_1_153' title='bbox 817 1564 856 1640; x_wconf 87' lang='lat' dir='ltr'><strong>G,</strong></span> <span class='ocrx_word' id='word_1_154' title='bbox 882 1567 919 1639; x_wconf 90' lang='lat' dir='ltr'><strong>H,</strong></span> <span class='ocrx_word' id='word_1_155' title='bbox 944 1567 970 1640; x_wconf 90' lang='grc' dir='ltr'><strong>Ι,</strong></span> <span class='ocrx_word' id='word_1_156' title='bbox 997 1564 1022 1629; x_wconf 83' lang='lat' dir='ltr'>O</span> <span class='ocrx_word' id='word_1_157' title='bbox 1047 1576 1176 1646; x_wconf 92' lang='lat' dir='ltr'><strong>puncta,</strong></span> <span class='ocrx_word' id='word_1_158' title='bbox 1209 1576 1241 1630; x_wconf 91' lang='lat' dir='ltr'><strong>et</strong></span> <span class='ocrx_word' id='word_1_159' title='bbox 1263 1569 1334 1630; x_wconf 88' lang='lat' dir='ltr'><strong>illae</strong></span> <span class='ocrx_word' id='word_1_160' title='bbox 1357 1568 1417 1628; x_wconf 83' lang='lat' dir='ltr'><strong>ndu</strong></span> 
     </span>
     <span class='ocr_line' id='line_1_15' title="bbox 9 1653 1416 1737; baseline 0.001 -21"><span class='ocrx_word' id='word_1_161' title='bbox 9 1654 12 1679; x_wconf 84' lang='lat'>²</span> <span class='ocrx_word' id='word_1_162' title='bbox 66 1657 227 1735; x_wconf 76' lang='lat' dir='ltr'><strong>aequaliter</strong></span> <span class='ocrx_word' id='word_1_163' title='bbox 250 1675 377 1735; x_wconf 82' lang='lat' dir='ltr'><strong>sparsae</strong></span> <span class='ocrx_word' id='word_1_164' title='bbox 400 1675 455 1735; x_wconf 91' lang='lat' dir='ltr'><strong>per</strong></span> <span class='ocrx_word' id='word_1_165' title='bbox 477 1657 632 1720; x_wconf 89' lang='lat' dir='ltr'><strong>circuitum</strong></span> <span class='ocrx_word' id='word_1_166' title='bbox 656 1656 738 1719; x_wconf 87' lang='lat' dir='ltr'><strong>circa</strong></span> <span class='ocrx_word' id='word_1_167' title='bbox 754 1653 805 1732; x_wconf 90' lang='grc' dir='ltr'><strong>Θ,</strong></span> <span class='ocrx_word' id='word_1_168' title='bbox 831 1656 1028 1716; x_wconf 87' lang='lat' dir='ltr'><strong>confertiores</strong></span> <span class='ocrx_word' id='word_1_169' title='bbox 1053 1657 1132 1718; x_wconf 91' lang='lat' dir='ltr'><strong>enim</strong></span> <span class='ocrx_word' id='word_1_170' title='bbox 1152 1676 1228 1737; x_wconf 86' lang='lat' dir='ltr'><strong>qnae</strong></span> <span class='ocrx_word' id='word_1_171' title='bbox 1253 1655 1416 1736; x_wconf 90' lang='lat' dir='ltr'><strong>longiores,</strong></span> 
     </span>
     <span class='ocr_line' id='line_1_16' title="bbox 64 1744 1416 1827; baseline 0.001 -21"><span class='ocrx_word' id='word_1_172' title='bbox 64 1745 121 1825; x_wconf 84' lang='lat' dir='ltr'><strong>quia</strong></span> <span class='ocrx_word' id='word_1_173' title='bbox 143 1744 188 1808; x_wconf 90' lang='lat' dir='ltr'><strong>ibi</strong></span> <span class='ocrx_word' id='word_1_174' title='bbox 213 1753 242 1815; x_wconf 72' lang='grc' dir='ltr'><strong>(ς</strong></span> <span class='ocrx_word' id='word_1_175' title='bbox 267 1746 391 1819; x_wconf 86' lang='lat' dir='ltr'><strong>tardus,</strong></span> <span class='ocrx_word' id='word_1_176' title='bbox 416 1746 584 1826; x_wconf 87' lang='lat' dir='ltr'><strong>sparsiores</strong></span> <span class='ocrx_word' id='word_1_177' title='bbox 609 1766 684 1827; x_wconf 86' lang='lat' dir='ltr'><strong>quae</strong></span> <span class='ocrx_word' id='word_1_178' title='bbox 711 1747 881 1818; x_wconf 87' lang='lat' dir='ltr'><strong>breviores,</strong></span> <span class='ocrx_word' id='word_1_179' title='bbox 912 1744 960 1806; x_wconf 89' lang='lat' dir='ltr'><strong>hic</strong></span> <span class='ocrx_word' id='word_1_180' title='bbox 983 1745 1069 1805; x_wconf 89' lang='lat' dir='ltr'><strong>vides</strong></span> <span class='ocrx_word' id='word_1_181' title='bbox 1098 1747 1307 1808; x_wconf 86' lang='lat' dir='ltr'><strong>difficultatem</strong></span> <span class='ocrx_word' id='word_1_182' title='bbox 1331 1762 1416 1808; x_wconf 88' lang='lat' dir='ltr'><strong>com·</strong></span> 
     </span>
     <span class='ocr_line' id='line_1_17' title="bbox 64 1833 1007 1918; baseline -0.001 -23"><span class='ocrx_word' id='word_1_183' title='bbox 64 1835 178 1913; x_wconf 85' lang='lat' dir='ltr'><strong>putandi</strong></span> <span class='ocrx_word' id='word_1_184' title='bbox 203 1834 265 1896; x_wconf 89' lang='lat' dir='ltr'><strong>loci</strong></span> <span class='ocrx_word' id='word_1_185' title='bbox 289 1835 451 1897; x_wconf 87' lang='lat' dir='ltr'><strong>eccentrici</strong></span> <span class='ocrx_word' id='word_1_186' title='bbox 474 1854 511 1897; x_wconf 81' lang='lat' dir='ltr'><strong>ex</strong></span> <span class='ocrx_word' id='word_1_187' title='bbox 533 1836 696 1918; x_wconf 87' lang='lat' dir='ltr'><strong>hypothesi</strong></span> <span class='ocrx_word' id='word_1_188' title='bbox 720 1854 793 1896; x_wconf 81' lang='lat' dir='ltr'><strong>sera</strong></span> <span class='ocrx_word' id='word_1_189' title='bbox 817 1843 848 1894; x_wconf 93' lang='lat' dir='ltr'><strong>et</strong></span> <span class='ocrx_word' id='word_1_190' title='bbox 871 1833 1007 1915; x_wconf 84' lang='lat' dir='ltr'><strong>physica.</strong></span> 
     </span>
    </p>

    <p class='ocr_par' dir='ltr' id='par_1_5' title="bbox 58 1919 1415 2448">
     <span class='ocr_line' id='line_1_18' title="bbox 135 1919 1415 2004; baseline 0 -18"><span class='ocrx_word' id='word_1_191' title='bbox 135 1923 255 1986; x_wconf 79' lang='lat' dir='ltr'><strong>Modus</strong></span> <span class='ocrx_word' id='word_1_192' title='bbox 278 1932 381 1986; x_wconf 90' lang='lat' dir='ltr'><strong>tamen</strong></span> <span class='ocrx_word' id='word_1_193' title='bbox 413 1924 471 1985; x_wconf 91' lang='lat' dir='ltr'><strong>iste</strong></span> <span class='ocrx_word' id='word_1_194' title='bbox 505 1937 566 1986; x_wconf 90' lang='lat' dir='ltr'><strong>est:</strong></span> <span class='ocrx_word' id='word_1_195' title='bbox 601 1925 701 1986; x_wconf 88' lang='lat' dir='ltr'><strong>divido</strong></span> <span class='ocrx_word' id='word_1_196' title='bbox 733 1923 889 1985; x_wconf 90' lang='lat' dir='ltr'><strong>circuitum</strong></span> <span class='ocrx_word' id='word_1_197' title='bbox 920 1923 949 1984; x_wconf 91' lang='lat' dir='ltr'><strong>in</strong></span> <span class='ocrx_word' id='word_1_198' title='bbox 981 1919 1064 1985; x_wconf 81' lang='grc' dir='ltr'><strong>3110ο</strong></span> <span class='ocrx_word' id='word_1_199' title='bbox 1092 1930 1123 1984; x_wconf 90' lang='lat' dir='ltr'><strong>et</strong></span> <span class='ocrx_word' id='word_1_200' title='bbox 1149 1923 1228 2003; x_wconf 87' lang='lat' dir='ltr'><strong>fingo</strong></span> <span class='ocrx_word' id='word_1_201' title='bbox 1258 1925 1415 2004; x_wconf 88' lang='lat' dir='ltr'><strong>planetam</strong></span> 
     </span>
     <span class='ocr_line' id='line_1_19' title="bbox 61 2011 1415 2095; baseline 0.001 -21"><span class='ocrx_word' id='word_1_202' title='bbox 61 2013 161 2075; x_wconf 77' lang='lat' dir='ltr'><strong>moveri</strong></span> <span class='ocrx_word' id='word_1_203' title='bbox 185 2013 362 2094; x_wconf 84' lang='lat' dir='ltr'><strong>aequaliter</strong></span> <span class='ocrx_word' id='word_1_204' title='bbox 385 2013 525 2095; x_wconf 89' lang='lat' dir='ltr'><strong>quamdiu</strong></span> <span class='ocrx_word' id='word_1_205' title='bbox 548 2014 577 2075; x_wconf 91' lang='lat' dir='ltr'><strong>in</strong></span> <span class='ocrx_word' id='word_1_206' title='bbox 602 2032 660 2075; x_wconf 92' lang='lat' dir='ltr'><strong>uno</strong></span> <span class='ocrx_word' id='word_1_207' title='bbox 684 2021 740 2074; x_wconf 85' lang='lat' dir='ltr'><strong>est.</strong></span> <span class='ocrx_word' id='word_1_208' title='bbox 779 2014 828 2072; x_wconf 93' lang='lat' dir='ltr'><strong>lta</strong></span> <span class='ocrx_word' id='word_1_209' title='bbox 845 2012 946 2072; x_wconf 89' lang='lat' dir='ltr'><strong>ordine</strong></span> <span class='ocrx_word' id='word_1_210' title='bbox 967 2011 1005 2072; x_wconf 91' lang='lat' dir='ltr'><strong>ab</strong></span> <span class='ocrx_word' id='word_1_211' title='bbox 1030 2029 1164 2090; x_wconf 89' lang='lat' dir='ltr'><strong>apogaeo</strong></span> <span class='ocrx_word' id='word_1_212' title='bbox 1188 2015 1319 2077; x_wconf 91' lang='lat' dir='ltr'><strong>omnium</strong></span> <span class='ocrx_word' id='word_1_213' title='bbox 1342 2032 1415 2094; x_wconf 88' lang='lat' dir='ltr'><strong>gra-</strong></span> 
     </span>
     <span class='ocr_line' id='line_1_20' title="bbox 59 2100 1415 2183; baseline 0.001 -20"><span class='ocrx_word' id='word_1_214' title='bbox 59 2103 132 2163; x_wconf 87' lang='lat' dir='ltr'><strong>duum</strong></span> <span class='ocrx_word' id='word_1_215' title='bbox 155 2120 268 2165; x_wconf 86' lang='lat' dir='ltr'><strong>morae</strong></span> <span class='ocrx_word' id='word_1_216' title='bbox 293 2110 486 2181; x_wconf 89' lang='lat' dir='ltr'><strong>computatae</strong></span> <span class='ocrx_word' id='word_1_217' title='bbox 509 2104 584 2164; x_wconf 90' lang='lat' dir='ltr'><strong>dant</strong></span> <span class='ocrx_word' id='word_1_218' title='bbox 607 2103 748 2183; x_wconf 88' lang='lat' dir='ltr'><strong>cujusque</strong></span> <span class='ocrx_word' id='word_1_219' title='bbox 768 2100 960 2162; x_wconf 85' lang='lat' dir='ltr'><strong>anomaliam.</strong></span> <span class='ocrx_word' id='word_1_220' title='bbox 998 2102 1081 2163; x_wconf 88' lang='lat' dir='ltr'><strong>Idem</strong></span> <span class='ocrx_word' id='word_1_221' title='bbox 1096 2101 1232 2181; x_wconf 83' lang='lat' dir='ltr'><strong>intellige</strong></span> <span class='ocrx_word' id='word_1_222' title='bbox 1247 2121 1300 2183; x_wconf 90' lang='lat' dir='ltr'><strong>per</strong></span> <span class='ocrx_word' id='word_1_223' title='bbox 1315 2103 1415 2165; x_wconf 86' lang='lat' dir='ltr'><strong>omnia</strong></span> 
     </span>
     <span class='ocr_line' id='line_1_21' title="bbox 58 2190 1414 2273; baseline -0.001 -19"><span class='ocrx_word' id='word_1_224' title='bbox 58 2190 94 2271; x_wconf 76' lang='lat' dir='ltr'><strong>lin</strong></span> <span class='ocrx_word' id='word_1_225' title='bbox 115 2191 241 2272; x_wconf 86' lang='lat' dir='ltr'><strong>depicto</strong></span> <span class='ocrx_word' id='word_1_226' title='bbox 268 2191 423 2253; x_wconf 88' lang='lat' dir='ltr'><strong>schemate</strong></span> <span class='ocrx_word' id='word_1_227' title='bbox 446 2190 583 2266; x_wconf 83' lang='lat' dir='ltr'><strong>Terrae).</strong></span> <span class='ocrx_word' id='word_1_228' title='bbox 630 2192 715 2253; x_wconf 82' lang='lat' dir='ltr'><strong>ilaec</strong></span> <span class='ocrx_word' id='word_1_229' title='bbox 738 2210 809 2269; x_wconf 88' lang='lat' dir='ltr'><strong>ergo</strong></span> <span class='ocrx_word' id='word_1_230' title='bbox 839 2190 935 2251; x_wconf 90' lang='lat' dir='ltr'><strong>omnis</strong></span> <span class='ocrx_word' id='word_1_231' title='bbox 964 2190 1142 2272; x_wconf 86' lang='lat' dir='ltr'><strong>hypothesis</strong></span> <span class='ocrx_word' id='word_1_232' title='bbox 1168 2206 1206 2269; x_wconf 74' lang='lat'><strong>0¹.</strong></span> <span class='ocrx_word' id='word_1_233' title='bbox 1253 2192 1414 2273; x_wconf 84' lang='lat' dir='ltr'><strong>Propertio</strong></span> 
     </span>
     <span class='ocr_line' id='line_1_22' title="bbox 58 2276 1412 2359; baseline 0.003 -18"><span class='ocrx_word' id='word_1_234' title='bbox 58 2280 124 2342; x_wconf 80' lang='lat' dir='ltr'><strong>erbis</strong></span> <span class='ocrx_word' id='word_1_235' title='bbox 148 2286 176 2359; x_wconf 75' lang='lat'><em>6</em></span> <span class='ocrx_word' id='word_1_236' title='bbox 201 2280 246 2343; x_wconf 92' lang='lat' dir='ltr'><strong>ad</strong></span> <span class='ocrx_word' id='word_1_237' title='bbox 282 2281 386 2342; x_wconf 86' lang='lat' dir='ltr'><strong>orbem</strong></span> <span class='ocrx_word' id='word_1_238' title='bbox 410 2296 436 2358; x_wconf 72' lang='grc' dir='ltr'><strong>(ς</strong></span> <span class='ocrx_word' id='word_1_239' title='bbox 458 2304 497 2335; x_wconf 89' lang='grc'><strong>--</strong></span> <span class='ocrx_word' id='word_1_240' title='bbox 526 2277 680 2345; x_wconf 86' lang='grc' dir='ltr'>10000οε</span> <span class='ocrx_word' id='word_1_241' title='bbox 703 2276 846 2353; x_wconf 75' lang='grc'>151518,</span> <span class='ocrx_word' id='word_1_242' title='bbox 879 2279 991 2341; x_wconf 91' lang='lat' dir='ltr'><strong>circelli</strong></span> <span class='ocrx_word' id='word_1_243' title='bbox 1021 2283 1045 2354; x_wconf 66' lang='grc' dir='ltr'>ὁ</span> <span class='ocrx_word' id='word_1_244' title='bbox 1079 2280 1303 2343; x_wconf 89' lang='lat' dir='ltr'><strong>semidiameter</strong></span> <span class='ocrx_word' id='word_1_245' title='bbox 1338 2279 1412 2356; x_wconf 87' lang='grc'>180,</span> 
     </span>
     <span class='ocr_line' id='line_1_23' title="bbox 59 2364 1412 2448; baseline -0.003 -16"><span class='ocrx_word' id='word_1_246' title='bbox 59 2364 508 2447; x_wconf 60' lang='lat' dir='ltr'><strong>sin6⁰eadin2tl⁰m</strong></span> <span class='ocrx_word' id='word_1_247' title='bbox 555 2369 732 2448; x_wconf 60' lang='lat' dir='ltr'><strong>Nodigin</strong></span> <span class='ocrx_word' id='word_1_248' title='bbox 760 2365 1025 2445; x_wconf 59' lang='grc'>1602011111.</span> <span class='ocrx_word' id='word_1_249' title='bbox 1408 2372 1412 2377; x_wconf 88' lang='grc'><em>·</em></span> 
     </span>
    </p>

    <p class='ocr_par' dir='ltr' id='par_1_6' title="bbox 55 2457 1461 4952">
     <span class='ocr_line' id='line_1_24' title="bbox 132 2457 1413 2540; baseline -0.001 -18"><span class='ocrx_word' id='word_1_250' title='bbox 132 2459 203 2522; x_wconf 82' lang='lat' dir='ltr'><strong>Jaru</strong></span> <span class='ocrx_word' id='word_1_251' title='bbox 229 2460 349 2531; x_wconf 89' lang='lat' dir='ltr'><strong>dicam,</strong></span> <span class='ocrx_word' id='word_1_252' title='bbox 383 2459 454 2539; x_wconf 93' lang='lat' dir='ltr'><strong>quid</strong></span> <span class='ocrx_word' id='word_1_253' title='bbox 482 2460 553 2521; x_wconf 92' lang='lat' dir='ltr'><strong>mihi</strong></span> <span class='ocrx_word' id='word_1_254' title='bbox 577 2460 655 2521; x_wconf 91' lang='lat' dir='ltr'><strong>inter</strong></span> <span class='ocrx_word' id='word_1_255' title='bbox 678 2458 865 2520; x_wconf 85' lang='lat' dir='ltr'><strong>scribendum</strong></span> <span class='ocrx_word' id='word_1_256' title='bbox 896 2457 998 2539; x_wconf 77' lang='lat' dir='ltr'><strong>incidit</strong></span> <span class='ocrx_word' id='word_1_257' title='bbox 1031 2464 1062 2517; x_wconf 90' lang='lat' dir='ltr'><strong>et</strong></span> <span class='ocrx_word' id='word_1_258' title='bbox 1086 2459 1233 2537; x_wconf 91' lang='lat' dir='ltr'><strong>quomodo</strong></span> <span class='ocrx_word' id='word_1_259' title='bbox 1256 2459 1413 2540; x_wconf 89' lang='lat' dir='ltr'><strong>physicam</strong></span> 
     </span>
     <span class='ocr_line' id='line_1_25' title="bbox 64 2545 1415 2629; baseline 0.001 -21"><span class='ocrx_word' id='word_1_260' title='bbox 64 2547 131 2608; x_wconf 80' lang='lat' dir='ltr'><strong>hanc</strong></span> <span class='ocrx_word' id='word_1_261' title='bbox 149 2550 317 2618; x_wconf 57' lang='lat' dir='ltr'><strong>monem,</strong></span> <span class='ocrx_word' id='word_1_262' title='bbox 341 2548 435 2609; x_wconf 82' lang='lat' dir='ltr'><strong>salvis</strong></span> <span class='ocrx_word' id='word_1_263' title='bbox 463 2548 600 2611; x_wconf 90' lang='lat' dir='ltr'><strong>omnibns</strong></span> <span class='ocrx_word' id='word_1_264' title='bbox 629 2568 705 2629; x_wconf 88' lang='lat' dir='ltr'><strong>quae</strong></span> <span class='ocrx_word' id='word_1_265' title='bbox 729 2547 814 2607; x_wconf 92' lang='lat' dir='ltr'><strong>nobis</strong></span> <span class='ocrx_word' id='word_1_266' title='bbox 837 2554 978 2625; x_wconf 88' lang='lat' dir='ltr'><strong>prostant</strong></span> <span class='ocrx_word' id='word_1_267' title='bbox 1002 2545 1167 2619; x_wconf 87' lang='lat' dir='ltr'><strong>efficienda,</strong></span> <span class='ocrx_word' id='word_1_268' title='bbox 1193 2547 1415 2611; x_wconf 84' lang='lat' dir='ltr'><strong>concinniorem</strong></span> 
     </span>
     <span class='ocr_line' id='line_1_26' title="bbox 68 2633 1414 2717; baseline -0.002 -16"><span class='ocrx_word' id='word_1_269' title='bbox 68 2636 257 2715; x_wconf 69' lang='lat' dir='ltr'><strong>imaginemur.</strong></span> <span class='ocrx_word' id='word_1_270' title='bbox 310 2637 390 2698; x_wconf 87' lang='lat' dir='ltr'><strong>Nam</strong></span> <span class='ocrx_word' id='word_1_271' title='bbox 413 2637 532 2700; x_wconf 88' lang='lat' dir='ltr'><strong>videtur</strong></span> <span class='ocrx_word' id='word_1_272' title='bbox 555 2639 676 2713; x_wconf 91' lang='lat' dir='ltr'><strong>durum,</strong></span> <span class='ocrx_word' id='word_1_273' title='bbox 701 2638 855 2717; x_wconf 86' lang='lat' dir='ltr'><strong>planetam</strong></span> <span class='ocrx_word' id='word_1_274' title='bbox 883 2634 957 2696; x_wconf 86' lang='lat' dir='ltr'><strong>eniti</strong></span> <span class='ocrx_word' id='word_1_275' title='bbox 981 2654 996 2695; x_wconf 89' lang='lat' dir='ltr'><strong>e</strong></span> <span class='ocrx_word' id='word_1_276' title='bbox 1021 2635 1132 2695; x_wconf 85' lang='lat' dir='ltr'><strong>virtute</strong></span> <span class='ocrx_word' id='word_1_277' title='bbox 1166 2633 1222 2711; x_wconf 86' lang='grc' dir='ltr'><strong>Θ,</strong></span> <span class='ocrx_word' id='word_1_278' title='bbox 1254 2637 1332 2717; x_wconf 91' lang='lat' dir='ltr'><strong>qnod</strong></span> <span class='ocrx_word' id='word_1_279' title='bbox 1363 2646 1414 2699; x_wconf 88' lang='lat' dir='ltr'><strong>est</strong></span> 
     </span>
     <span class='ocr_line' id='line_1_27' title="bbox 70 2723 1412 2803; baseline 0.001 -18"><span class='ocrx_word' id='word_1_280' title='bbox 70 2726 197 2789; x_wconf 68' lang='lat' dir='ltr'><strong>amnis</strong></span> <span class='ocrx_word' id='word_1_281' title='bbox 215 2726 397 2801; x_wconf 78' lang='lat' dir='ltr'><strong>facultatis,</strong></span> <span class='ocrx_word' id='word_1_282' title='bbox 429 2735 460 2788; x_wconf 90' lang='lat' dir='ltr'><strong>et</strong></span> <span class='ocrx_word' id='word_1_283' title='bbox 488 2727 606 2788; x_wconf 91' lang='lat' dir='ltr'><strong>interim</strong></span> <span class='ocrx_word' id='word_1_284' title='bbox 638 2727 665 2787; x_wconf 92' lang='lat' dir='ltr'><strong>in</strong></span> <span class='ocrx_word' id='word_1_285' title='bbox 691 2725 813 2787; x_wconf 89' lang='lat' dir='ltr'><strong>nitendo</strong></span> <span class='ocrx_word' id='word_1_286' title='bbox 838 2725 1000 2797; x_wconf 86' lang='lat' dir='ltr'><strong>remittere,</strong></span> <span class='ocrx_word' id='word_1_287' title='bbox 1026 2723 1192 2797; x_wconf 90' lang='lat' dir='ltr'><strong>intendere,</strong></span> <span class='ocrx_word' id='word_1_288' title='bbox 1216 2743 1270 2803; x_wconf 91' lang='lat' dir='ltr'><strong>pro</strong></span> <span class='ocrx_word' id='word_1_289' title='bbox 1293 2725 1412 2787; x_wconf 88' lang='lat' dir='ltr'><strong>ratione</strong></span> 
     </span>
     <span class='ocr_line' id='line_1_28' title="bbox 66 2813 1412 2896; baseline 0.001 -21"><span class='ocrx_word' id='word_1_290' title='bbox 66 2814 215 2894; x_wconf 80' lang='lat' dir='ltr'><strong>exigentiae</strong></span> <span class='ocrx_word' id='word_1_291' title='bbox 241 2815 366 2890; x_wconf 89' lang='lat' dir='ltr'><strong>circuli,</strong></span> <span class='ocrx_word' id='word_1_292' title='bbox 399 2816 575 2896; x_wconf 87' lang='lat' dir='ltr'><strong>aequalibus</strong></span> <span class='ocrx_word' id='word_1_293' title='bbox 598 2814 784 2896; x_wconf 88' lang='lat' dir='ltr'><strong>temporibus</strong></span> <span class='ocrx_word' id='word_1_294' title='bbox 808 2813 947 2892; x_wconf 89' lang='lat' dir='ltr'><strong>aequalia</strong></span> <span class='ocrx_word' id='word_1_295' title='bbox 970 2813 1071 2892; x_wconf 85' lang='lat' dir='ltr'><strong>spatia</strong></span> <span class='ocrx_word' id='word_1_296' title='bbox 1094 2813 1299 2888; x_wconf 87' lang='lat' dir='ltr'><strong>describendi,</strong></span> <span class='ocrx_word' id='word_1_297' title='bbox 1332 2815 1412 2895; x_wconf 91' lang='lat' dir='ltr'><strong>quod</strong></span> 
     </span>
     <span class='ocr_line' id='line_1_29' title="bbox 64 2902 1414 2973; baseline 0.001 -9"><span class='ocrx_word' id='word_1_298' title='bbox 64 2914 103 2964; x_wconf 83' lang='lat' dir='ltr'><strong>est</strong></span> <span class='ocrx_word' id='word_1_299' title='bbox 119 2906 263 2967; x_wconf 84' lang='lat' dir='ltr'><strong>animalis</strong></span> <span class='ocrx_word' id='word_1_300' title='bbox 284 2904 452 2967; x_wconf 83' lang='lat' dir='ltr'><strong>facultatis.</strong></span> <span class='ocrx_word' id='word_1_301' title='bbox 482 2903 677 2973; x_wconf 87' lang='lat' dir='ltr'><strong>.Concinuius</strong></span> <span class='ocrx_word' id='word_1_302' title='bbox 692 2912 775 2964; x_wconf 90' lang='lat' dir='ltr'><strong>esset</strong></span> <span class='ocrx_word' id='word_1_303' title='bbox 788 2912 822 2964; x_wconf 90' lang='lat' dir='ltr'><strong>ut</strong></span> <span class='ocrx_word' id='word_1_304' title='bbox 837 2922 953 2963; x_wconf 90' lang='lat' dir='ltr'><strong>omnem</strong></span> <span class='ocrx_word' id='word_1_305' title='bbox 975 2903 1151 2964; x_wconf 85' lang='lat' dir='ltr'><strong>facultatem</strong></span> <span class='ocrx_word' id='word_1_306' title='bbox 1165 2905 1332 2967; x_wconf 89' lang='lat' dir='ltr'><strong>naturalem</strong></span> <span class='ocrx_word' id='word_1_307' title='bbox 1347 2902 1414 2966; x_wconf 89' lang='lat' dir='ltr'><strong>Soli</strong></span> 
     </span>
     <span class='ocr_line' id='line_1_30' title="bbox 60 2992 1414 3073; baseline -0.001 -17"><span class='ocrx_word' id='word_1_308' title='bbox 60 2995 301 3068; x_wconf 83' lang='lat' dir='ltr'><strong>transscriberes,</strong></span> <span class='ocrx_word' id='word_1_309' title='bbox 326 2994 373 3055; x_wconf 92' lang='lat' dir='ltr'><strong>cui</strong></span> <span class='ocrx_word' id='word_1_310' title='bbox 397 2995 558 3056; x_wconf 85' lang='lat' dir='ltr'><strong>maximam</strong></span> <span class='ocrx_word' id='word_1_311' title='bbox 588 3003 707 3073; x_wconf 87' lang='lat' dir='ltr'><strong>partem</strong></span> <span class='ocrx_word' id='word_1_312' title='bbox 738 2992 997 3065; x_wconf 89' lang='lat' dir='ltr'><strong>transscribimus;</strong></span> <span class='ocrx_word' id='word_1_313' title='bbox 1030 2992 1172 3070; x_wconf 90' lang='lat' dir='ltr'><strong>planetae</strong></span> <span class='ocrx_word' id='word_1_314' title='bbox 1196 3011 1267 3055; x_wconf 85' lang='lat' dir='ltr'><strong>vero</strong></span> <span class='ocrx_word' id='word_1_315' title='bbox 1294 3001 1414 3055; x_wconf 89' lang='lat' dir='ltr'><strong>tautum</strong></span> 
     </span>
     <span class='ocr_line' id='line_1_31' title="bbox 58 3080 1413 3163; baseline 0.001 -19"><span class='ocrx_word' id='word_1_316' title='bbox 58 3083 289 3147; x_wconf 69' lang='lat' dir='ltr'><strong>iutellemualem</strong></span> <span class='ocrx_word' id='word_1_317' title='bbox 306 3080 673 3163; x_wconf 81' lang='lat' dir='ltr'><strong>quampiam&#39;facnltatem</strong></span> <span class='ocrx_word' id='word_1_318' title='bbox 693 3081 902 3154; x_wconf 87' lang='lat' dir='ltr'><strong>tribueremus,</strong></span> <span class='ocrx_word' id='word_1_319' title='bbox 928 3082 974 3141; x_wconf 90' lang='lat' dir='ltr'><strong>cni</strong></span> <span class='ocrx_word' id='word_1_320' title='bbox 991 3099 1048 3140; x_wconf 94' lang='lat' dir='ltr'><strong>uon</strong></span> <span class='ocrx_word' id='word_1_321' title='bbox 1065 3081 1175 3142; x_wconf 89' lang='lat' dir='ltr'><strong>viribus</strong></span> <span class='ocrx_word' id='word_1_322' title='bbox 1190 3083 1244 3142; x_wconf 89' lang='lat' dir='ltr'><strong>sed</strong></span> <span class='ocrx_word' id='word_1_323' title='bbox 1259 3083 1324 3144; x_wconf 91' lang='lat' dir='ltr'><strong>solo</strong></span> <span class='ocrx_word' id='word_1_324' title='bbox 1339 3090 1413 3144; x_wconf 84' lang='lat' dir='ltr'><strong>nutu</strong></span> 
     </span>
     <span class='ocr_line' id='line_1_32' title="bbox 58 3169 1411 3253; baseline 0.003 -23"><span class='ocrx_word' id='word_1_325' title='bbox 58 3190 119 3252; x_wconf 86' lang='lat' dir='ltr'><strong>opus</strong></span> <span class='ocrx_word' id='word_1_326' title='bbox 142 3182 243 3233; x_wconf 88' lang='lat' dir='ltr'><strong>esset.</strong></span> <span class='ocrx_word' id='word_1_327' title='bbox 292 3172 368 3233; x_wconf 88' lang='lat' dir='ltr'><strong>Item</strong></span> <span class='ocrx_word' id='word_1_328' title='bbox 392 3173 422 3233; x_wconf 93' lang='lat' dir='ltr'><strong>in</strong></span> <span class='ocrx_word' id='word_1_329' title='bbox 446 3172 536 3250; x_wconf 90' lang='lat' dir='ltr'><strong>priori</strong></span> <span class='ocrx_word' id='word_1_330' title='bbox 560 3173 648 3234; x_wconf 91' lang='lat' dir='ltr'><strong>modo</strong></span> <span class='ocrx_word' id='word_1_331' title='bbox 672 3169 826 3232; x_wconf 89' lang='lat' dir='ltr'><strong>obscurior</strong></span> <span class='ocrx_word' id='word_1_332' title='bbox 848 3170 966 3231; x_wconf 89' lang='lat' dir='ltr'><strong>videtur</strong></span> <span class='ocrx_word' id='word_1_333' title='bbox 989 3169 1068 3231; x_wconf 90' lang='lat' dir='ltr'><strong>ratio</strong></span> <span class='ocrx_word' id='word_1_334' title='bbox 1092 3170 1212 3233; x_wconf 84' lang='lat' dir='ltr'><strong>virtutis</strong></span> <span class='ocrx_word' id='word_1_335' title='bbox 1231 3191 1247 3232; x_wconf 92' lang='lat' dir='ltr'><strong>e</strong></span> <span class='ocrx_word' id='word_1_336' title='bbox 1265 3169 1304 3249; x_wconf 94' lang='grc' dir='ltr'>Θ</span> <span class='ocrx_word' id='word_1_337' title='bbox 1322 3189 1411 3253; x_wconf 88' lang='lat' dir='ltr'><strong>egre-</strong></span> 
     </span>
     <span class='ocr_line' id='line_1_33' title="bbox 56 3258 1414 3341; baseline 0.002 -21"><span class='ocrx_word' id='word_1_338' title='bbox 56 3260 166 3334; x_wconf 82' lang='lat' dir='ltr'><strong>dientis,</strong></span> <span class='ocrx_word' id='word_1_339' title='bbox 191 3270 339 3341; x_wconf 87' lang='lat' dir='ltr'><strong>optamus</strong></span> <span class='ocrx_word' id='word_1_340' title='bbox 363 3260 575 3323; x_wconf 89' lang='lat' dir='ltr'><strong>dilucidiorem.</strong></span> <span class='ocrx_word' id='word_1_341' title='bbox 615 3261 781 3340; x_wconf 90' lang='lat' dir='ltr'><strong>Utrumque</strong></span> <span class='ocrx_word' id='word_1_342' title='bbox 797 3278 885 3340; x_wconf 90' lang='lat' dir='ltr'><strong>spero</strong></span> <span class='ocrx_word' id='word_1_343' title='bbox 900 3278 947 3320; x_wconf 92' lang='lat' dir='ltr'><strong>me</strong></span> <span class='ocrx_word' id='word_1_344' title='bbox 972 3258 1090 3322; x_wconf 84' lang='lat' dir='ltr'><strong>efficere</strong></span> <span class='ocrx_word' id='word_1_345' title='bbox 1104 3278 1195 3340; x_wconf 89' lang='lat' dir='ltr'><strong>posse</strong></span> <span class='ocrx_word' id='word_1_346' title='bbox 1214 3280 1267 3340; x_wconf 92' lang='lat' dir='ltr'><strong>per</strong></span> <span class='ocrx_word' id='word_1_347' title='bbox 1291 3261 1414 3323; x_wconf 90' lang='lat' dir='ltr'><strong>modum</strong></span> 
     </span>
     <span class='ocr_line' id='line_1_34' title="bbox 58 3348 1413 3431; baseline 0.001 -21"><span class='ocrx_word' id='word_1_348' title='bbox 58 3350 97 3428; x_wconf 87' lang='lat' dir='ltr'><strong>qui</strong></span> <span class='ocrx_word' id='word_1_349' title='bbox 120 3351 274 3430; x_wconf 89' lang='lat' dir='ltr'><strong>seqnitur.</strong></span> <span class='ocrx_word' id='word_1_350' title='bbox 323 3348 385 3410; x_wconf 88' lang='lat' dir='ltr'><strong>Via</strong></span> <span class='ocrx_word' id='word_1_351' title='bbox 407 3351 548 3428; x_wconf 85' lang='lat' dir='ltr'><strong>planetae</strong></span> <span class='ocrx_word' id='word_1_352' title='bbox 572 3369 626 3431; x_wconf 89' lang='lat' dir='ltr'><strong>per</strong></span> <span class='ocrx_word' id='word_1_353' title='bbox 649 3368 681 3410; x_wconf 91' lang='lat' dir='ltr'><strong>se</strong></span> <span class='ocrx_word' id='word_1_354' title='bbox 706 3349 734 3410; x_wconf 94' lang='lat' dir='ltr'><strong>in</strong></span> <span class='ocrx_word' id='word_1_355' title='bbox 764 3349 874 3410; x_wconf 90' lang='lat' dir='ltr'><strong>circulo</strong></span> <span class='ocrx_word' id='word_1_356' title='bbox 907 3366 1015 3427; x_wconf 84' lang='lat' dir='ltr'><strong>magno</strong></span> <span class='ocrx_word' id='word_1_357' title='bbox 1044 3356 1106 3410; x_wconf 90' lang='lat' dir='ltr'><strong>est:</strong></span> <span class='ocrx_word' id='word_1_358' title='bbox 1138 3369 1206 3411; x_wconf 91' lang='lat' dir='ltr'><strong>uam</strong></span> <span class='ocrx_word' id='word_1_359' title='bbox 1238 3351 1413 3429; x_wconf 90' lang='lat' dir='ltr'><strong>parallaxes</strong></span> 
     </span>
     <span class='ocr_line' id='line_1_35' title="bbox 55 3437 1413 3521; baseline 0.001 -23"><span class='ocrx_word' id='word_1_360' title='bbox 55 3439 120 3501; x_wconf 84' lang='grc'>111111</span> <span class='ocrx_word' id='word_1_361' title='bbox 143 3440 187 3500; x_wconf 87' lang='lat' dir='ltr'><strong>ad</strong></span> <span class='ocrx_word' id='word_1_362' title='bbox 211 3439 327 3519; x_wconf 89' lang='lat' dir='ltr'><strong>ipsnm;</strong></span> <span class='ocrx_word' id='word_1_363' title='bbox 352 3439 456 3500; x_wconf 92' lang='lat' dir='ltr'><strong>demus</strong></span> <span class='ocrx_word' id='word_1_364' title='bbox 479 3458 550 3520; x_wconf 89' lang='lat' dir='ltr'><strong>ergo</strong></span> <span class='ocrx_word' id='word_1_365' title='bbox 574 3448 607 3501; x_wconf 91' lang='lat' dir='ltr'><strong>ut</strong></span> <span class='ocrx_word' id='word_1_366' title='bbox 631 3437 775 3501; x_wconf 89' lang='lat' dir='ltr'><strong>inclinata</strong></span> <span class='ocrx_word' id='word_1_367' title='bbox 799 3439 840 3499; x_wconf 87' lang='lat' dir='ltr'><strong>sit</strong></span> <span class='ocrx_word' id='word_1_368' title='bbox 863 3437 900 3498; x_wconf 88' lang='lat' dir='ltr'><strong>ad</strong></span> <span class='ocrx_word' id='word_1_369' title='bbox 925 3437 1132 3516; x_wconf 88' lang='lat' dir='ltr'><strong>imaginariam</strong></span> <span class='ocrx_word' id='word_1_370' title='bbox 1150 3441 1299 3517; x_wconf 90' lang='lat' dir='ltr'><strong>quandam</strong></span> <span class='ocrx_word' id='word_1_371' title='bbox 1315 3440 1413 3521; x_wconf 91' lang='lat' dir='ltr'><strong>eclip-</strong></span> 
     </span>
     <span class='ocr_line' id='line_1_36' title="bbox 56 3524 1413 3610; baseline 0.002 -23"><span class='ocrx_word' id='word_1_372' title='bbox 56 3528 149 3604; x_wconf 82' lang='lat' dir='ltr'><strong>ticam,</strong></span> <span class='ocrx_word' id='word_1_373' title='bbox 187 3548 207 3589; x_wconf 85' lang='lat' dir='ltr'><strong>a</strong></span> <span class='ocrx_word' id='word_1_374' title='bbox 232 3547 293 3608; x_wconf 85' lang='lat' dir='ltr'><strong>qua</strong></span> <span class='ocrx_word' id='word_1_375' title='bbox 316 3528 503 3607; x_wconf 87' lang='lat' dir='ltr'><strong>digrediatur</strong></span> <span class='ocrx_word' id='word_1_376' title='bbox 525 3529 662 3610; x_wconf 92' lang='lat' dir='ltr'><strong>utrinqne</strong></span> <span class='ocrx_word' id='word_1_377' title='bbox 687 3546 740 3609; x_wconf 91' lang='lat' dir='ltr'><strong>per</strong></span> <span class='ocrx_word' id='word_1_378' title='bbox 763 3524 804 3590; x_wconf 84' lang='lat'><strong>5⁰</strong></span> <span class='ocrx_word' id='word_1_379' title='bbox 828 3524 888 3601; x_wconf 72' lang='lat'><strong>15¹,</strong></span> <span class='ocrx_word' id='word_1_380' title='bbox 919 3534 1033 3606; x_wconf 89' lang='lat' dir='ltr'><strong>quanta</strong></span> <span class='ocrx_word' id='word_1_381' title='bbox 1066 3535 1113 3587; x_wconf 90' lang='lat' dir='ltr'><strong>est</strong></span> <span class='ocrx_word' id='word_1_382' title='bbox 1137 3527 1276 3607; x_wconf 87' lang='lat' dir='ltr'><strong>aequatio</strong></span> <span class='ocrx_word' id='word_1_383' title='bbox 1300 3527 1413 3590; x_wconf 92' lang='lat' dir='ltr'><strong>circelli</strong></span> 
     </span>
     <span class='ocr_line' id='line_1_37' title="bbox 58 3613 1413 3697; baseline -0.001 -18"><span class='ocrx_word' id='word_1_384' title='bbox 58 3613 150 3682; x_wconf 83' lang='grc'>9165.</span> <span class='ocrx_word' id='word_1_385' title='bbox 200 3617 365 3679; x_wconf 85' lang='lat' dir='ltr'><strong>Movcatnr</strong></span> <span class='ocrx_word' id='word_1_386' title='bbox 386 3618 510 3697; x_wconf 88' lang='lat' dir='ltr'><strong>planeta</strong></span> <span class='ocrx_word' id='word_1_387' title='bbox 532 3618 561 3678; x_wconf 89' lang='lat' dir='ltr'><strong>iu</strong></span> <span class='ocrx_word' id='word_1_388' title='bbox 585 3618 715 3690; x_wconf 87' lang='lat' dir='ltr'><strong>cimelio,-</strong></span> <span class='ocrx_word' id='word_1_389' title='bbox 740 3617 778 3677; x_wconf 93' lang='lat' dir='ltr'><strong>ad</strong></span> <span class='ocrx_word' id='word_1_390' title='bbox 798 3616 880 3677; x_wconf 90' lang='lat' dir='ltr'><strong>illam</strong></span> <span class='ocrx_word' id='word_1_391' title='bbox 903 3615 1109 3694; x_wconf 87' lang='lat' dir='ltr'><strong>imaginariam</strong></span> <span class='ocrx_word' id='word_1_392' title='bbox 1133 3616 1261 3679; x_wconf 87' lang='lat' dir='ltr'><strong>orbitam</strong></span> <span class='ocrx_word' id='word_1_393' title='bbox 1283 3615 1413 3678; x_wconf 91' lang='lat' dir='ltr'><strong>mediam</strong></span> 
     </span>
     <span class='ocr_line' id='line_1_38' title="bbox 56 3700 1413 3787; baseline 0.001 -22"><span class='ocrx_word' id='word_1_394' title='bbox 56 3716 151 3769; x_wconf 86' lang='lat' dir='ltr'><strong>erecto</strong></span> <span class='ocrx_word' id='word_1_395' title='bbox 176 3707 217 3769; x_wconf 86' lang='lat' dir='ltr'><strong>ad</strong></span> <span class='ocrx_word' id='word_1_396' title='bbox 242 3700 370 3787; x_wconf 79' lang='lat' dir='ltr'><strong>angulos</strong></span> <span class='ocrx_word' id='word_1_397' title='bbox 394 3715 504 3781; x_wconf 90' lang='lat' dir='ltr'><strong>rectos,</strong></span> <span class='ocrx_word' id='word_1_398' title='bbox 529 3706 572 3768; x_wconf 86' lang='lat' dir='ltr'><strong>sic</strong></span> <span class='ocrx_word' id='word_1_399' title='bbox 595 3713 629 3768; x_wconf 94' lang='lat' dir='ltr'><strong>ut</strong></span> <span class='ocrx_word' id='word_1_400' title='bbox 651 3706 788 3787; x_wconf 87' lang='lat' dir='ltr'><strong>proprius</strong></span> <span class='ocrx_word' id='word_1_401' title='bbox 812 3706 952 3784; x_wconf 88' lang='lat' dir='ltr'><strong>planetae</strong></span> <span class='ocrx_word' id='word_1_402' title='bbox 976 3714 1075 3766; x_wconf 90' lang='lat' dir='ltr'><strong>motus</strong></span> <span class='ocrx_word' id='word_1_403' title='bbox 1099 3714 1290 3768; x_wconf 88' lang='lat' dir='ltr'><strong>transversus</strong></span> <span class='ocrx_word' id='word_1_404' title='bbox 1314 3705 1354 3767; x_wconf 91' lang='lat' dir='ltr'><strong>sit</strong></span> <span class='ocrx_word' id='word_1_405' title='bbox 1373 3705 1413 3767; x_wconf 90' lang='lat' dir='ltr'><strong>ad</strong></span> 
     </span>
     <span class='ocr_line' id='line_1_39' title="bbox 57 3785 1412 3859; baseline -0.001 -1"><span class='ocrx_word' id='word_1_406' title='bbox 57 3805 164 3858; x_wconf 86' lang='lat' dir='ltr'><strong>motum</strong></span> <span class='ocrx_word' id='word_1_407' title='bbox 190 3794 392 3858; x_wconf 60' lang='lat' dir='ltr'><strong>discutiam</strong></span> <span class='ocrx_word' id='word_1_408' title='bbox 414 3815 452 3857; x_wconf 84' lang='lat' dir='ltr'><strong>ex</strong></span> <span class='ocrx_word' id='word_1_409' title='bbox 471 3795 552 3858; x_wconf 85' lang='lat' dir='ltr'><strong>Sole.</strong></span> <span class='ocrx_word' id='word_1_410' title='bbox 588 3797 655 3859; x_wconf 88' lang='lat' dir='ltr'><strong>Hoc</strong></span> <span class='ocrx_word' id='word_1_411' title='bbox 677 3796 764 3856; x_wconf 92' lang='lat' dir='ltr'><strong>modo</strong></span> <span class='ocrx_word' id='word_1_412' title='bbox 789 3796 934 3856; x_wconf 87' lang='lat' dir='ltr'><strong>ascendet</strong></span> <span class='ocrx_word' id='word_1_413' title='bbox 958 3801 989 3855; x_wconf 87' lang='lat' dir='ltr'><strong>et</strong></span> <span class='ocrx_word' id='word_1_414' title='bbox 1012 3795 1174 3857; x_wconf 87' lang='lat' dir='ltr'><strong>descendet</strong></span> <span class='ocrx_word' id='word_1_415' title='bbox 1199 3795 1266 3859; x_wconf 91' lang='lat' dir='ltr'><strong>hinc</strong></span> <span class='ocrx_word' id='word_1_416' title='bbox 1290 3785 1358 3856; x_wconf 89' lang='lat' dir='ltr'><strong>inde</strong></span> <span class='ocrx_word' id='word_1_417' title='bbox 1381 3793 1412 3856; x_wconf 93' lang='lat' dir='ltr'><strong>in</strong></span> 
     </span>
     <span class='ocr_line' id='line_1_40' title="bbox 58 3879 1413 3964; baseline -0.001 -18"><span class='ocrx_word' id='word_1_418' title='bbox 58 3903 107 3946; x_wconf 84' lang='lat' dir='ltr'><strong>suo</strong></span> <span class='ocrx_word' id='word_1_419' title='bbox 130 3885 268 3959; x_wconf 84' lang='lat' dir='ltr'><strong>circello,</strong></span> <span class='ocrx_word' id='word_1_420' title='bbox 292 3879 367 3946; x_wconf 93' lang='lat' dir='ltr'><strong>nihil</strong></span> <span class='ocrx_word' id='word_1_421' title='bbox 390 3884 454 3964; x_wconf 90' lang='lat' dir='ltr'><strong>ipse</strong></span> <span class='ocrx_word' id='word_1_422' title='bbox 478 3904 588 3948; x_wconf 92' lang='lat' dir='ltr'><strong>nocens</strong></span> <span class='ocrx_word' id='word_1_423' title='bbox 603 3885 653 3945; x_wconf 87' lang='lat' dir='ltr'><strong>vel</strong></span> <span class='ocrx_word' id='word_1_424' title='bbox 672 3883 835 3964; x_wconf 84' lang='lat' dir='ltr'><strong>expediens</strong></span> <span class='ocrx_word' id='word_1_425' title='bbox 853 3884 1039 3961; x_wconf 92' lang='lat' dir='ltr'><strong>promotione</strong></span> <span class='ocrx_word' id='word_1_426' title='bbox 1054 3903 1109 3944; x_wconf 88' lang='lat' dir='ltr'><strong>sna</strong></span> <span class='ocrx_word' id='word_1_427' title='bbox 1123 3883 1203 3945; x_wconf 91' lang='lat' dir='ltr'><strong>circa</strong></span> <span class='ocrx_word' id='word_1_428' title='bbox 1219 3881 1270 3961; x_wconf 94' lang='grc' dir='ltr'><strong>Θ.</strong></span> <span class='ocrx_word' id='word_1_429' title='bbox 1309 3884 1413 3944; x_wconf 85' lang='lat' dir='ltr'><strong>Antea</strong></span> 
     </span>
     <span class='ocr_line' id='line_1_41' title="bbox 57 3972 1413 4054; baseline 0.001 -22"><span class='ocrx_word' id='word_1_430' title='bbox 57 3994 120 4037; x_wconf 84' lang='lat' dir='ltr'><strong>rero</strong></span> <span class='ocrx_word' id='word_1_431' title='bbox 144 3973 305 4037; x_wconf 88' lang='lat' dir='ltr'><strong>dimidiam</strong></span> <span class='ocrx_word' id='word_1_432' title='bbox 327 3974 537 4054; x_wconf 87' lang='lat' dir='ltr'><strong>aequationem</strong></span> <span class='ocrx_word' id='word_1_433' title='bbox 560 3973 697 4037; x_wconf 91' lang='lat' dir='ltr'><strong>circellns</strong></span> <span class='ocrx_word' id='word_1_434' title='bbox 720 3974 779 4035; x_wconf 90' lang='lat' dir='ltr'><strong>iste</strong></span> <span class='ocrx_word' id='word_1_435' title='bbox 799 3974 981 4035; x_wconf 90' lang='lat' dir='ltr'><strong>confecerat.</strong></span> <span class='ocrx_word' id='word_1_436' title='bbox 1018 3973 1082 4035; x_wconf 85' lang='lat' dir='ltr'><strong>Nec</strong></span> <span class='ocrx_word' id='word_1_437' title='bbox 1092 3972 1157 4053; x_wconf 85' lang='lat' dir='ltr'><strong>jam</strong></span> <span class='ocrx_word' id='word_1_438' title='bbox 1177 3974 1289 4034; x_wconf 89' lang='lat' dir='ltr'><strong>uitetur</strong></span> <span class='ocrx_word' id='word_1_439' title='bbox 1305 3978 1413 4034; x_wconf 89' lang='lat' dir='ltr'><strong>contra</strong></span> 
     </span>
     <span class='ocr_line' id='line_1_42' title="bbox 55 4059 1411 4144; baseline -0.002 -18"><span class='ocrx_word' id='word_1_440' title='bbox 55 4071 167 4127; x_wconf 86' lang='lat' dir='ltr'><strong>motum</strong></span> <span class='ocrx_word' id='word_1_441' title='bbox 191 4059 246 4140; x_wconf 89' lang='grc' dir='ltr'><strong>Θ,</strong></span> <span class='ocrx_word' id='word_1_442' title='bbox 270 4061 341 4144; x_wconf 87' lang='lat' dir='ltr'><strong>quia</strong></span> <span class='ocrx_word' id='word_1_443' title='bbox 362 4062 390 4125; x_wconf 91' lang='lat' dir='ltr'><strong>is</strong></span> <span class='ocrx_word' id='word_1_444' title='bbox 413 4072 542 4126; x_wconf 86' lang='lat' dir='ltr'><strong>estnon</strong></span> <span class='ocrx_word' id='word_1_445' title='bbox 566 4083 684 4126; x_wconf 88' lang='lat' dir='ltr'><strong>sursum</strong></span> <span class='ocrx_word' id='word_1_446' title='bbox 707 4064 756 4126; x_wconf 93' lang='lat' dir='ltr'><strong>vel</strong></span> <span class='ocrx_word' id='word_1_447' title='bbox 779 4062 927 4137; x_wconf 87' lang='lat' dir='ltr'><strong>deorsum,</strong></span> <span class='ocrx_word' id='word_1_448' title='bbox 951 4081 1008 4123; x_wconf 91' lang='lat' dir='ltr'><strong>uon</strong></span> <span class='ocrx_word' id='word_1_449' title='bbox 1034 4062 1073 4122; x_wconf 88' lang='lat' dir='ltr'><strong>ad</strong></span> <span class='ocrx_word' id='word_1_450' title='bbox 1095 4062 1190 4142; x_wconf 91' lang='lat' dir='ltr'><strong>polos,</strong></span> <span class='ocrx_word' id='word_1_451' title='bbox 1216 4062 1271 4124; x_wconf 92' lang='lat' dir='ltr'><strong>sed</strong></span> <span class='ocrx_word' id='word_1_452' title='bbox 1293 4069 1411 4123; x_wconf 80' lang='lat' dir='ltr'><strong>tautum</strong></span> 
     </span>
     <span class='ocr_line' id='line_1_43' title="bbox 55 4149 1411 4234; baseline -0.002 -20"><span class='ocrx_word' id='word_1_453' title='bbox 55 4153 222 4217; x_wconf 81' lang='lat' dir='ltr'><strong>horbem</strong></span> <span class='ocrx_word' id='word_1_454' title='bbox 268 4153 399 4214; x_wconf 86' lang='lat' dir='ltr'><strong>Planata</strong></span> <span class='ocrx_word' id='word_1_455' title='bbox 421 4171 491 4213; x_wconf 90' lang='lat' dir='ltr'><strong>vcro</strong></span> <span class='ocrx_word' id='word_1_456' title='bbox 516 4153 571 4215; x_wconf 92' lang='lat' dir='ltr'><strong>ibit</strong></span> <span class='ocrx_word' id='word_1_457' title='bbox 594 4161 627 4214; x_wconf 90' lang='lat' dir='ltr'><strong>et</strong></span> <span class='ocrx_word' id='word_1_458' title='bbox 649 4172 740 4234; x_wconf 88' lang='lat' dir='ltr'><strong>supra</strong></span> <span class='ocrx_word' id='word_1_459' title='bbox 767 4171 873 4213; x_wconf 90' lang='lat' dir='ltr'><strong>versus</strong></span> <span class='ocrx_word' id='word_1_460' title='bbox 905 4152 1004 4231; x_wconf 91' lang='lat' dir='ltr'><strong>polum</strong></span> <span class='ocrx_word' id='word_1_461' title='bbox 1033 4149 1191 4231; x_wconf 87' lang='lat' dir='ltr'><strong>eclipticae</strong></span> <span class='ocrx_word' id='word_1_462' title='bbox 1224 4151 1411 4231; x_wconf 79' lang='lat' dir='ltr'><strong>descendens</strong></span> 
     </span>
     <span class='ocr_line' id='line_1_44' title="bbox 56 4238 1410 4322; baseline -0.002 -18"><span class='ocrx_word' id='word_1_463' title='bbox 56 4243 90 4304; x_wconf 80' lang='lat' dir='ltr'><strong>ad</strong></span> <span class='ocrx_word' id='word_1_464' title='bbox 114 4239 157 4320; x_wconf 93' lang='grc' dir='ltr'>Θ</span> <span class='ocrx_word' id='word_1_465' title='bbox 185 4249 218 4303; x_wconf 90' lang='lat' dir='ltr'><strong>et</strong></span> <span class='ocrx_word' id='word_1_466' title='bbox 241 4241 319 4303; x_wconf 91' lang='lat' dir='ltr'><strong>infra</strong></span> <span class='ocrx_word' id='word_1_467' title='bbox 342 4258 446 4304; x_wconf 90' lang='lat' dir='ltr'><strong>versus</strong></span> <span class='ocrx_word' id='word_1_468' title='bbox 470 4242 597 4304; x_wconf 90' lang='lat' dir='ltr'><strong>alterum</strong></span> <span class='ocrx_word' id='word_1_469' title='bbox 629 4242 729 4322; x_wconf 90' lang='lat' dir='ltr'><strong>polum</strong></span> <span class='ocrx_word' id='word_1_470' title='bbox 759 4241 867 4302; x_wconf 90' lang='lat' dir='ltr'><strong>itemm</strong></span> <span class='ocrx_word' id='word_1_471' title='bbox 896 4241 1072 4303; x_wconf 88' lang='lat' dir='ltr'><strong>ascendens.</strong></span> <span class='ocrx_word' id='word_1_472' title='bbox 1120 4238 1270 4302; x_wconf 84' lang='lat' dir='ltr'><strong>Conficiat</strong></span> <span class='ocrx_word' id='word_1_473' title='bbox 1297 4241 1410 4321; x_wconf 88' lang='lat' dir='ltr'><strong>gradus</strong></span> 
     </span>
     <span class='ocr_line' id='line_1_45' title="bbox 56 4329 1410 4414; baseline -0.001 -21"><span class='ocrx_word' id='word_1_474' title='bbox 56 4331 199 4414; x_wconf 78' lang='lat' dir='ltr'><strong>aequales</strong></span> <span class='ocrx_word' id='word_1_475' title='bbox 223 4329 399 4411; x_wconf 87' lang='lat' dir='ltr'><strong>aequalibus</strong></span> <span class='ocrx_word' id='word_1_476' title='bbox 422 4331 616 4412; x_wconf 89' lang='lat' dir='ltr'><strong>temporibus,</strong></span> <span class='ocrx_word' id='word_1_477' title='bbox 641 4331 782 4403; x_wconf 79' lang='lat' dir='ltr'><strong>metiatur</strong></span> <span class='ocrx_word' id='word_1_478' title='bbox 798 4329 974 4392; x_wconf 88' lang='lat' dir='ltr'><strong>descensum</strong></span> <span class='ocrx_word' id='word_1_479' title='bbox 989 4337 1021 4390; x_wconf 89' lang='lat' dir='ltr'><strong>et</strong></span> <span class='ocrx_word' id='word_1_480' title='bbox 1035 4348 1193 4390; x_wconf 90' lang='lat' dir='ltr'><strong>ascensum</strong></span> <span class='ocrx_word' id='word_1_481' title='bbox 1209 4350 1293 4392; x_wconf 90' lang='lat' dir='ltr'><strong>suum</strong></span> <span class='ocrx_word' id='word_1_482' title='bbox 1310 4329 1410 4410; x_wconf 89' lang='lat' dir='ltr'><strong>specie</strong></span> 
     </span>
     <span class='ocr_line' id='line_1_46' title="bbox 57 4418 1411 4501; baseline -0.002 -18"><span class='ocrx_word' id='word_1_483' title='bbox 57 4419 299 4498; x_wconf 63' lang='lat' dir='ltr'><strong>&amp;occurentm</strong></span> <span class='ocrx_word' id='word_1_484' title='bbox 330 4438 399 4481; x_wconf 90' lang='lat' dir='ltr'><strong>nam</strong></span> <span class='ocrx_word' id='word_1_485' title='bbox 430 4421 509 4483; x_wconf 89' lang='lat' dir='ltr'><strong>infra</strong></span> <span class='ocrx_word' id='word_1_486' title='bbox 532 4421 587 4483; x_wconf 90' lang='lat' dir='ltr'><strong>suh</strong></span> <span class='ocrx_word' id='word_1_487' title='bbox 617 4420 723 4501; x_wconf 88' lang='lat' dir='ltr'><strong>majori</strong></span> <span class='ocrx_word' id='word_1_488' title='bbox 748 4420 858 4498; x_wconf 88' lang='lat' dir='ltr'><strong>angulo</strong></span> <span class='ocrx_word' id='word_1_489' title='bbox 881 4420 1019 4482; x_wconf 87' lang='lat' dir='ltr'><strong>occurrit</strong></span> <span class='ocrx_word' id='word_1_490' title='bbox 1066 4418 1252 4481; x_wconf 88' lang='lat' dir='ltr'><strong>Diametrnm</strong></span> <span class='ocrx_word' id='word_1_491' title='bbox 1275 4438 1346 4482; x_wconf 89' lang='lat' dir='ltr'><strong>vero</strong></span> <span class='ocrx_word' id='word_1_492' title='bbox 1371 4418 1411 4480; x_wconf 86' lang='lat' dir='ltr'><strong>ad</strong></span> 
     </span>
     <span class='ocr_line' id='line_1_47' title="bbox 56 4508 1411 4591; baseline -0.002 -19"><span class='ocrx_word' id='word_1_493' title='bbox 56 4512 154 4573; x_wconf 74' lang='lat' dir='ltr'><strong>latera</strong></span> <span class='ocrx_word' id='word_1_494' title='bbox 177 4509 323 4572; x_wconf 89' lang='lat' dir='ltr'><strong>metiatur</strong></span> <span class='ocrx_word' id='word_1_495' title='bbox 345 4518 484 4591; x_wconf 87' lang='lat' dir='ltr'><strong>respectu</strong></span> <span class='ocrx_word' id='word_1_496' title='bbox 515 4510 652 4573; x_wconf 79' lang='lat' dir='ltr'><strong>lixarum</strong></span> <span class='ocrx_word' id='word_1_497' title='bbox 698 4510 784 4570; x_wconf 90' lang='lat' dir='ltr'><strong>Haec</strong></span> <span class='ocrx_word' id='word_1_498' title='bbox 814 4509 914 4570; x_wconf 91' lang='lat' dir='ltr'><strong>omnia</strong></span> <span class='ocrx_word' id='word_1_499' title='bbox 942 4508 1005 4570; x_wconf 92' lang='lat' dir='ltr'><strong>sine</strong></span> <span class='ocrx_word' id='word_1_500' title='bbox 1033 4508 1147 4571; x_wconf 88' lang='lat' dir='ltr'><strong>viribus</strong></span> <span class='ocrx_word' id='word_1_501' title='bbox 1175 4510 1274 4570; x_wconf 85' lang='lat' dir='ltr'><strong>facere</strong></span> <span class='ocrx_word' id='word_1_502' title='bbox 1307 4515 1411 4590; x_wconf 89' lang='lat' dir='ltr'><strong>potest</strong></span> 
     </span>
     <span class='ocr_line' id='line_1_48' title="bbox 56 4596 1408 4681; baseline 0 -21"><span class='ocrx_word' id='word_1_503' title='bbox 56 4600 119 4661; x_wconf 81' lang='lat' dir='ltr'><strong>solo</strong></span> <span class='ocrx_word' id='word_1_504' title='bbox 141 4599 301 4661; x_wconf 78' lang='lat' dir='ltr'><strong>intellectu</strong></span> <span class='ocrx_word' id='word_1_505' title='bbox 325 4607 358 4660; x_wconf 89' lang='lat' dir='ltr'><strong>et</strong></span> <span class='ocrx_word' id='word_1_506' title='bbox 378 4607 472 4675; x_wconf 86' lang='lat' dir='ltr'><strong>nutu„</strong></span> <span class='ocrx_word' id='word_1_507' title='bbox 491 4600 561 4681; x_wconf 92' lang='lat' dir='ltr'><strong>qnia</strong></span> <span class='ocrx_word' id='word_1_508' title='bbox 583 4599 665 4680; x_wconf 88' lang='lat' dir='ltr'><strong>globi</strong></span> <span class='ocrx_word' id='word_1_509' title='bbox 688 4599 837 4661; x_wconf 89' lang='lat' dir='ltr'><strong>coelestes</strong></span> <span class='ocrx_word' id='word_1_510' title='bbox 860 4616 965 4662; x_wconf 90' lang='lat' dir='ltr'><strong>versus</strong></span> <span class='ocrx_word' id='word_1_511' title='bbox 989 4596 1090 4660; x_wconf 88' lang='lat' dir='ltr'><strong>Solem</strong></span> <span class='ocrx_word' id='word_1_512' title='bbox 1114 4617 1223 4679; x_wconf 90' lang='lat' dir='ltr'><strong>graves</strong></span> <span class='ocrx_word' id='word_1_513' title='bbox 1245 4617 1305 4660; x_wconf 92' lang='lat' dir='ltr'><strong>nou</strong></span> <span class='ocrx_word' id='word_1_514' title='bbox 1329 4605 1408 4660; x_wconf 89' lang='lat' dir='ltr'><strong>sunt.</strong></span> 
     </span>
     <span class='ocr_line' id='line_1_49' title="bbox 56 4678 1411 4768; baseline -0.002 -18"><span class='ocrx_word' id='word_1_515' title='bbox 56 4688 111 4750; x_wconf 83' lang='lat' dir='ltr'><strong>Hic</strong></span> <span class='ocrx_word' id='word_1_516' title='bbox 133 4687 230 4751; x_wconf 90' lang='lat' dir='ltr'><strong>etiam</strong></span> <span class='ocrx_word' id='word_1_517' title='bbox 252 4687 341 4749; x_wconf 90' lang='lat' dir='ltr'><strong>simul</strong></span> <span class='ocrx_word' id='word_1_518' title='bbox 363 4686 558 4768; x_wconf 88' lang='lat' dir='ltr'><strong>pulcherrime</strong></span> <span class='ocrx_word' id='word_1_519' title='bbox 582 4678 654 4750; x_wconf 89' lang='lat' dir='ltr'><strong>mihi</strong></span> <span class='ocrx_word' id='word_1_520' title='bbox 684 4687 818 4750; x_wconf 88' lang='lat' dir='ltr'><strong>nascitur</strong></span> <span class='ocrx_word' id='word_1_521' title='bbox 840 4688 989 4768; x_wconf 89' lang='lat' dir='ltr'><strong>promotio</strong></span> <span class='ocrx_word' id='word_1_522' title='bbox 1019 4688 1179 4762; x_wconf 90' lang='lat' dir='ltr'><strong>nodorum,</strong></span> <span class='ocrx_word' id='word_1_523' title='bbox 1210 4688 1287 4768; x_wconf 92' lang='lat' dir='ltr'><strong>quod</strong></span> <span class='ocrx_word' id='word_1_524' title='bbox 1319 4694 1411 4748; x_wconf 88' lang='lat' dir='ltr'><strong>autea</strong></span> 
     </span>
     <span class='ocr_line' id='line_1_50' title="bbox 59 4776 1410 4861; baseline -0.004 -20"><span class='ocrx_word' id='word_1_525' title='bbox 59 4778 141 4841; x_wconf 86' lang='lat' dir='ltr'><strong>nulla</strong></span> <span class='ocrx_word' id='word_1_526' title='bbox 164 4776 313 4840; x_wconf 85' lang='lat' dir='ltr'><strong>concinna</strong></span> <span class='ocrx_word' id='word_1_527' title='bbox 335 4776 494 4861; x_wconf 88' lang='lat' dir='ltr'><strong>hypothesi</strong></span> <span class='ocrx_word' id='word_1_528' title='bbox 516 4786 661 4859; x_wconf 88' lang='lat' dir='ltr'><strong>poteram</strong></span> <span class='ocrx_word' id='word_1_529' title='bbox 699 4778 746 4839; x_wconf 92' lang='lat' dir='ltr'><strong>De</strong></span> <span class='ocrx_word' id='word_1_530' title='bbox 770 4796 827 4858; x_wconf 90' lang='lat' dir='ltr'><strong>quo</strong></span> <span class='ocrx_word' id='word_1_531' title='bbox 850 4777 936 4840; x_wconf 86' lang='lat' dir='ltr'><strong>alias.</strong></span> <span class='ocrx_word' id='word_1_532' title='bbox 972 4777 1043 4839; x_wconf 88' lang='lat' dir='ltr'><strong>Jam</strong></span> <span class='ocrx_word' id='word_1_533' title='bbox 1065 4777 1211 4858; x_wconf 90' lang='lat' dir='ltr'><strong>quomodo</strong></span> <span class='ocrx_word' id='word_1_534' title='bbox 1236 4776 1410 4841; x_wconf 89' lang='lat' dir='ltr'><strong>conficiatur</strong></span> 
     </span>
     <span class='ocr_line' id='line_1_51' title="bbox 59 4862 1461 4952; baseline -0.001 -19"><span class='ocrx_word' id='word_1_535' title='bbox 59 4876 125 4933; x_wconf 76' lang='lat' dir='ltr'><strong>tota</strong></span> <span class='ocrx_word' id='word_1_536' title='bbox 145 4865 291 4952; x_wconf 86' lang='lat' dir='ltr'><strong>aequatio</strong></span> <span class='ocrx_word' id='word_1_537' title='bbox 313 4865 422 4931; x_wconf 80' lang='lat' dir='ltr'><strong>dicam</strong></span> <span class='ocrx_word' id='word_1_538' title='bbox 447 4868 536 4932; x_wconf 87' lang='lat' dir='ltr'><strong>·Non</strong></span> <span class='ocrx_word' id='word_1_539' title='bbox 563 4865 634 4952; x_wconf 79' lang='lat' dir='ltr'><strong>quia</strong></span> <span class='ocrx_word' id='word_1_540' title='bbox 661 4865 727 4930; x_wconf 89' lang='lat' dir='ltr'><strong>Soli</strong></span> <span class='ocrx_word' id='word_1_541' title='bbox 758 4875 857 4931; x_wconf 87' lang='lat' dir='ltr'><strong>totam</strong></span> <span class='ocrx_word' id='word_1_542' title='bbox 887 4866 1074 4947; x_wconf 86' lang='lat' dir='ltr'><strong>transcribo,</strong></span> <span class='ocrx_word' id='word_1_543' title='bbox 1104 4866 1192 4930; x_wconf 94' lang='lat' dir='ltr'><strong>modo</strong></span> <span class='ocrx_word' id='word_1_544' title='bbox 1223 4883 1296 4929; x_wconf 84' lang='lat' dir='ltr'><strong>vero</strong></span> <span class='ocrx_word' id='word_1_545' title='bbox 1325 4864 1411 4950; x_wconf 80' lang='lat' dir='ltr'><strong>prius</strong></span> <span class='ocrx_word' id='word_1_546' title='bbox 1458 4862 1461 4873; x_wconf 86' lang='lat'>&#39;</span> 
     </span>
    </p>
   </div>
   <div class='ocr_carea' id='block_1_4' title="bbox 0 0 1644 5550">
    <p class='ocr_par' dir='ltr' id='par_1_7' title="bbox 0 0 1644 5550">
     <span class='ocr_line' id='line_1_52' title="bbox 0 0 1644 5550; baseline 0 1"><span class='ocrx_word' id='word_1_547' title='bbox 0 0 1644 5550; x_wconf 95' lang='lat' dir='ltr'><strong> </strong></span> 
     </span>
    </p>
   </div>
  </div>
 </body>
</html>
