3278 5550
140 267 206 337 322
625 268 665 320 Do
682 266 791 319 Nottbns
810 265 904 319 Stellae
921 265 1009 318 Marde

142 448 294 524 accentui,
329 446 413 528 cujus
447 446 587 527 aequatio
619 447 720 527 optica
751 454 800 511 est
828 446 956 533 angulus
988 443 1088 509 BGA.
1143 444 1226 524 Ergo
1263 444 1383 511 residua
1409 464 1455 506 ara

4 588 9 610 .
144 538 288 618 trianguli
319 536 436 598 scilicet
457 534 565 614 ΒΘΑ,
598 545 646 598 est
677 555 821 598 excessus
845 536 916 609 (hoc
945 534 1027 609 loco)
1060 535 1230 598 anomaliae
1252 533 1377 609 Μία
1404 554 1455 616 sup

147 627 330 691 anomaliam
354 627 503 701 eccentri;
528 634 559 688 et
582 626 717 706 ejusdem
746 624 888 704 trianguli
921 624 1048 702 angulus
1070 622 1160 687 BGA
1185 633 1234 686 est
1256 640 1398 705 munus
1417 642 1455 685 am

144 717 253 780 malias
287 715 418 777 eccentri
443 713 527 778 CBG
556 735 648 794 supra
677 722 874 795 coaequatam
903 711 1001 775 CAG.
1047 713 1191 792 Ejusdem
1222 713 1327 795 itaque
1358 712 1455 792 triaugr

146 804 277 885 cognitio
319 813 477 883 utramque
517 814 635 886 partem
672 802 861 883 aequationis
904 801 1022 883 prodit,
1060 804 1292 882 respondentem
1335 800 1455 864 suamab

146 901 330 976 coaequatae
356 891 453 956 GAC.
1008 916 1010 924 ¹

234 983 336 1063 Atque
360 982 429 1044 hinc
453 982 546 1044 etiam
569 1001 661 1043 causa
683 989 781 1061 patet,
815 1000 867 1042 cur
890 1001 980 1060 supra
1003 980 1101 1059 capite
1124 978 1229 1044 XXX.
1249 978 1371 1042 XXXI.
1399 987 1455 1060 part

147 1070 335 1154 aequationis
360 1071 485 1134 dixerim
517 1070 549 1133 in
583 1070 700 1132 theoria
723 1070 806 1134 Solis
835 1090 922 1151 quam
954 1069 1087 1150 proxime
1120 1070 1273 1149 aequales.
1319 1069 1400 1132 Nam
1429 1088 1455 1149 qr

146 1161 311 1244 quemlibet
341 1180 443 1223 arcum
475 1160 561 1242 eique
594 1150 988 1241 superstantem⁸angulum
1021 1159 1060 1220 ad
1092 1169 1226 1220 centrum
1250 1160 1299 1232 (ut
1332 1155 1455 1237 priusG

147 1261 179 1314 et
203 1248 313 1324 CBG)
336 1248 459 1312 metitur
475 1269 547 1311 area
566 1270 630 1323 sua,
655 1248 704 1330 qui
728 1258 828 1310 sector
844 1249 960 1322 dicitur,
986 1256 1019 1309 ut
1037 1268 1107 1310 area
1132 1245 1241 1322 CBG,
1265 1248 1413 1310 collocato
1427 1266 1455 1311 er

147 1341 224 1421 pede
248 1339 351 1401 circini
374 1338 404 1401 in
425 1336 501 1401 Get
524 1339 705 1400 diastemate
730 1335 792 1399 GB
817 1357 904 1399 arcus
928 1337 1185 1399 circumferentiae
1209 1337 1368 1411 scribatur,
1394 1355 1455 1398 secr

148 1428 208 1492 GA
235 1428 265 1489 in
290 1427 328 1490 0.
375 1427 471 1506 Igitur
502 1436 537 1489 ut
569 1447 641 1489 area
665 1425 758 1489 GBG
787 1427 825 1487 ad
858 1428 1001 1506 angulum
1025 1425 1135 1501 GBG,
1169 1424 1212 1487 sic
1243 1446 1319 1488 area
1341 1423 1439 1488 BGO

147 1518 288 1597 angulum
311 1515 421 1580 BGO.
468 1516 531 1581 Sed
562 1518 689 1597 angulus
716 1514 812 1578 BGO
842 1525 891 1577 est
917 1534 988 1595 pars
1025 1515 1211 1596 aequationis
1244 1515 1368 1596 aptiae,
1401 1516 1455 1594 itaq

148 1627 220 1670 area
244 1604 342 1669 GOB
365 1624 420 1687 par
448 1605 681 1686 duplicationem
707 1606 896 1686 aequationis
928 1606 1024 1685 partis
1053 1605 1193 1666 metietur
1223 1615 1342 1685 partem
1373 1605 1455 1685 optia

148 1695 347 1775 aequationis,
372 1715 438 1758 cunr
462 1695 492 1756 in
515 1705 619 1757 nostro
643 1694 758 1757 calculo
781 1695 863 1775 prius
888 1695 1038 1773 explicato
1062 1695 1129 1775 ipsa
1151 1713 1223 1755 area
1249 1703 1319 1756 tota
1343 1690 1440 1757 ΗΒΑ

147 1792 272 1868 propter
294 1791 412 1867 partem
428 1783 617 1864 aequationis
639 1784 794 1867 physicam
809 1784 1001 1846 consulenda.
1039 1783 1108 1845 Etsi
1131 1783 1222 1862 igitur
1244 1781 1350 1856 AGB,
1375 1781 1455 1862 genui

150 1893 290 1936 mensura
303 1873 401 1954 partis
415 1872 603 1956 aequationis
619 1874 772 1954 physicae,
797 1873 917 1935 excedit
938 1872 1034 1947 OGB,
1058 1873 1192 1934 oblatam
1211 1891 1383 1934 mensuram
1406 1890 1455 1950 par

154 1962 283 2044 opticae,
299 1963 429 2043 spatiolo
445 1982 497 2025 seu
513 1981 585 2023 area
603 1961 688 2024 ΟΑΒ
704 1965 750 2036 (et
766 1983 870 2024 versus
885 1961 1056 2042 perigaeum
1071 1962 1241 2041 hujusmodi
1258 1960 1359 2042 aliquo
1375 1959 1455 2040 spati

152 2053 287 2114 vicissim
302 2052 340 2112 ab
360 2071 395 2114 eo
411 2053 601 2132 superatur):
626 2052 655 2113 in
674 2071 768 2131 parva
790 2061 891 2114 tamen
907 2051 1139 2125 eccentricitate,
1163 2050 1332 2131 cujusmodi
1355 2059 1403 2112 est
1422 2047 1455 2113 So

152 2141 199 2204 vel
215 2140 337 2215 Terrae,
361 2140 391 2202 in
406 2160 465 2221 qua
487 2160 642 2203 versamur
657 2141 714 2202 hac
728 2140 820 2204 tertia
832 2149 929 2222 parte,
947 2140 1002 2202 hoc
1021 2160 1079 2201 non
1093 2147 1141 2200 est
1154 2140 1309 2202 sensibile.
1349 2139 1426 2201 Narn
1442 2156 1455 2220 q

141 2230 273 2313 ,propius
287 2230 398 2291 lineam
412 2229 549 2309 apsidum
564 2231 691 2302 venitur,
713 2231 770 2292 hoc
786 2231 893 2292 exilius
907 2231 941 2291 fio
962 2237 1059 2291 toturn
1074 2228 1257 2310 triangulum
1279 2227 1391 2300 AGB,
1412 2220 1455 2308 q'nr

151 2330 183 2382 et
204 2318 354 2399 particula
377 2319 449 2399 ejus¹
465 2317 579 2393 AOB,
604 2320 793 2399 quantumvis
817 2327 969 2382 crescente
993 2326 1063 2380 tunc
1079 2319 1143 2397 ejus
1162 2317 1324 2380 altitudine
1347 2307 1455 2379 Aoi

152 2407 385 2488 longitudinibus
399 2427 470 2470 vero
489 2408 595 2469 mediis
618 2408 712 2471 ΒΕΑ
736 2410 864 2489 angulus
878 2427 944 2469 cum
968 2417 1083 2469 sectore
1107 2428 1161 2468 suo
1178 2407 1287 2469 alicubi
1311 2408 1401 2486 plane

151 2507 270 2560 snratur
292 2498 330 2559 ab
345 2516 417 2559 area
439 2496 545 2568 ΒΕΑ,
570 2507 602 2559 et
625 2517 767 2561 excessus
791 2518 856 2559 cum
881 2497 1047 2559 defectibus
1071 2497 1216 2577 incipiunt
1238 2495 1411 2577 permutari.

239 2587 346 2667 Itaque
370 2606 486 2648 summa
501 2587 679 2661 differentia,
705 2607 780 2667 quae
805 2588 979 2665 contingere
1002 2595 1113 2665 potest,
1137 2586 1167 2646 in
1191 2595 1333 2647 octantes
1356 2583 1455 2657 seultt

151 2678 230 2740 iuter
252 2676 375 2756 apsides
400 2684 432 2738 et
455 2678 636 2757 quadrantes
660 2677 839 2738 intermedia
862 2676 1081 2738 accumulatur:
1115 2694 1191 2755 quaa
1219 2683 1335 2755 quanta
1358 2675 1409 2747 sit,
1432 2671 1455 2753 h

151 2766 284 2848 patefiet.
332 2764 408 2828 Cum
433 2766 511 2828 enim
533 2765 565 2827 in
588 2766 705 2827 theoria
727 2767 837 2828 Martis
860 2766 1043 2845 aliquamdiu
1067 2766 1172 2826 eadem
1196 2784 1267 2826 usus
1292 2763 1397 2826 fuerim
1415 2776 1455 2824 ou

154 2855 280 2937 putandi
304 2855 400 2916 torma
422 2875 476 2936 per
499 2875 601 2928 areas,
636 2874 694 2917 non
716 2856 816 2935 potuit
837 2855 912 2917 haec
936 2854 1107 2916 differentia
1129 2854 1242 2933 negligi
1272 2862 1396 2933 propter
1415 2862 1455 2931 ιη

153 2963 224 3007 nam
247 2943 388 3022 planetae
402 2944 668 3007 eccentricitatem.
706 2946 771 3008 Nec
790 2943 953 3025 duplicatio
977 2945 1072 3024 partis
1087 2943 1275 3024 aequationis
1296 2938 1455 3022 opticacdl

157 3032 330 3096 sensibilem
353 3051 485 3095 errorem
509 3034 575 3096 fuit.
622 3030 723 3103 Quare
752 3034 937 3114 exploranda
968 3034 1024 3095 tuit
1046 3032 1188 3113 planities
1217 3032 1362 3111 trianguli
1392 3042 1455 3110 aequ

156 3121 234 3184 torii.
280 3121 389 3183 Potest
410 3122 442 3183 id
464 3123 528 3184 fieri
551 3122 643 3184 variis
667 3123 782 3197 mediis,
805 3124 860 3186 sed
882 3122 1207 3202 compendiosissimam
1230 3120 1408 3183 adscribam

156 3283 292 3345 Notum
324 3288 399 3343 est:
437 3282 635 3363 aequealta
671 3259 873 3365 triangula
895 3303 978 3345 esse
1008 3283 1042 3344 in
1078 3281 1318 3363 proportione
1353 3278 1455 3343 basin

276 3368 360 3432 dico
385 3378 423 3431 et
445 3372 675 3451 sequebasia
699 3393 781 3436 esse
804 3375 840 3436 in
863 3372 1105 3454 proportione
1134 3370 1387 3433 altitudinum.
1434 3356 1453 3421 ί

248 3477 320 3541 Sira
342 3476 442 3552 AGB,
465 3477 553 3540 ΑΗΒ
582 3494 679 3563 saper
708 3481 817 3545 eadem
849 3483 918 3545 basi
940 3481 1006 3554 AB,
1031 3479 1213 3542 continuata
1241 3478 1278 3542 ia
1302 3475 1337 3540 C.
1383 3476 1455 3561 aaa

156 3586 198 3631 sa
222 3565 252 3628 G
274 3576 361 3631 recta
386 3565 444 3631 GN
463 3567 642 3651 parallelos
666 3571 913 3633 commonitori
935 3569 1009 3640 AB,
1032 3586 1149 3631 secaris
1163 3567 1219 3629 ΗΒ
1242 3569 1277 3630 ia
1299 3568 1346 3641 N,
1378 3574 1407 3630 et
1425 3582 1455 3628 aa

158 3664 301 3721 metatur
323 3658 353 3719 N
376 3677 448 3720 cum
466 3658 508 3733 Α,
531 3667 560 3721 a
583 3680 622 3723 ea
644 3660 742 3723 teiam
762 3657 995 3742 triangulorum
1016 3659 1183 3721 vasatas
1206 3654 1245 3731 G,
1262 3657 1301 3731 Η,
1318 3657 1348 3719 Ν
1371 3656 1455 3739 apoll

156 3744 437 3830 perpendiculares
458 3747 494 3809 ia
525 3751 616 3811 basia
638 3745 712 3823 GM,
735 3749 801 3824 HL,
825 3749 890 3823 NP,
914 3747 1154 3810 determinantes
1174 3738 1455 3829 triangulorum&

158 3837 294 3900 tudiaea.
334 3834 414 3899 Oum
436 3854 509 3918 erpa
534 3835 593 3900 GN
613 3847 642 3901 a
660 3839 721 3901 MP
734 3841 798 3902 siat
814 3836 979 3922 paralleli,
999 3846 1028 3900 et
1044 3834 1117 3910 GM,
1140 3835 1196 3897 NP
1214 3831 1455 3919 pependimus

158 3932 251 3989 erunt
272 3926 373 4009 igilur
396 3922 469 3996 GM,
494 3926 549 3989 NP
572 3927 729 4010 aequales.
776 3927 843 3990 Sed
866 3924 930 3989 GM
953 3935 998 3989 est
1020 3924 1154 3988 altitudo
1176 3922 1333 4006 triaupuli
1353 3922 1446 3996 AGB‚

158 4016 213 4079 ΝΡ
237 4022 281 4078 est
303 4013 439 4078 altitudo
461 4016 616 4098 trianguli
628 4016 723 4081 ANB.
763 4014 944 4100 [lliaapula
959 4018 1058 4097 igitur
1070 4014 1167 4088 ANB,
1184 4011 1273 4075 AGB
1296 4022 1371 4079 aaut
1392 4028 1455 4096 aeq!

21 4106 23 4111 ’
159 4102 249 4179 aaa
272 4106 402 4187 aquia
423 4103 519 4167 amul
540 4127 636 4190 saper
658 4107 768 4169 eadaa
790 4107 859 4169 basi
872 4106 940 4182 AB,
963 4113 1037 4169 suat
1058 4104 1157 4186 ipitius·
1180 4101 1338 4185 aequdia.
1377 4102 1455 4166 lata

159 4193 246 4258 ANB
269 4195 312 4256 sit
328 4212 410 4275 pars
432 4194 472 4256 de
493 4195 590 4270 ΑΗΒ,
614 4203 642 4258 et
665 4198 837 4259 commanis
858 4193 943 4259 liaea
966 4196 1089 4257 bamam
1110 4192 1167 4255 ΗΒ
1190 4200 1220 4255 et
1242 4194 1455 4267 commordeas

160 4291 213 4346 tea
235 4281 274 4355 Α,
298 4281 464 4364 massada
485 4284 584 4368 igitar
606 4285 703 4359 ΝΑΒ,
727 4286 814 4347 ΗΑΒ
837 4293 909 4348 auat
931 4282 1106 4366 aequealta.
1154 4282 1265 4360 Quare
1286 4291 1324 4346 ut
1344 4277 1455 4346 basisl

161 4371 206 4435 ad
227 4370 285 4435 BH
312 4373 359 4434 sio
385 4371 472 4434 NAB
497 4374 542 4437 ad
563 4373 659 4435 HAB.
706 4371 772 4435 Sed
802 4375 888 4437 NAB
912 4381 942 4437 et
965 4371 1052 4436 GAB
1077 4372 1216 4453 probata
1244 4379 1318 4434 suut
1347 4364 1455 4454 aequal

160 4459 897 4543 ErpoutNBadBHsicGABadHAB.
940 4459 1441 4526 MoaoBNadBHsich’

162 4548 230 4623 HL,
254 4568 289 4612 ea
313 4549 398 4632 quod
419 4550 502 4613 NBP
520 4561 550 4616 et
564 4552 648 4615 HBL
670 4551 792 4616 similia
813 4551 984 4635 triaapala.
1023 4552 1112 4635 Erpa
1136 4549 1232 4613 etiam
1254 4557 1288 4613 ut
1311 4549 1367 4613 NP
1389 4546 1455 4613 adl

163 4640 211 4702 sia
235 4635 320 4702 GAB
343 4639 388 4702 ad
409 4638 506 4704 HAB.
554 4642 621 4706 Sed
650 4642 706 4705 NP
734 4651 764 4707 a
787 4641 852 4705 GM
880 4639 1038 4724 aequales.
1084 4641 1173 4723 Ergo
1205 4647 1241 4704 ut
1271 4637 1337 4703 GM
1367 4638 1413 4704 ad
1439 4637 1455 4701 l

166 4726 302 4792 altitudo
333 4728 392 4883 apd
408 4727 625 4808 adiaudiaem,
656 4734 704 4798 sic
734 4730 821 4797 ΗΑΒ
853 4751 931 4796 area
959 4732 1005 4796 ad
1032 4730 1119 4797 ΗΑΒ
1151 4749 1269 4797 aream
1319 4730 1417 4811 Quod
1442 4748 1455 4799 t

167 4820 347 4887 dertosam
391 4839 453 4883 ura
