3278 5550
241 280 283 351 64
655 285 755 337 Litsrse
774 285 878 351 Kepleri
896 285 1047 350 aliommque
1065 290 1165 335 mutuae

240 462 305 516 Sulis
322 467 522 535 majorem‘esse
550 464 647 520 asseris,
675 479 824 529 magnopere
843 466 923 515 mirer.
960 463 1031 524 Quae
1050 463 1081 514 de
1099 463 1264 528 parallaxibus
1292 462 1402 523 adducis,
1429 462 1469 512 vix
1499 466 1601 513 tantam

241 536 407 587 differentiam
425 537 584 592 excusabunt,
604 551 660 586 cum
678 551 728 585 non
746 537 778 585 sit
795 537 872 586 multo
889 538 969 598 major
987 549 1060 598 quam
1078 537 1105 584 in
1123 534 1188 585 Sole.

331 606 470 668 Quaeritur,
490 622 522 657 an
542 614 652 656 centrum
670 609 802 658 eccentrici
820 608 910 658 Martis
936 623 963 656 re
987 621 1046 656 vera
1069 608 1143 655 lixum
1168 608 1200 655 sit
1224 608 1249 656 in
1268 604 1326 655 Sole
1351 604 1389 655 vel
1416 606 1541 655 diversum
1570 607 1600 655 ab

241 694 271 729 eo
292 678 372 730 locum
391 678 504 730 habeat?
523 679 606 740 Tycho
625 680 729 741 primum
741 678 800 727 vult.
827 678 954 741 Quomodo
968 684 995 727 tu
1008 679 1141 733 existimas,
1160 677 1268 727 Martem
1286 678 1461 741 imaginarium
1473 677 1600 744 quoddam

240 756 358 814 punctum
384 757 453 802 motu
479 749 560 799 medio
587 751 723 813 respicere,
753 751 772 798 si
792 751 824 800 ad
852 751 959 800 medium
978 756 1070 798 motum
1089 750 1130 798 ille
1152 743 1305 798 referretur?
1337 749 1410 799 Certe
1429 748 1472 798 Sol
1491 764 1542 798 uon
1562 755 1600 798 est

206 844 216 866 κ
242 823 415 888 imaginarium
440 828 557 886 punctum
577 828 706 872 ettamen
724 823 789 872 illius
812 829 892 871 meurs
911 828 940 870 ut
956 836 1027 870 verus
1046 822 1083 871 ita
1100 821 1195 870 medius
1214 815 1405 872 consideratur?
1437 819 1464 870 Si
1484 826 1618 887 centru-

240 895 372 944 eceentrici
398 893 554 957 planetarum
581 908 630 942 uon
651 900 690 942 est
706 896 732 942 in
751 892 825 950 Sole,
854 900 913 943 tunc
940 892 1084 942 latitudines
1112 892 1271 941 mutabuntur
1299 905 1402 942 accessu
1430 892 1470 942 vel
1498 902 1601 945 recesn

240 964 368 1029 eclipticas
393 964 425 1014 ad
443 965 538 1013 illorum
556 965 667 1027 periodos
686 965 748 1014 fixas
767 970 792 1014 et
809 980 858 1014 uno
876 964 930 1014 loco
949 978 1078 1027 perennes.

330 1036 473 1096 Quaeritur,
492 1051 534 1085 cur
554 1036 642 1099 duplex
660 1037 685 1084 in
702 1035 808 1100 planetis
827 1037 980 1085 eecentricus
999 1043 1025 1085 et
1043 1049 1107 1099 quae
1125 1048 1211 1090 causa,
1230 1033 1366 1097 quoduna
1383 1035 1489 1097 simplici
1508 1048 1597 1084 eccen—

240 1107 349 1157 tricitate
368 1113 449 1156 metus
468 1107 581 1170 apsidum
600 1108 712 1158 excusari
731 1106 890 1172 conposuit?
903 1105 948 1156 dte.
976 1106 1049 1163 Vale,
1069 1106 1134 1171 Vige
1152 1112 1179 1154 et
1191 1105 1261 1154 Flere
1275 1105 1368 1155 Excell.
1382 1105 1415 1154 D.
1428 1106 1540 1170 Keplere
1553 1103 1597 1155 eo.

241 1177 373 1229 Dabuntur
390 1178 570 1230 Resterhariae
588 1180 614 1228 in
633 1177 675 1227 Or.
695 1180 774 1228 Frisia
791 1179 815 1228 d.
838 1178 860 1227 l.
880 1180 945 1242 Aug.
969 1175 1044 1225 ¹602.

329 1247 470 1313 (Inscriptio
482 1266 488 1297 z
508 1248 573 1298 Dem
592 1250 701 1299 Erbaren
721 1250 770 1299 und
783 1249 968 1315 Hochgelarten
982 1249 1062 1297 Herru
1075 1247 1110 1297 M.
1121 1248 1136 1298 J
1139 1282 1145 1294 .
1159 1248 1276 1311 Keplere.
1295 1247 1368 1297 Kais.
1382 1242 1443 1309 Maj.
1465 1248 1596 1297 bestellteu

240 1319 431 1371 Mathematicc.
468 1320 578 1370 Meiuem
596 1321 763 1388 vilgunstigen
782 1322 862 1371 Herm
882 1320 933 1369 und
951 1321 1072 1370 Freunde.
1093 1320 1131 1368 Zu
1143 1319 1218 1384 Prag.
1236 1319 1266 1367 lu
1285 1319 1329 1369 des
1347 1320 1427 1369 Herm
1440 1336 1462 1366 r.
1479 1319 1594 1369 Lichten·

240 1392 317 1441 ateius
330 1392 415 1442 Hauss
433 1393 478 1440 auf
494 1392 550 1441 dem
562 1392 653 1442 Retaiu
672 1408 703 1443 zu
722 1393 849 1443 erkunden
867 1393 925 1441 oder
944 1394 1032 1457 gewiss
1050 1393 1076 1440 in
1096 1391 1138 1441 der
1157 1390 1224 1440 alten
1238 1391 1312 1441 Stadt
1330 1392 1355 1440 iu
1375 1391 1419 1440 der
1437 1391 1595 1456 Zeltergasse

240 1476 296 1511 rum
316 1463 408 1529 guidon
426 1463 556 1513 flirschen.
594 1464 642 1514 Mit
660 1464 737 1514 Fleiss
755 1480 785 1513 zu
804 1460 945 1524 bestelleu.)

281 1564 285 1570 ’
327 1550 465 1614 Responsio
483 1552 638 1617 Kepleri,
665 1544 848 1617 prima'eamm
876 1565 937 1616 quas
957 1552 1074 1602 exhibent
1097 1552 1282 1615 manuscripta,
1310 1550 1372 1602 data
1390 1556 1429 1601 ert
1446 1550 1472 1600 d.
1494 1548 1517 1599 l.
1539 1549 1592 1601 Oct

245 1618 322 1671 1602.
360 1620 459 1688 (comp.
479 1624 535 1673 Vol.
554 1624 575 1682 1,
593 1639 617 1689 p.
638 1621 711 1687 306.)
748 1624 790 1675 Sic
809 1625 931 1674 exorditur
949 1624 1087 1687 Keplerus:

295 1822 297 1828 ¹
334 1796 478 1882 Quisquis
494 1801 609 1888 illusit,
634 1803 681 1864 cui
697 1802 801 1864 literas
820 1802 1046 1887 commendasti,
1066 1800 1238 1862 doctissime
1259 1797 1387 1872 Fabrici,
1408 1796 1592 1877 negligenter

245 1887 314 1950 illas
338 1890 463 1953 curavit.
510 1883 672 1952 Audieram
698 1912 734 1953 err
758 1893 937 1954 haeredibus
960 1890 1144 1963 Braheanis‚
1174 1889 1239 1968 jam
1271 1888 1385 1967 pridem
1417 1886 1591 1950 fasciculum
1630 1920 1635 1947 ς

246 1976 399 2039 literarum
423 1979 460 2040 ad
485 2000 531 2040 me
554 1981 755 2060 spectantium
778 1981 808 2041 in
832 2000 902 2042 suas
926 1981 1018 2041 aedes
1042 1981 1190 2045 delatum,
1222 1977 1275 2038 sed
1300 1976 1488 2056 repudiatum
1511 1999 1529 2038 a
1551 1997 1591 2050 se,
1631 2004 1635 2041 t

244 2066 322 2146 qued
347 2068 513 2141 nescirent,
546 2071 702 2131 conclusas
736 2089 803 2131 esse
832 2080 862 2130 et
892 2069 1009 2150 aliquas
1033 2068 1128 2130 adse
1152 2067 1277 2128 missas:
1310 2066 1500 2127 tabellarium
1525 2085 1591 2127 vere
1631 2100 1635 2129 3

239 2173 366 2234 negasse
390 2165 453 2218 tam
477 2159 596 2236 longum
619 2157 677 2219 iter
702 2159 853 2220 literarum
877 2179 969 2220 causa
991 2158 1108 2238 ingredi
1128 2159 1214 2229 (nam
1229 2155 1259 2216 iu
1275 2164 1411 2216 extrema
1427 2155 1489 2215 fere
1503 2163 1591 2233 parte
1632 2184 1635 2210 ι

239 2262 334 2304 novae
359 2245 440 2307 urbis
463 2246 592 2321 habito),
618 2247 681 2308 fere
705 2257 737 2308 ut
761 2247 810 2329 qui
835 2247 938 2309 literas
962 2255 1089 2328 quaerat
1112 2246 1191 2306 ultro
1216 2244 1311 2304 adse
1336 2244 1446 2305 veniat.
1486 2242 1592 2315 Quae·
1633 2275 1635 2287 ·

239 2330 298 2395 sivi
329 2331 397 2396 illas
429 2353 483 2414 per
511 2332 530 2399 3
562 2335 759 2416 septimanas,
786 2336 908 2416 ignarus
939 2337 1015 2397 unde
1040 2342 1152 2398 essent.
1200 2333 1334 2395 Tandem
1365 2332 1489 2394 fortuito
1521 2332 1593 2397 mihi

238 2420 358 2501 ignotus
381 2423 468 2488 home
493 2425 622 2487 occurrit
641 2435 672 2487 et
694 2435 792 2488 utrum
807 2425 931 2505 Kepleri
946 2425 1017 2487 mihi
1033 2444 1138 2486 nomen
1153 2424 1195 2485 sit
1213 2429 1418 2502 percontatus,
1443 2422 1483 2483 ad
1502 2424 1594 2485 aedes

239 2529 286 2571 me
300 2511 528 2593 Archiepiscopi
552 2514 684 2591 ablegat,
710 2515 760 2577 ubi
783 2516 909 2576 latuere.
925 2513 1138 2576 -Exordiris
1162 2511 1285 2574 animio
1301 2530 1375 2572 meo
1400 2529 1513 2585 amore,
1539 2529 1593 2592 que

239 2599 359 2661 nemine
382 2601 437 2681 tibi
461 2602 577 2682 gratias
602 2621 669 2683 ago.
716 2605 758 2666 Et
781 2624 846 2666 cum
869 2605 998 2684 plurima
1020 2603 1050 2665 in
1081 2602 1178 2665 literis
1210 2606 1388 2680 sequantur,
1421 2599 1451 2660 in
1486 2598 1593 2681 quibus

239 2707 328 2750 ame
353 2688 514 2753 dissentire
548 2692 637 2766 dicis,
666 2695 767 2755 nescio
801 2694 947 2774 quomode
978 2702 1008 2754 te
1033 2692 1237 2771 disputantem
1261 2709 1327 2750 cum
1351 2689 1495 2750 laudante
1520 2709 1592 2755 ceu-

237 2776 336 2839 ciliem
360 2779 459 2855 aliter,
483 2781 540 2843 uisi
565 2782 643 2861 quod
667 2783 806 2845 conflictu
830 2783 976 2862 fulgorem
1000 2781 1138 2843 veritatis
1162 2781 1270 2842 elicere
1302 2787 1332 2838 te
1354 2797 1444 2857 posse
1477 2798 1588 2858 speres.

241 2864 343 2938 Quare
367 2868 423 2929 hoc
447 2888 504 2948 age
527 2870 567 2931 mi
591 2870 725 2942 Fabrici,
756 2872 891 2949 disputes
924 2871 954 2931 iu
983 2877 1154 2950 posterum,
1178 2888 1235 2930 uon
1258 2886 1391 2946 perores.
1438 2867 1520 2929 Nam
1542 2867 1590 2931 iila

243 2955 359 3017 ratione
383 2956 469 3018 nobis
492 2959 550 3038 ipsi
573 2959 786 3037 profuerimus,
812 2960 869 3021 hac
893 2960 1029 3021 nocueris
1052 2957 1134 3019 mihi.
1181 2958 1250 3031 Non
1274 2956 1352 3018 enim
1376 2957 1523 3019 fovendus
1547 2964 1592 3018 est

240 3060 326 3113 amur
350 3044 405 3114 sui,
429 3045 483 3106 scd
506 3046 585 3108 omni
609 3054 734 3109 externa
758 3056 789 3108 et
811 3048 929 3109 interna
951 3047 981 3109 vi
1005 3046 1254 3127 pessumdandus.

328 3132 375 3194 De
385 3134 501 3212 patriae
512 3144 582 3196 tuae
593 3141 676 3196 statu
687 3136 735 3196 hic
745 3136 943 3197 inaudivimus
965 3142 1009 3206 (ΙΙ,
1030 3140 1112 3203 751.).
1133 3136 1217 3198 Deus
1227 3135 1351 3196 meliora
1361 3151 1427 3196 mee
1438 3133 1592 3197 Fabricio!

240 3220 356 3283 Malum
371 3241 455 3283 omen
470 3224 566 3303 pestis
581 3224 669 3286 simul
685 3234 716 3286 et
729 3224 870 3298 rebellio;
894 3235 993 3287 metuo
1008 3225 1156 3303 graviora.
1196 3225 1238 3286 Te
1257 3232 1357 3285 tamen
1373 3230 1426 3284 tua
1443 3223 1592 3301 professio

233 3309 318 3390 apud
331 3310 409 3372 hunc
428 3310 545 3374 hostem
564 3332 622 3374 non
641 3314 737 3375 minus
757 3313 799 3374 uti
815 3333 902 3395 spero
917 3314 1074 3390 tutabitur,
1092 3333 1180 3394 quam
1199 3314 1275 3394 apud
1296 3311 1469 3392 principem.
1508 3311 1592 3374 Deus

238 3416 309 3461 vero
333 3408 363 3460 te
388 3409 513 3483 tuosque
538 3401 576 3463 ab
600 3402 706 3465 infreni
729 3403 856 3465 militurn
879 3403 1083 3491 gregariomm
1107 3401 1229 3465 licentia
1252 3402 1413 3464 clementer
1437 3408 1570 3464 tueatur.

327 3505 385 3557 Jam
398 3506 521 3573 Keplerus
542 3509 707 3568 „offensiones
726 3525 782 3560 cum
793 3509 963 3576 Tengusglio“
984 3511 1045 3568 adit,
1065 3525 1127 3575 quas
1144 3524 1218 3573 supra
1237 3505 1272 3572 (p.
1290 3504 1342 3570 12.)
1361 3507 1471 3564 diximus,
1493 3507 1591 3568 deinde,

237 3585 388 3651 interpositis
402 3587 609 3652 disquisimuibns
622 3591 775 3655 astrologicis
787 3589 821 3653 (l,
832 3588 904 3650 308.)
913 3593 1010 3657 pergit:
1035 3582 1166 3652 Miraris,
1181 3600 1218 3642 ex
1232 3577 1253 3641 l
1268 3578 1454 3660 acrouychiis
1469 3580 1590 3658 prodire

236 3668 363 3729 eandem
387 3687 505 3747 semper
528 3672 856 3747 commensurationem,
880 3680 912 3733 et
934 3692 1001 3734 eam
1024 3678 1124 3733 tamen
1144 3671 1253 3732 falsam
1271 3688 1326 3730 uec
1341 3668 1370 3728 in
1384 3668 1590 3747 parallaxibus

238 3763 352 3837 aptam.
400 3755 531 3819 Causam
555 3758 667 3821 dicam:
702 3761 806 3823 statim
838 3769 909 3840 post
938 3778 1107 3842 apogaeum
1133 3759 1264 3821 maxima
1288 3766 1335 3818 est
1358 3756 1528 3818 differentia
1552 3758 1591 3818 ad

135 3851 138 3858 '
237 3845 434 3929 aequationes
458 3845 541 3926 ipsas
563 3847 593 3908 in
618 3857 741 3929 utraque
765 3849 934 3932 hypothesi.
981 3847 1132 3930 Aequalis
1155 3867 1226 3910 vero
1250 3847 1317 3926 ipsa
1344 3865 1453 3926 parva,
1478 3846 1590 3911 nedum

238 3933 496 4005 differentiatati).
537 3936 674 3998 Proxime
698 3957 768 4001 vere
793 3947 863 4001 ante
886 3939 1102 4019 longitudinem
1130 3937 1259 3999 mediam
1287 3934 1419 3996 vicissim
1447 3936 1589 4016 aequatio

242 4040 353 4102 magna
376 4023 503 4103 quidem,
527 4026 581 4087 sed
603 4025 787 4090 insensibilis
806 4029 837 4090 in
861 4036 987 4108 utraque
1017 4027 1177 4110 hypothesi
1201 4024 1379 4088 differentia.
1423 4022 1512 4085 Circa
1526 4019 1590 4087 45ο

238 4112 442 4174 tautummodo
465 4114 620 4176 variantur
643 4117 838 4196 aequationes
861 4136 915 4196 per
937 4116 1072 4179 variatas
1095 4112 1279 4198 hypotheses
1302 4136 1321 4175 a
1344 4112 1470 4194 simplici
1493 4132 1588 4194 usque

238 4199 276 4261 ad
299 4200 488 4265 rationem2
521 4204 689 4283 aequalium
721 4207 921 4287 parallaxium
944 4214 976 4267 et
1005 4205 1173 4286 aequastis.
1220 4206 1326 4289 ltaque
1357 4202 1591 4274 succurrendum

238 4288 297 4353 illis
320 4289 352 4351 iu
374 4283 452 4366 45⁰3
484 4312 552 4355 nam
575 4311 628 4372 per
651 4295 874 4375 usurpationem
898 4294 1044 4374 simplicis
1067 4293 1373 4375 prosthaphaereseos
1406 4291 1495 4353 nimis
1527 4291 1590 4354 illic

239 4396 365 4458 magnae
390 4381 520 4443 evadunt
543 4383 748 4462 aequationes.
794 4383 934 4450 Demisso
959 4392 1061 4446 centro
1086 4383 1244 4446 eccentrici
1274 4382 1378 4443 eloco
1401 4379 1509 4460 priori,
1540 4381 1592 4461 qui

238 4476 361 4529 maneat
383 4477 517 4532 centrum
540 4473 708 4551 aequantia,
729 4473 804 4535 fiunt
818 4473 887 4534 illae
902 4473 1031 4553 majores
1050 4472 1206 4553 paulatim.
1244 4471 1374 4533 Tantum
1392 4469 1470 4531 enim
1485 4477 1591 4549 petest

240 4555 271 4617 id
303 4564 438 4620 centrum
470 4559 603 4634 demitti,
637 4562 731 4624 donec
763 4581 959 4642 assequamur
986 4563 1101 4642 justum
1128 4560 1278 4623 modulum
1308 4559 1519 4640 aequationem
1551 4578 1590 4620 ex

239 4664 413 4728 quacunque
434 4649 710 4729 presthaphaeresi.
755 4652 841 4713 Hunc
874 4651 955 4713 circa
982 4648 1053 4727 45⁰,
1084 4650 1133 4713 ubi
1160 4650 1289 4712 variatio
1317 4649 1461 4723 maxima,
1495 4649 1591 4711 talem

241 4733 395 4816 eligemus,
419 4745 453 4798 ut
476 4756 579 4799 omnes
602 4739 784 4822 hypotheses
808 4741 986 4802 conveniant
1009 4740 1039 4802 in
1063 4739 1248 4818 longitudine
1271 4739 1370 4801 media
1402 4745 1492 4818 utque
1515 4738 1588 4817 pla·

239 4831 327 4887 netas
345 4825 460 4906 justum
484 4827 580 4889 locum
603 4829 846 4910 expresserimus.
892 4827 995 4901 Quare
1019 4830 1046 4892 si
1064 4827 1200 4892 deviabit
1221 4828 1327 4904 adhuc,
1351 4826 1483 4890 deviatio
1506 4827 1591 4891 circa
