3278 5550
394 1138 396 1151 ·
458 1102 495 1167 P.
520 1102 656 1167 Remus
685 1101 864 1167 Scholaram
890 1101 1175 1167 Mathematicarum

671 1192 722 1255 lib.
747 1192 788 1255 11.
812 1210 882 1273 pag.
908 1188 961 1257 50.

229 1315 400 1366 Commeatum
428 1318 504 1381 igitur
529 1315 701 1380 hypothesium
728 1316 860 1366 absurdum
888 1322 940 1366 est:
968 1315 1013 1365 sed
1043 1320 1129 1371 tamen
1155 1317 1321 1363 commentum
1338 1313 1366 1363 iu
1383 1312 1491 1373 Eudoxo.

140 1389 281 1444 Aristotele.
310 1387 424 1451 Callippo
456 1387 604 1451 simplicius,
632 1390 675 1453 qui
699 1402 770 1439 veras
796 1387 945 1453 hypotheses
971 1378 1085 1437 arbitrati
1112 1389 1183 1434 sunt:
1211 1385 1259 1433 imo
1287 1391 1408 1450 tanquam
1425 1384 1493 1437 Desa

139 1449 286 1527 ἆνασιρων
304 1460 399 1508 orbium
417 1465 475 1507 sunt
500 1460 619 1509 venerati.
657 1460 692 1507 At
708 1460 735 1508 in
752 1462 857 1522 posterla
873 1458 959 1509 lahnla
976 1462 1015 1508 eet
1032 1457 1105 1523 longe
1123 1455 1315 1513 absurdissima,
1343 1457 1494 1509 naturalius

138 1545 219 1581 rernm
237 1533 367 1580 vamtatem
376 1530 429 1593 per
447 1530 524 1579 taleae
542 1518 631 1580 cau'aas
650 1530 827 1581 demonstrare.
864 1528 1020 1594 Quapropter
1045 1528 1128 1593 logica
1154 1529 1266 1590 primum,
1286 1526 1378 1581 deiude
1395 1528 1492 1580 math*

136 1604 239 1657 metica,
261 1600 479 1651 arithmeticae-ct
496 1604 647 1666 geometriae
673 1602 799 1652 clementa
817 1601 850 1651 ad
869 1601 1036 1665 amplissimae
1061 1600 1121 1649 artie
1145 1600 1279 1663 puritatem
1297 1606 1324 1648 et
1342 1598 1491 1666 intacq

137 1672 337 1725 comanensium
354 1672 492 1737 adjumenti
509 1673 639 1736 plurimum
656 1674 791 1725 censerent
816 1675 898 1737 atque
916 1675 1012 1723 utinam
1028 1669 1178 1735 Caper-nicus
1194 1673 1222 1721 iu
1240 1672 1315 1721 istam
1326 1670 1492 1749 haologiaa‘

136 1747 191 1799 sine
211 1740 389 1809 hypothesibus
415 1744 605 1795 constituendae
630 1746 808 1811 cogitationem
832 1746 914 1809 potins
940 1742 1101 1795 incubuisset
1138 1738 1226 1809 Longe
1253 1744 1321 1807 enim
1348 1742 1448 1795 lucillae
1463 1756 1491 1795 ss

136 1815 232 1872 luisset,
253 1814 412 1881 astrologiam
432 1820 552 1864 astromm
570 1830 668 1865 snorum
686 1816 785 1865 vedasti
808 1814 997 1880 respondentem
1016 1812 1162 1869 descnhere.
1181 1826 1256 1879 quam
1273 1814 1388 1879 gigantei
1408 1816 1486 1879 alu·

136 1886 194 1937 dam
212 1887 317 1937 laboris.
330 1887 409 1936 instar
426 1887 528 1936 Terram
547 1900 653 1943 moyere,
672 1893 701 1935 nt
719 1887 752 1936 ad
769 1886 862 1937 'l'errae
880 1893 974 1936 motum
992 1887 1089 1951 quietas
1107 1884 1193 1934 stellas
1211 1884 1403 1948 specularemur.
1419 1884 1488 1948 ,Quia

135 1959 218 2021 potius
236 1973 251 2008 e
268 1964 307 2007 tot
323 1958 444 2008 nobilibus
463 1958 613 2007 Germaniae
631 1958 721 2008 scholis
739 1961 850 2008 exoriare
868 1958 1034 2022 philosophus.
1054 1957 1119 2006 idem
1137 1962 1163 2005 et
1180 1956 1372 2007 mamematicm
1391 1956 1487 2022 aliquia

135 2031 177 2093 qui
194 2031 302 2093 positam
320 2032 346 2078 in
364 2030 445 2079 medio
470 2032 636 2093 sempiternae
658 2027 739 2079 landis
761 2029 871 2092 palmam
895 2043 1036 2094 assequare.
1071 2030 1110 2077 Ac
1128 2028 1149 2077 si
1167 2029 1221 2093 quis
1239 2026 1352 2079 caducae
1368 2029 1485 2079 utilite&

134 2100 229 2151 tructus
247 2107 335 2151 tantae
353 2102 450 2150 vinctis
470 2103 579 2165 praemio
598 2101 699 2164 proponi
717 2101 803 2164 possit,
824 2102 920 2167 regiam
937 2100 1055 2151 Lutetiae
1081 2098 1255 2162 prolessiousm
1272 2101 1412 2163 praemium
1429 2114 1486 2151 eta·

98 2234 102 2243 ¹
134 2171 256 2223 formatae
281 2172 373 2238 absque
401 2171 575 2236 hypothesibus
603 2170 753 2237 asuologise
771 2172 817 2221 tihi
835 2171 977 2236 spendeh03
1006 2172 1163 2236 sponsionem
1180 2170 1246 2221 hanc
1271 2162 1387 2236 equitem
1404 2171 1518 2235 lah-q·

134 2244 230 2295 tlaalme
248 2243 288 2294 rel
306 2250 405 2295 nostrae
424 2244 580 2308 professionis
599 2244 710 2294 cessione
728 2243 868 2308 praestabo.

673 2421 792 2484 Auctor
814 2420 941 2497 Remo.

221 2544 400 2602 Commodum.
427 2545 536 2603 Reme,
554 2544 721 2595 vadimonium
739 2544 787 2595 hoc
806 2545 954 2602 deseruisti,
973 2546 1026 2595 rita
1043 2543 1167 2609 ‹lipresrns
1185 2549 1212 2594 et
1228 2542 1396 2609 promnione:
1415 2492 1518 2610 qa·⁸

131 2619 154 2667 ei
172 2622 199 2667 ιιι
217 2633 282 2668 nunc
301 2620 429 2675 retineres,
449 2615 509 2665 mihi
528 2616 626 2681 quidem
646 2614 713 2666 illam
732 2631 779 2681 ego
795 2619 850 2679 jure
869 2631 924 2667 mco
942 2615 1110 2671 vindicarem
1128 2614 1193 2681 quod
1205 2614 1254 2666 hoo
1266 2613 1357 2679 Opere,
1376 2615 1419 2666 rel
1436 2618 1490 2683 ipsa

132 2694 177 2741 tua
195 2689 278 2773 logicep
294 2689 385 2751 jndice.
405 2689 554 2753 perr-ineam.
574 2688 631 2736 ·'lu
648 2687 720 2736 modo
744 2687 856 2738 subsidia
879 2702 970 2754 rogans
993 2686 1160 2750 amplissimae
1185 2687 1307 2738 scientiae
1325 2700 1343 2737 a
1359 2686 1448 2753 logica
1463 2692 1489 2739 at

131 2759 319 2819 mathematica,
338 2776 370 2811 ne
389 2774 481 2825 quaeso
500 2759 633 2808 excluseris
656 2758 801 2821 adjumenta
819 2758 930 2823 physica,
952 2758 1040 2824 qulbus
1058 2757 1102 2808 illa
1119 2770 1204 2809 carere
1221 2771 1378 2824 nequaquam
1395 2765 1487 2824 pausa

131 2828 165 2880 Et
182 2833 207 2880 ni
228 2830 300 2881 lallor
324 2832 424 2882 facilem
441 2837 468 2879 te
486 2830 545 2879 das:
573 2832 662 2894 qnippe
685 2832 726 2895 qui
745 2831 918 2880 conformatcrr'
942 2836 984 2880 tno
1010 2836 1108 2894 praeter
1131 2829 1288 2881 mathemata
1311 2831 1390 2880 etiarn
1408 2830 1487 2896 philo·

129 2902 242 2967 sophiam
261 2904 417 2965 circumlinis.
449 2901 544 2950 Eadem
562 2902 638 2966 igitur
655 2899 777 2951 facilitate
795 2899 974 2965 philosophiam
986 2903 1041 2964 ipse
1055 2903 1132 2951 etiam
1151 2901 1218 2959 andi,
1238 2915 1289 2951 rem
1307 2900 1380 2967 rulpo
1401 2902 1487 2954 aean·

129 2972 265 3032 maalmam,
284 2988 334 3022 non
352 2976 471 3038 giganteo
490 2978 598 3029 conatu,
616 2972 660 3021 aed
679 2973 778 3035 apamia
800 2973 937 3022 rationibus
961 2972 1151 3023 defendentem:
1170 2972 1237 3038 qnod
1253 2987 1310 3024 cnm
1329 2974 1399 3039 agit.
1426 2972 1488 3025 nilsll

128 3059 218 3095 norum
237 3045 299 3109 agit,
318 3044 379 3094 nihil
398 3043 514 3103 insolens,
534 3043 578 3092 sed
596 3042 676 3092 officio
695 3042 806 3107 iungitur
824 3043 854 3092 oh
872 3040 939 3107 qnod
955 3045 1057 3094 inventa
1075 3049 1121 3093 est.

216 3115 313 3165 Fabula
331 3121 369 3164 est
388 3115 571 3175 absurdissima,
590 3114 683 3171 fateor,
702 3113 831 3164 naturalia
848 3129 892 3179 per
908 3115 987 3167 ialam
1010 3115 1179 3167 demonstrare
1204 3125 1309 3165 samaa:
1336 3115 1486 3167 natabula
1511 3124 1514 3133 ·

127 3185 192 3237 haec
211 3201 261 3236 non
282 3189 364 3235 estin
383 3185 533 3250 Coparnico:
561 3187 651 3250 qnippe
669 3186 710 3251 qui
736 3198 808 3235 resae
826 3193 852 3236 et
870 3188 923 3251 ipse
941 3188 1074 3239 arhiaatns
1103 3193 1141 3237 est
1158 3185 1306 3251 hypotheses
1333 3200 1408 3246 suas.
1436 3202 1486 3239 aea

128 3259 209 3307 minus
227 3270 302 3322 qnam
321 3257 356 3307 illi
374 3260 411 3307 tui
430 3265 525 3308 veteres
552 3269 626 3307 suaa:
655 3270 737 3321 neque
763 3261 862 3307 tantem
880 3264 919 3309 est
943 3259 1090 3316 ullarum,
1118 3258 1162 3308 sed
1180 3264 1207 3308 et
1224 3257 1377 3310 amesseae
1394 3272 1485 3317 reseas

130 3334 220 3379 testem
239 3329 270 3378 dc
287 3328 334 3379 hoc
353 3328 430 3393 Opus.

216 3399 276 3449 Vin’
295 3406 323 3450 tn
341 3415 397 3451 cero
420 3402 482 3451 scire
510 3398 609 3451 tabulae
631 3398 720 3462 halus,
747 3400 787 3450 cul
811 3404 941 3465 tantopere
969 3403 1099 3461 irasceris,
1127 3393 1314 3452 uohitectuml
1341 3400 1484 3453 Anrlress

129 3469 298 3523 Osiander
316 3479 451 3523 annotatus
470 3479 508 3522 est
525 3473 552 3520 in
569 3485 625 3520 meo
644 3471 786 3537 exemplari.
806 3486 882 3522 mann
900 3470 1046 3536 Hieronymi
1064 3470 1196 3524 Schreiher
1213 3471 1411 3538 Noriberpensis.
1435 3473 1485 3525 Ele

129 3544 205 3607 igitur
222 3543 341 3595 Andreas
354 3559 409 3595 cnm
429 3544 532 3593 editioni
551 3541 682 3606 Copernici
706 3550 847 3608 praeesset.
873 3545 1053 3609 praelationem
1071 3544 1155 3601 illam,
1178 3556 1251 3608 quam
1269 3549 1297 3593 ta
1315 3543 1378 3595 (licia
1397 3544 1483 3596 waar-

130 3613 266 3673 diesim,
285 3616 338 3679 ipse
357 3612 488 3680 (quantum
507 3629 537 3664 cx
549 3616 603 3676 elus
621 3613 698 3663 literis
712 3614 745 3664 acl
758 3613 922 3679 (lopemicum
940 3615 1022 3680 colligi
1034 3612 1127 3679 potest)
1146 3616 1243 3665 censuit
1257 3614 1484 3678 prudentissimam,

130 3688 212 3749 posuit
230 3688 256 3736 in
274 3687 424 3752 frontispicio
451 3687 524 3744 libri,
553 3684 715 3749 Cepernicoi
745 3692 824 3735 eant
845 3689 899 3749 jam
917 3694 1011 3736 mortno
1035 3693 1080 3736 ant
1107 3691 1174 3737 certe
1200 3688 1296 3752 ignaro.
1332 3685 1390 3737 Non
1409 3688 1485 3755 igitur

129 3753 289 3879 {redoleres
308 3756 465 3889 fi3p0micm,
483 3758 529 3808 sed
541 3758 604 3808 serio
616 3768 694 3824 παρα
706 3700 866 3823 fffoloyes,
876 3758 932 3810 hoc
944 3764 982 3809 eet
997 3755 1159 3824 praecepa«,
1178 3756 1243 3823 qnod
1255 3763 1283 3807 tu
1298 3759 1324 3808 in
1342 3764 1485 3811 utrem

147 3831 182 3879 eei
200 3831 296 3879 arabas.
