3278 5550
616 292 703 354 ιιοειι
720 296 835 353 auena
1332 238 1401 391 459
1435 394 1438 404 Ι

97 504 100 529 ι
128 474 347 552 propinquitate.
390 480 459 544 Quid
489 481 574 553 igitur
603 482 736 557 impediti
776 481 852 534 Nihil
882 488 912 534 tu
941 484 1020 548 potes
1051 481 1204 534 ostendere.
1245 480 1307 552 Ego
1337 481 1399 552 quid

97 560 184 616 eeliat
203 563 355 626 ostendam,
377 564 425 615 sed
453 561 534 617 simul
554 567 583 616 et
602 563 781 632 respondebo.
825 562 1008 629 Quodcunque
1037 559 1213 631 materiatum
1242 576 1340 630 corpus
1370 578 1400 613 se

97 658 108 697 e
126 648 228 713 aptum
248 648 342 696 natum
357 652 402 696 est
421 641 570 714 quiescens,
591 659 750 712 quecunque
771 644 831 696 loco
844 642 995 710 reponitur.
1030 639 1100 695 Nam
1120 639 1196 710 quies
1216 648 1248 694 ut
1267 642 1400 694 tenebrae

97 722 170 777 ratio
191 723 326 793 quaedam
347 730 404 786 est,
437 741 491 777 non
512 723 637 794 indigens
657 722 809 785 creatione,
833 723 884 776 ‘sed
904 719 1004 775 creatis
1033 720 1201 782 adhaerens,
1232 727 1265 773 ut
1284 720 1399 774 nullitas

97 816 159 873 με
182 809 271 858 motus
291 802 409 857 vicissim
429 811 473 857 est
493 803 639 873 positivum
659 803 798 873 quippiam
819 810 848 855 ut
871 802 929 856 lux.
972 800 1068 870 ltaque
1089 799 1112 852 si
1132 799 1205 869 lapis
1226 800 1286 853 loco
1308 817 1399 854 mave-

97 922 106 946 .
137 881 168 937 id
188 900 242 938 uon
263 882 331 937 facit
359 891 391 937 ut
410 884 586 938 materiatum
607 883 760 954 quippiam,
790 884 837 936 aed
864 890 897 936 ut
923 882 969 935 vel
990 878 1161 934 extrinsecus
1191 880 1323 949 impulsus
1353 881 1400 934 vel

97 969 188 1017 actus
208 964 254 1017 vel
275 963 436 1018 intrinsecus
457 964 593 1019 facultate
614 965 731 1034 quadam
758 962 900 1033 praeditus
922 963 956 1017 ad
978 959 1079 1030 aliquid
1104 960 1278 1029 respiciente.
1319 962 1399 1016 Hanc

97 1048 142 1097 rnt
155 1043 328 1098 aristotelici
348 1051 529 1115 appetentem
543 1044 629 1098 centri
650 1043 750 1098 mnndi.
784 1044 872 1112 Nego,
896 1042 934 1095 sic
949 1042 1019 1095 enim
1040 1056 1105 1093 vere
1127 1039 1302 1109 impediretur
1322 1040 1399 1111 sequi

97 1139 150 1178 ne
171 1131 282 1179 motum.
314 1125 444 1187 Probent,
466 1125 530 1187 scio,
546 1125 640 1179 futiles
661 1125 779 1193 ipserum
794 1122 1020 1193 probationesab
1035 1120 1107 1190 ignis
1129 1132 1229 1174 natura
1248 1121 1396 1184 contraria,

97 1211 185 1283 eest
204 1204 303 1274 petitio
324 1205 457 1275 principii.
499 1207 570 1258 Nam
589 1204 663 1274 ignis
684 1220 738 1258 non
759 1203 832 1273 petit
851 1204 971 1263 eoelum,
1004 1202 1051 1255 sed
1077 1199 1150 1270 fugit
1171 1200 1292 1255 Terram.
1334 1200 1397 1255 Non

97 1283 121 1338 it
149 1292 274 1339 centrum
303 1285 408 1347 mundi,
440 1288 488 1339 sed
517 1286 620 1339 Terrae
647 1284 791 1339 materiam
821 1284 909 1355 fugit,
940 1290 973 1336 ιιι
1001 1281 1079 1350 cujus
1110 1280 1235 1333 crassitie
1265 1279 1397 1336 obruitur.

97 1381 122 1432 ,³0
142 1365 229 1420 aliter
249 1382 302 1436 ege
323 1365 420 1419 definio
441 1365 618 1436 gravitatem,
640 1381 689 1418 seu
711 1365 786 1418 illam
806 1365 872 1427 vim,
894 1379 965 1433 quae
986 1361 1134 1415 intrinsece
1155 1367 1247 1412 movet
1266 1361 1395 1431 lapidem,

118 1445 306 1516 magneticam
327 1452 567 1517 coagmentantem
588 1444 695 1507 similia,
718 1440 792 1515 quee'
805 1446 900 1499 eadem
921 1458 1032 1496 numero
1047 1447 1091 1493 est
1105 1439 1132 1493 in
1146 1456 1246 1510 magno
1261 1448 1291 1494 et
1312 1448 1397 1511 parvo

97 1540 170 1595 pore,
193 1532 223 1579 et
236 1525 365 1579 dividitur
379 1543 429 1595 per
449 1527 533 1580 moles
548 1541 692 1594 corporum
712 1524 866 1594 accipitque
881 1523 1061 1577 dimensiones
1077 1516 1187 1574 easdem
1201 1530 1395 1590 cum‘ccrpore.

97 1621 144 1677 pre
165 1605 190 1658 si
219 1605 290 1675 lapis
312 1605 411 1675 aliquus
439 1612 514 1660 esset
538 1623 610 1676 pone
631 1607 744 1659 Terram
764 1604 870 1674 positus
899 1604 926 1657 in
954 1600 1071 1657 notabili
1096 1600 1192 1669 aliqua
1219 1602 1396 1671 proportione

97 1684 243 1756 gnitudime
265 1687 299 1756 ad
321 1687 418 1741 molem
438 1685 565 1749 Telluris,
588 1693 618 1739 et
637 1701 717 1739 casus
739 1687 860 1747 daretur,
880 1691 1025 1754 utrumque
1048 1681 1162 1734 liberum
1184 1695 1246 1733 esse
1267 1683 1303 1735 ab
1325 1680 1395 1735 omni

97 1785 101 1815 ι
119 1773 212 1825 ιιιειιι.Ι
234 1772 300 1819 tunc
320 1783 374 1837 ego
395 1767 454 1820 dico
475 1767 604 1829 futurum,
627 1772 732 1820 utnon
752 1773 858 1819 tantum
880 1765 952 1834 lapis
974 1765 1009 1817 ad
1030 1763 1142 1816 Terram
1163 1767 1220 1823 eat,
1242 1763 1290 1815 sed
1311 1762 1395 1819 etlam
1481 1760 1486 1770 ⁸

97 1862 130 1901 ra
142 1848 180 1900 ad
199 1846 330 1915 lapidem,
352 1847 527 1917 dividuntque
547 1846 668 1917 spatium
689 1845 862 1914 interjectum
883 1845 910 1899 in
926 1859 1024 1899 eversa
1044 1839 1222 1913 proportione
1235 1845 1393 1912 ponderum,

97 1942 134 1996 [oe
154 1933 188 1980 nt
207 1929 233 1979 A
254 1928 288 1980 ad
310 1927 333 1979 B
354 1943 439 1983 causa
458 1926 552 1990 molis,
579 1927 618 1980 sic
638 1927 683 1980 Bc
707 1929 743 1980 ad
766 1927 820 1989 CA,
843 1931 873 1979 et
892 1925 912 1979 C
933 1926 1009 1979 locus
1030 1922 1077 1976 ubi
1181 1971 1226 2020 m·
1241 1967 1280 2013 m

97 2013 211 2077 genart,
233 2006 316 2075 plane
338 2022 374 2061 ea
393 2006 578 2077 proportione,
601 2023 655 2078 qua
675 2013 783 2060 statera
801 2006 897 2060 utitur.
937 2005 991 2060 Sed
1012 2020 1074 2058 ocn-
1280 2000 1287 2014 ‘

97 2085 125 2140 le
143 2088 219 2141 vela.
254 2086 331 2150 Dixi,
354 2087 376 2140 si
399 2103 416 2141 a
436 2087 528 2157 lapide
547 2103 689 2141 removeas
713 2086 801 2140 animo
823 2085 983 2141 facultatem
1001 2085 1077 2141 illam
1144 2107 1165 2153 ῃ
1268 2073 1343 2161 02⁸

97 2167 176 2238 pendi
197 2167 312 2230 similia,
340 2184 526 2221 remansuram
548 2167 576 2220 iu
597 2167 688 2236 lapide
709 2182 811 2220 meram
831 2165 1019 2235 impotentiam
1041 2166 1074 2218 ad
1142 2159 1171 2214 0
1273 2171 1283 2189 ·
1309 2130 1356 2222 O

97 2249 201 2302 landum
222 2247 318 2301 lucum.
360 2247 398 2301 Ut
418 2247 504 2318 igitur
523 2247 574 2300 illa
594 2253 783 2317 expugnetur,
805 2245 833 2299 vi
852 2253 883 2299 et
902 2245 1076 2300 contentione

97 2342 180 2382 rauca
201 2344 270 2396 opus
291 2334 343 2381 est.
377 2328 448 2381 Dum
463 2343 531 2398 ergo
544 2328 671 2399 fingimus
686 2327 803 2397 lapidem
818 2326 845 2380 in
867 2330 933 2379 aere
947 2328 1118 2394 pendentem,
1141 2338 1274 2393 negamus
1295 2323 1395 2379 civim

97 2406 232 2479 iungendi
246 2407 353 2469 similia,
368 2406 421 2461 boc
434 2414 477 2461 est
491 2407 668 2478 gravitatem,
683 2414 713 2460 et
726 2414 819 2460 tamen
832 2420 893 2459 eam
908 2405 961 2458 vim
975 2407 1077 2459 Terrae
1092 2403 1120 2457 in
1134 2403 1252 2472 lapidem
1264 2405 1393 2477 relinqui·

97 2502 127 2542 a·
149 2489 221 2542 Esto
242 2488 293 2541 hcc
307 2488 355 2550 ita,
370 2488 491 2558 quamvis
505 2505 535 2541 re
549 2504 616 2543 vera
629 2489 776 2540 absurdum
791 2486 834 2549 sit,
850 2487 1034 2540 tantummodo
1046 2493 1080 2539 ut
1092 2482 1171 2538 nobie
1185 2500 1264 2538 caseus
1279 2493 1394 2544 constet.

97 2566 170 2622 tebit
185 2566 271 2638 igitur
289 2570 424 2637 pendulus
445 2569 499 2622 iste
520 2567 590 2637 lapis
612 2568 701 2622 adhuc
720 2567 773 2620 vim
795 2566 949 2638 quiescendi
968 2565 997 2619 in
1017 2581 1066 2620 suo
1079 2566 1149 2629 loco,
1170 2579 1207 2619 ea
1226 2566 1395 2637 repugnabit

97 2648 141 2703 uti
156 2647 276 2701 Telluris
301 2648 523 2704 circumacturae.
557 2649 602 2702 Ex
623 2664 719 2719 pugna
736 2647 919 2702 materialium
939 2653 968 2700 et
986 2661 1176 2715 corporeamm
1194 2647 1394 2716 proprietatum

105 2728 264 2799 permixtio,
279 2735 311 2781 ut
325 2729 467 2798 quaelibet
479 2728 605 2782 vincatur
618 2735 648 2781 et
667 2728 761 2781 vincat
773 2728 826 2781 vim
841 2742 917 2781 suam
931 2742 1071 2796 corporum
1085 2725 1269 2796 proportione.
1295 2727 1393 2798 ltaque

97 2808 267 2883 revincitur,
289 2811 359 2879 quod
374 2808 430 2862 dixi
444 2824 487 2861 me
508 2807 695 2870 indicaturum,
717 2807 936 2877 impedimentum
951 2823 1057 2876 nempe,
1078 2822 1130 2876 quo
1151 2804 1238 2860 minus
1258 2808 1392 2876 pendulus

97 2889 201 2943 asmodi
221 2888 294 2957 lapis
315 2888 512 2958 perfectissime
527 2889 603 2959 sequi
616 2889 704 2958 possit
718 2887 932 2942 circularitatem
945 2887 1070 2944 Telluris.
1103 2890 1195 2958 Atque
1209 2886 1261 2941 boc
1280 2886 1392 2957 impedi·

97 2976 166 3024 stum
192 2974 236 3022 est
261 2968 437 3022 verissimum.
481 2969 572 3030 Quare
598 2968 658 3037 jam
683 2970 854 3022 destruamus
876 2983 968 3021 casum
994 2974 1117 3022 nostrum
1145 2965 1268 3020 fictitium
1287 2976 1319 3020 et
1336 2967 1393 3022 sint

97 3049 219 3103 alineae
234 3065 253 3102 a
266 3049 408 3117 superficie
429 3050 531 3103 Terrae
552 3048 579 3102 in
600 3048 717 3118 lapidem
739 3050 882 3102 tendentes
896 3065 950 3101 non
970 3053 1076 3101 tantum
1090 3054 1123 3101 ιιι
1141 3045 1239 3109 fulcra,
1260 3049 1308 3102 sed
1326 3064 1392 3102 rere

97 3131 167 3202 quod
187 3145 238 3199 per
258 3137 386 3183 naturam
406 3129 484 3182 nobis
505 3129 649 3192 indicatur,
672 3145 769 3198 nempe
789 3128 878 3183 instar
897 3144 1040 3182 nervorum
1061 3127 1281 3191 tenuissimomm,
1302 3127 1342 3182 cic
1361 3136 1393 3182 ιιι

97 3210 117 3265 is
139 3209 194 3263 iste
216 3208 254 3262 sit
276 3208 304 3262 in
325 3217 390 3283 actu
410 3211 555 3262 descensus
583 3211 618 3262 ad
645 3208 814 3278 superficiem
835 3219 865 3262 et
884 3216 1007 3265 centrum
1027 3209 1144 3264 Terrae:
1173 3207 1245 3272 dico',
1275 3215 1389 3279 propter

97 3307 118 3345 ic
146 3289 339 3359 impotentiam
359 3291 394 3342 ad
414 3297 516 3343 motum
537 3289 643 3343 omnino
663 3291 797 3353 futurum,
827 3296 859 3342 ut
884 3289 955 3358 lapis
985 3288 1029 3343 hic
1056 3289 1083 3343 in
1110 3291 1244 3352 descensu
1268 3288 1389 3344 nonnihil

97 3377 160 3425 ποι
180 3385 199 3422 a
219 3369 412 3440 perpendiculo
433 3388 469 3423 ex
491 3377 585 3424 centro
605 3372 706 3424 Terrae
736 3386 787 3440 per
807 3369 976 3438 superficiem
997 3368 1024 3423 in
1045 3376 1166 3424 centrum
1187 3368 1286 3438 lapidis
1307 3372 1388 3425 ducto

97 3448 134 3505 ric
149 3451 237 3504 Terra
257 3450 293 3503 ab
314 3466 414 3503 occasu
435 3449 462 3504 in
483 3457 572 3503 ortum
592 3456 683 3512 eunte,
705 3450 803 3520 lapidis
824 3449 1046 3519 perpendiculum
1066 3449 1202 3519 paulatim
1223 3449 1250 3503 in
1264 3450 1387 3505 occiden-

97 3546 119 3584 ιε
140 3529 295 3600 superficiei
315 3537 410 3599 partes
431 3529 570 3584 deveniet:
592 3548 641 3583 nec
662 3532 774 3584 Terram
795 3529 944 3583 omnimode
965 3536 1103 3600 sequetur,
1125 3531 1173 3582 sed
1193 3530 1229 3583 ab
1250 3546 1286 3583 ea
1305 3532 1388 3585 relin-

97 3614 156 3665 tur.
197 3611 293 3665 Habes
314 3626 440 3674 caluam,
471 3627 520 3663 cnr
539 3610 609 3679 lapis
630 3627 682 3664 non
704 3611 805 3665 debeat
833 3609 909 3680 sequi
930 3610 1061 3673 Terram,
1089 3609 1197 3680 qualem
1217 3616 1248 3664 tu
1268 3612 1303 3662 ad
1323 3619 1388 3669 tuae

97 3689 205 3745 tentiae
226 3690 454 3744 confirmationem
475 3707 529 3743 non
549 3691 664 3759 potuisti
685 3690 780 3746 dicere.
821 3689 894 3742 Audi
914 3706 986 3743 nunc
1007 3690 1177 3744 solutionem.
1211 3689 1312 3744 Verum
1333 3700 1385 3756 est,

98 3769 164 3842 apis
185 3771 302 3824 notabili
331 3771 477 3825 intervallo
498 3786 516 3823 a
536 3771 623 3825 Terra
642 3771 769 3832 distaret,
801 3771 859 3823 fore
886 3776 918 3823 ut
936 3769 990 3823 boc
1009 3771 1124 3825 accidat.
1161 3773 1205 3841 ,At
1228 3786 1299 3823 nunc
1323 3779 1389 3825 cunt

97 3858 101 3901 t
123 3850 257 3905 milliaria
278 3868 296 3904 a
316 3858 409 3904 centro
430 3853 465 3904 ad
486 3851 663 3920 superficiem,
685 3858 714 3904 et
733 3866 798 3903 vero
819 3851 897 3904 nulla
917 3850 975 3904 aris
996 3856 1051 3906 tam
1071 3852 1128 3905 alte
1147 3852 1240 3915 volat,
1261 3856 1294 3904 ut
1312 3851 1387 3906 dimi·

97 3948 116 3985 n
151 3931 232 3985 unius
259 3931 384 3985 milliaris
414 3930 489 3985 absit
517 3947 535 3984 a
563 3931 635 3992 solo;
666 3946 732 3984 sane
762 3929 827 4000 quia
853 3930 880 3985 in
908 3930 1021 3984 aethere
1048 3949 1102 3985 non
1127 3931 1216 4004 magis
1245 3937 1315 4002 apta
1337 3936 1388 3986 ¹'est

97 4028 157 4075 are,
187 4027 269 4082 quam
289 4028 338 4065 nos
359 4010 386 4064 ln
407 4016 486 4074 aere,
518 4028 597 4081 quam
617 4010 690 4080 lapis
711 4011 738 4064 in
759 4027 832 4080 aqua
851 4015 933 4079 aptus
954 4017 998 4064 est
1017 4018 1124 4067 natare.
1166 4011 1324 4068 Confessum
1343 4020 1389 4067 est

97 4108 154 4154 em,
186 4091 259 4145 aeria
280 4090 451 4145 altitudinem
472 4108 524 4144 non
546 4094 678 4145 excedere
699 4091 833 4145 dimidium
862 4089 995 4146 milliaris.
1035 4091 1074 4145 Ει
1099 4091 1190 4147 vidisti
1218 4099 1249 4146 tu
1268 4100 1387 4165 unquam

97 4173 167 4226 [dem
179 4172 226 4225 vel
239 4171 352 4243 globum
372 4177 454 4224 tanta
467 4170 612 4225 altitudine
626 4170 801 4234 decidentem,
824 4177 954 4241 quantum
968 4186 1032 4225 ares
1047 4180 1230 4244 assequuntur
1248 4173 1386 4228 rolandct

97 4270 121 4307 o
145 4257 207 4306 esto
226 4251 298 4321 lapis
315 4249 375 4319 jam
396 4251 567 4320 quantumvis
597 4251 758 4314 altissimus,
787 4251 833 4320 qui
862 4250 903 4304 bis
923 4249 1069 4306 millesima
1094 4260 1176 4324 parte
1200 4250 1386 4308 simidiametri

97 4331 167 4387 luris
189 4348 208 4386 a
226 4330 368 4402 superficie
390 4331 471 4394 absit,
493 4337 576 4402 atque
596 4332 619 4385 is
641 4338 725 4402 quota
744 4347 809 4401 pars
830 4338 873 4384 est
893 4328 1012 4400 corporis
1031 4333 1156 4399 Telluris,
1176 4331 1282 4403 atejus
1302 4334 1386 4405 perti·

97 4412 128 4468 ia
148 4411 306 4484 quiescendi
325 4413 441 4482 deroget
469 4410 565 4465 virtuti
586 4411 702 4465 Telluris
732 4412 767 4465 ad
795 4412 975 4465 movendum?
1015 4413 1086 4467 Inito
1115 4414 1249 4468 rationem
1277 4414 1385 4478 calculi,

97 4509 156 4565 pne
177 4491 327 4546 dinumera.
368 4492 473 4560 Nempe
493 4490 521 4544 in
543 4508 599 4545 una
619 4492 688 4545 hora
708 4494 741 4545 de
763 4493 872 4546 Tellure
893 4499 960 4545 eunt
980 4489 1036 4546 225
1055 4493 1186 4549 milliaria
1210 4494 1261 4548 sub
1282 4508 1385 4568 aequa·

97 4594 121 4638 ι,
144 4574 194 4627 red
214 4579 279 4626 sunt
306 4571 334 4626 in
354 4570 468 4625 aethere
489 4571 638 4640 composito
659 4579 733 4626 motu
758 4573 809 4626 sub
836 4578 984 4643 aequatore
1003 4571 1031 4625 in
1059 4573 1149 4628 media
1167 4579 1248 4629 nocte
1274 4577 1386 4631 millena

97 4653 180 4710 iaria
191 4651 362 4722 trajicienda,
385 4659 414 4705 et
433 4651 462 4704 in
475 4667 529 4704 uno
543 4653 669 4716 secundo,
691 4669 802 4722 quorum
826 4653 853 4705 in
867 4652 937 4721 hora
950 4659 1014 4705 sunt
1024 4651 1113 4718 3600,
1134 4670 1199 4725 pars
1216 4659 1272 4728 ml„
1287 4658 1332 4711 rel
1352 4658 1382 4727 ¹1,

97 4757 101 4784 ι
124 4731 207 4789 unius
229 4731 359 4787 milliaris.
401 4732 496 4801 ltaque
516 4737 602 4801 quota
621 4748 686 4801 pars
707 4739 751 4786 est
771 4732 842 4802 lapis
863 4734 1028 4801 decerpere
1049 4733 1175 4800 Telluris,
1197 4743 1278 4791 tanta
1297 4736 1383 4807 parti·

97 4831 109 4870 t
129 4815 167 4868 de
186 4812 262 4867 mille
281 4812 409 4884 passibus
430 4811 517 4866 deerit
536 4812 565 4866 in
584 4812 713 4883 qualibet
734 4811 925 4867 verberatione
945 4812 1040 4887 pulsus
1062 4812 1144 4886 (qnae
1171 4817 1283 4871 metitur
1300 4803 1383 4871 unum

97 4888 196 4949 cadum
216 4887 369 4963 temporis),
391 4909 444 4963 quo
464 4890 552 4947 minua
564 4891 643 4962 'lapis
656 4884 763 4955 recidat
780 4892 809 4947 in
828 4890 1066 4964 perpendiculum·
1077 4892 1149 4951 unde
1168 4884 1222 4952 fcit
1240 4895 1383 4969 perpendi·
