3278 5550
141 280 209 351 364
629 278 668 333 Do
685 278 794 332 Motibus
812 276 906 331 Stellae
923 277 1014 333 Martis
1093 252 1097 261 Ι

164 472 169 481 ’
232 452 322 532 Quod
344 459 437 539 igitur
459 458 569 521 attinet
592 459 728 538 quintum
751 459 871 520 modum
894 468 926 519 et
949 459 1160 522 distantiarum
1190 450 1323 542 ipsarum
1352 480 1463 537 sumus,
1504 472 1525 507 ·-'

141 551 220 614 ratio
234 570 350 613 rursum
374 540 520 611 reclamat
537 548 680 609 methodo
704 549 915 627 aequationum
930 548 999 610 hnic
1015 549 1146 631 innixae.
1185 548 1356 631 Repetatur
1370 553 1466 616 'scheme
1520 582 1525 587 ·

143 641 232 720 hujus
255 639 363 718 capitis
387 639 549 717 proprium,
573 644 605 696 et
620 647 798 698 revocentur
816 638 844 697 in
861 637 1043 711 memoriam,
1068 658 1144 719 quae
1158 638 1244 702 dicta
1267 649 1337 704 sunt
1353 640 1388 703 de
1401 643 1465 705 modo
1503 647 1525 725 ξ

487 727 593 806 pu'no.
641 729 674 788 In
699 725 750 786 illo
779 725 857 788 enirn
882 726 967 789 CAD
997 729 1149 790 anomalia
1179 728 1376 792 distantiaria
1402 751 1468 793 eoae·
1506 732 1525 777 ὲ

489 824 581 896 quata
604 814 794 875 dividebatur
817 815 847 875 in
870 816 982 894 gradus
1010 818 1167 898 aequales,
1190 837 1230 880 ex
1254 839 1312 900 quo
1335 818 1431 894 tiebat,
1448 832 1471 881 ut

490 904 545 969 CD
570 912 723 965 secaretur
747 904 776 968 iu
790 911 894 983 partes
919 905 1092 985 inaequales
1117 915 1148 967 et
1163 926 1301 988 magnas,
1327 916 1359 970 et
1372 909 1473 970 haberet
1504 918 1516 989 ’-

489 993 651 1054 distantias
684 1012 812 1072 paucas,
844 994 922 1055 unde
954 994 1159 1057 accidentaria
1190 997 1322 1077 quadam
1351 997 1475 1059 medicina
1507 1008 1525 1041 ··

435 1119 437 1123 .
489 1084 599 1143 erroris
623 1088 754 1161 arrepta,
778 1100 816 1141 ex
832 1101 946 1143 summa
964 1083 1176 1147 distantiarum
1190 1086 1220 1147 in
1236 1083 1293 1149 OD
1309 1086 1475 1166 collegimus,
1501 1094 1525 1136 ἰ

489 1171 643 1232 distantiis
666 1171 728 1231 illis
760 1179 930 1251 competere
962 1173 1129 1235 breviorem
1157 1194 1260 1237 arcum
1282 1177 1361 1250 ΕΙ),
1383 1185 1415 1237 nt
1432 1173 1476 1238 AG
1503 1214 1525 1225 ·-

489 1260 519 1320 in
538 1258 595 1320 ΑΕ
620 1260 844 1333 transferretur,
870 1268 901 1320 et
920 1260 962 1322 sie
978 1261 1034 1324 ΕΙ)
1058 1263 1087 1323 ἰῃ
1102 1271 1206 1342 partes
1229 1265 1375 1346 aequales
1396 1272 1477 1327 sectus
1503 1282 1508 1315 ι·

401 1342 406 1349 “
489 1348 685 1437 etqnolibet
715 1348 811 1427 gradu
842 1348 887 1409 sui
921 1370 979 1412 una
1011 1350 1157 1413 distantia
1191 1352 1360 1416 instructus
1394 1352 1476 1414 hahen'

488 1432 602 1515 posset.
649 1436 706 1497 llic
739 1456 809 1498 vero
842 1456 900 1499 non
933 1459 971 1501 ex
1001 1460 1116 1502 summa
1145 1441 1362 1505 distantiarum
1388 1442 1418 1504 in
1438 1440 1476 1505 ct
1497 1458 1525 1517 ,Γ

488 1526 694 1599 inventarum,
728 1527 782 1586 sed
814 1545 851 1586 ex
884 1528 1093 1591 commixtione
1126 1529 1336 1611 hypotheseos
1365 1530 1475 1593 vicariae
1505 1549 1525 1583 ;

488 1634 554 1676 cum
577 1614 745 1697 hypothesi·
762 1614 975 1679 distantiarum
998 1619 1097 1696 capite
1120 1619 1238 1682 XLVI.
1263 1620 1415 1693 instituta,
1431 1618 1525 1699 jeu}

488 1705 571 1765 lacta
603 1715 634 1765 et
662 1702 799 1784 perfecta
830 1713 877 1764 est
909 1706 1070 1769 translatio
1103 1708 1198 1787 ipsius
1220 1707 1279 1773 AO
1309 1710 1342 1772 iu
1363 1708 1433 1783 ΑΕ,
1456 1716 1474 1769 et

486 1793 655 1855 anomaliae
685 1790 844 1867 mediae*)
876 1790 981 1876 (quam
1013 1796 1052 1856 ad
1086 1795 1143 1859 CA
1167 1798 1213 1858 vel
1237 1797 1297 1861 ΕΑ
1321 1796 1506 1860 dissuta·

485 1882 696 1943 inveniendam
712 1881 742 1942 in
758 1880 813 1945 01)
837 1903 908 1945 arcu
932 1885 1169 1960 numeravimus)
1190 1886 1325 1951 tributus
1342 1895 1390 1949 est
1407 1904 1473 1949 arms

484 1969 559 2045 ΕΙ);
594 1971 778 2045 siccamen,
813 1981 845 2032 ut
867 1972 921 2034 BE
946 1982 976 2035 ct
1000 1974 1056 2038 Ac
1081 1994 1138 2036 non
1175 1976 1236 2037 'sint
1264 1977 1331 2055 jam
1362 1974 1474 2057 praecise

490 2060 628 2140 paralleli
653 2069 687 2122 nt
710 2060 798 2121 modo
822 2060 928 2140 primo.
971 2062 1048 2137 Hoc,
1071 2063 1201 2146 inquam,
1221 2065 1289 2144 jam
1313 2067 1422 2128 sactum
1440 2079 1475 2145 με

146 2149 387 2217 commixtionem
411 2150 628 2232 hypotheseon,
652 2149 726 2210 nihil
750 2169 825 2228 opus
848 2159 896 2211 est
919 2171 1037 2213 rursum
1063 2153 1128 2214 fieri
1151 2174 1204 2235 per
1228 2156 1475 2235 operationemtt

106 2248 118 2269 ⁰
145 2241 233 2305 modo
257 2240 362 2321 primo.
401 2239 462 2302 Sed
485 2239 543 2300 hoc
567 2239 664 2299 solum
688 2239 849 2318 quaeritur,
875 2259 913 2300 an
933 2239 1097 2303 distantiae
1120 2241 1187 2318 AC,
1212 2242 1473 2323 espencaeus

147 2331 250 2412 quinto
274 2329 360 2390 modo
385 2328 531 2390 collectae
554 2327 584 2388 in
605 2347 693 2388 uuam
717 2347 871 2402 summam,
898 2329 1026 2391 efficiant
1042 2331 1167 2395 eandem
1190 2333 1401 2413 aequationem
1418 2328 1525 2414 phy-‘3-

147 2420 218 2494 sicc,
244 2438 332 2500 quam
356 2417 525 2480 commixtis
549 2417 665 2477 duabus
688 2416 905 2497 hypothesibus
929 2420 1055 2481 sortitae
1080 2428 1151 2481 sunt
1174 2421 1397 2485 artificialiter?

235 2506 295 2570 Ubi
318 2508 479 2588 perpende,
504 2506 650 2585 quomodo
682 2525 715 2566 se
741 2506 875 2567 habeant
897 2506 1060 2570 distantiae
1086 2509 1142 2570 hac
1166 2510 1273 2572 ultima
1296 2513 1362 2573 vice
1381 2527 1473 2572 accon

148 2598 301 2660 modatae.
353 2596 494 2675 Angnlus
517 2594 609 2675 igitur
631 2590 732 2669 EAD,
767 2596 850 2674 cujus
880 2595 1024 2659 terminus
1047 2596 1074 2657 E
1098 2598 1192 2660 distat
1216 2621 1234 2661 a
1258 2599 1332 2662 Sole
1356 2596 1474 2662 distantis
1521 2640 1525 2645 -

147 2686 215 2761 Ao,
240 2687 288 2748 hic
311 2685 438 2764 angulus
462 2684 491 2745 in
516 2684 658 2764 aequales
682 2683 793 2761 gradus
817 2685 874 2746 hac
897 2686 1005 2747 ultima
1028 2686 1092 2747 vice
1117 2688 1231 2750 divisus
1254 2697 1304 2751 est
1328 2698 1359 2751 et
1378 2687 1474 2751 cuilibet
1503 2708 1525 2727 Α

95 2846 98 2851 ,
148 2776 264 2839 tributa
286 2795 345 2836 nna
369 2774 525 2835 distantia.
573 2770 643 2843 Qua
672 2773 788 2833 ratione
808 2773 873 2852 jam
896 2774 952 2834 ΕΙ)
976 2795 1063 2836 arcus
1086 2776 1183 2838 ovalis
1206 2779 1289 2853 viae,
1323 2784 1475 2859 superstent

148 2865 193 2927 illi
217 2864 326 2944 angulo
350 2863 455 2931 EAD,
480 2862 544 2925 abit
567 2862 595 2922 in
619 2869 722 2940 partes
746 2862 919 2942 inaequales
944 2872 976 2924 et
998 2865 1085 2925 nimis
1109 2885 1221 2944 paucas
1244 2867 1426 2929 nanciscitur
1442 2862 1474 2924 di·

148 2953 290 3016 stantiae.
343 2952 448 3030 ltaque
472 2971 510 3012 ex
538 2970 653 3013 surnma
681 2950 891 3012 distantiarum
924 2952 953 3013 in
977 2952 1065 3015 ΕΑΙ)
1096 2957 1200 3035 nequit
1222 2957 1327 3019 haberi
1351 2952 1475 3019 anomalis

149 3042 249 3104 media
266 3041 331 3119 jam
355 3048 576 3119 praeconcepta
599 3058 637 3100 ex
659 3039 818 3120 hypothesi
842 3042 966 3103 vicaria.

239 3127 498 3199 Quemadmodum
526 3147 595 3190 vero
619 3147 712 3207 snpra
734 3130 821 3190 modo
844 3130 955 3210 primo,
987 3151 1053 3193 cum
1084 3129 1139 3194 CD
1170 3134 1394 3196 nancisceretur
1414 3133 1476 3212 justo

149 3219 307 3300 pauciores
332 3219 502 3291 distantias,
528 3218 624 3278 diviso
648 3219 757 3296 angulo
782 3217 868 3281 CAD
891 3221 921 3281 in
946 3222 1056 3300 gradus
1082 3223 1239 3300 aequales,
1270 3242 1325 3303 pro
1350 3220 1404 3286 CD
1424 3219 1477 3282 sub·

150 3308 302 3370 stitnirnus
334 3306 391 3369 ΕΙ)
428 3308 564 3368 idoneum
602 3326 702 3367 arcum
735 3307 796 3369 illis
834 3308 1002 3378 distantiis,
1040 3311 1085 3371 ita
1116 3311 1172 3371 hoc
1207 3311 1310 3390 quinto
1339 3300 1478 3385 modo,“l
1523 3336 1525 3341 ·

151 3416 218 3461 cum
239 3395 296 3458 ΕΙ)
319 3395 511 3458 nanciscatur
529 3396 614 3475 justo
637 3395 794 3475 pauciores
818 3396 989 3474 distantias,
1014 3400 1110 3459 diviso
1135 3401 1244 3478 angulo
1268 3401 1356 3499 W)
1378 3401 1409 3462 in
1425 3416 1479 3478 gre«
1523 3410 1525 3415 '

151 3489 207 3549 dus
231 3487 388 3567 aequales,
412 3486 438 3546 si
462 3504 576 3547 rursum
601 3485 819 3546 inartificialem
842 3488 1021 3549 medicinam
1047 3489 1163 3549 luberet
1186 3490 1337 3570 accipere,
1368 3506 1420 3569 pro
1438 3482 1479 3547 rh
1522 3516 1525 3527 ·

151 3575 401 3640 substitueremus
428 3574 501 3648 ΕΙ),
530 3574 576 3635 cui
605 3584 776 3652 competant
813 3576 884 3636 illae
921 3576 1094 3638 distantiae.
1141 3576 1193 3640 Sit
1225 3599 1288 3661 pro
1319 3572 1481 3662 qnaermdt
1522 3612 1525 3617 ·

151 3666 308 3729 distentio
330 3662 387 3726 CA
409 3665 516 3726 mdia
538 3661 703 3727 ancoralia
726 3661 808 3725 CBD
824 3661 885 3727 48υ
899 3661 962 3728 44’.
999 3668 1093 3730 Doto
1117 3665 1233 3748 anprclo
1256 3668 1282 3730 B
1308 3677 1339 3731 et
1354 3662 1479 3741 caut

151 3755 249 3819 datto
272 3754 329 3818 CA
355 3749 483 3816 105784
507 3760 536 3815 et
559 3752 641 3815 CAB
666 3748 735 3814 45⁰.
774 3752 876 3816 Illam
897 3775 968 3817 cero
991 3754 1048 3817 AO
1063 3757 1156 3841 jubet
1177 3758 1301 3819 etruria
1323 3752 1480 3840 opporteat·

150 3844 327 3926 tramsme
347 3843 384 3906 in
404 3842 472 3904 ΑΕ.
517 3842 564 3904 Et
585 3861 643 3903 nos
656 3842 730 3925 jone
752 3842 816 3917 ΕΙ),
842 3865 936 3924 qnam
964 3845 1087 3907 indicat
1115 3846 1238 3908 ricardo
1264 3867 1331 3908 esse
1352 3840 1413 3907 41ο
1432 3838 1479 3909 tt.

152 3933 326 3997 diuidimus
347 3932 383 3994 in
401 3931 526 4015 prodas
552 3930 715 4012 aequales,
739 3952 859 4013 perque
882 3931 957 3995 illos
987 3932 1169 4016 colleqimns
1189 3954 1254 3998 non
1271 3934 1385 4017 plores
1405 3948 1480 4017 quw

151 4018 192 4085 41
218 4023 392 4085 desumere
423 4029 452 4083 et
476 4029 603 4103 portem
625 4021 663 4081 de
686 4015 738 4081 42.
785 4018 869 4081 Illo-e
896 4042 966 4083 nero
993 4026 1028 4086 in
1059 4044 1214 4086 summam
1242 4026 1397 4110 conjectae
1423 4040 1480 4084 cos·

150 4113 255 4189 ficient
277 4109 472 4173 anomaliam
498 4111 639 4171 mediam
669 4110 796 4170 eninime
818 4130 896 4173 sone
923 4112 1087 4193 aequalem
1112 4115 1218 4193 primo
1249 4120 1411 4196 acceptae
1428 4103 1478 4179 Dd,

151 4190 210 4264 sed
232 4198 333 4264 aliam
353 4197 423 4268 DO,
446 4219 528 4282 quoe
550 4200 736 4261 distortam
757 4196 816 4259 AO
840 4202 962 4264 eahibet
983 4202 1240 4283 transferendam
1261 4204 1297 4264 in
1318 4203 1389 4266 AN.
1418 4200 1477 4263 Att-

246 4428 274 4503 ⁸)
295 4433 370 4488 Nota
389 4450 442 4503 quo
463 4438 590 4501 respectu
611 4430 655 4482 hic
676 4431 772 4484 media.
814 4430 882 4483 Vide
904 4432 1042 4503 margines
1063 4434 1227 4503 superiores.
1249 4464 1289 4476 —

233 4510 273 4578 ⁸⁴)
294 4514 326 4568 In
346 4513 398 4566 hoc
418 4512 513 4582 quint-o
533 4514 611 4565 modo
632 4517 676 4564 est
701 4510 806 4580 quidem
837 4514 976 4566 anomalia
1006 4513 1091 4567 tertia
1111 4514 1201 4578 EAD,
1228 4524 1258 4569 et
1278 4514 1340 4584 ejus
1360 4507 1473 4568 anomali⁸

154 4593 243 4649 media
264 4588 366 4664 (prima
385 4587 493 4651 ordinel
514 4592 561 4644 OD
583 4591 628 4643 vel
650 4591 729 4652 CBD,
752 4598 835 4659 atquo
857 4595 951 4644 eadem
973 4593 1056 4645 otiam
1084 4593 1259 4649 distantiaria
1280 4593 1366 4664 ipsius
1385 4595 1425 4648 CA
1440 4584 1473 4637 rel
1507 4620 1513 4625 -

153 4675 205 4730 EA
224 4672 381 4728 distantiae.
422 4674 475 4726 Sed
496 4673 607 4741 plenum
627 4672 704 4724 EAD
725 4671 836 4722 metitur
856 4672 975 4741 aliquam
996 4688 1126 4726 summam
1148 4676 1341 4729 distantiarum
1355 4674 1409 4734 ΕΔ,
1426 4670 1471 4724 DA.

153 4755 272 4809 alienam
294 4755 329 4806 ab
351 4753 403 4805 hac
424 4758 579 4821 coaequata
597 4752 681 4813 EAD,
704 4758 903 4819 competentem
923 4753 1028 4805 scilicet
1047 4754 1177 4823 temporit
1197 4770 1353 4811 mensuram
1370 4752 1416 4824 ipsi
1430 4741 1469 4803 DN
1514 4762 1525 4827 ‚t

155 4836 238 4901 meni,
260 4841 289 4889 et
307 4832 387 4888 ΒΑΝ
408 4837 587 4903 coaequatae.
628 4827 745 4884 Rursum
766 4846 834 4901 ergo
853 4839 1011 4886 monstrum.
1513 4848 1525 4893 r
