3278 5550
631 1195 663 1267 D
690 1195 721 1268 E
773 1195 803 1265 L
829 1194 863 1267 u
889 1195 998 1268 lt&

696 1331 740 1394 (s.
759 1333 821 1384 ua.
842 1331 932 1397 reor.)

227 1641 374 1702 Assumta
396 1636 454 1699 hae
476 1637 686 1718 aequatioumu
710 1637 879 1719 hypothesi,
904 1638 981 1718 quod
1004 1646 1141 1718 tempora
1156 1635 1307 1716 graduum
1322 1636 1452 1719 aequalia
1486 1600 1500 1716 ⁴¹

142 1731 203 1791 sint
225 1728 262 1788 ad
288 1728 415 1789 invicem
438 1733 473 1787 ut
495 1726 657 1788 distantiae
682 1747 701 1787 a
723 1727 843 1790 virtutis
867 1728 964 1802 sonte,
988 1728 1047 1788 erit
1070 1725 1154 1788 sinus
1177 1726 1368 1806 aequatiouis
1386 1725 1453 1786 mari·
1486 1762 1490 1767 ·

142 1836 209 1879 mae
233 1815 433 1878 dimidiaudns
456 1833 511 1894 pro
535 1816 769 1877 eccentricitate.
815 1816 874 1878 list
897 1825 997 1877 autem
1021 1816 1104 1877 sinus
1129 1814 1324 1894 aequatioois
1345 1815 1454 1876 maxims

143 1907 173 1968 in
197 1905 312 1986 copulis
335 1899 432 1968 8672.
479 1903 560 1983 Ergo
584 1904 791 1966 eccentricitas
816 1906 897 1966 orbis
925 1900 1026 1978 4336,
1058 1922 1134 1985 qnae
1162 1903 1254 1964 edicit
1284 1903 1455 1984 aequatiooer

144 1994 302 2056 eoceotrici
325 1989 364 2055 2⁰
383 1989 438 2055 29⁴
458 1989 522 2055 201⁴
530 2013 539 2066 ;
564 1995 704 2072 aequatio
728 2013 798 2055 vero
822 1994 979 2077 aequantia
1004 2000 1051 2056 est
1073 1991 1178 2055 itidem
1201 1989 1242 2052 2⁰
1265 1990 1321 2056 29‘
1342 1988 1411 2054 20⁴¹.
1438 1992 1456 2052 b
1498 2036 1500 2040 -

143 2083 334 2165 quadraturis
358 2092 406 2144 est
428 2083 586 2164 aequantia
610 2083 749 2163 aequatio
779 2085 915 2163 praecise
942 2083 1050 2164 dupla,
1080 2101 1122 2143 sc.
1144 2077 1185 2143 4⁰
1207 2078 1264 2144 58‘
1287 2078 1363 2156 40¹⁴,
1391 2090 1419 2142 ut
1435 2078 1457 2140 sit

143 2180 210 2236 tota
234 2169 272 2234 7⁰
295 2169 357 2236 28‘.
403 2171 468 2232 Hac
493 2173 593 2252 itaque
618 2172 732 2233 ratione
756 2173 922 2254 speculatio
948 2173 1092 2234 concinna
1116 2170 1220 2233 oritur.
1271 2169 1408 2234 Centrum
1427 2189 1457 2230 ae
1490 2171 1500 2179 ’

142 2262 263 2345 quantis
287 2260 365 2322 enim
389 2260 416 2321 io
441 2259 631 2340 quadraturis
655 2261 745 2340 duplo
770 2261 861 2324 altius
890 2281 957 2324 esse
985 2268 1125 2323 censetor
1149 2279 1168 2320 a
1197 2266 1304 2322 centro
1334 2254 1458 2322 aeoentrici

123 2354 170 2415 -in
195 2351 271 2414 locis
295 2348 490 2424 intermediis,
515 2369 591 2431 quae
606 2359 654 2412 est
667 2351 821 2430 proportio
840 2352 923 2413 sinus
943 2349 1143 2431 elongationis
1165 2369 1184 2410 a
1203 2349 1354 2411 diametro
1376 2344 1458 2425 (Θό)
1486 2396 1500 2439 3

143 2441 181 2503 ad
197 2441 292 2502 sinum
308 2448 412 2513 totum,
437 2439 541 2500 eadem
565 2439 752 2519 aequationis
775 2440 884 2502 tertiae
909 2440 1041 2514 (dicatur
1064 2439 1142 2501 enim
1166 2438 1329 2501 eccentrici
1352 2434 1464 2518 aequb

142 2531 247 2611 prima,
272 2528 430 2611 aequantia
449 2529 589 2601 secunda,
612 2529 801 2608 phasmatum
826 2530 932 2602 tertia)
956 2530 994 2590 ad
1013 2528 1222 2609 aequationem
1240 2528 1410 2589 secundam
1436 2522 1459 2586 ll

143 2619 235 2703 igitur
259 2619 400 2699 aequales
424 2625 493 2679 suot
516 2617 612 2696 prima
627 2624 658 2680 et
676 2617 807 2679 secunda
822 2619 972 2699 aequatio,
998 2619 1041 2680 ita
1064 2618 1154 2679 etiam
1178 2617 1315 2678 secunda
1339 2625 1370 2678 et
1392 2613 1459 2677 teda

141 2707 347 2788 Aequatioues
371 2715 472 2768 autem
496 2707 552 2767 n'oo
577 2707 705 2769 maxime
729 2726 766 2768 ex
791 2727 844 2768 suo
867 2727 976 2788 genere
991 2714 1184 2769 censeantur.
1221 2705 1303 2767 Nam
1327 2706 1356 2768 io
1379 2721 1459 2785 sequt-

143 2797 276 2860 tionibus
300 2795 375 2859 solis
399 2796 582 2875 disputatum
607 2804 664 2870 est,
690 2816 729 2859 an
753 2797 869 2858 mediae
894 2806 1032 2859 secentur
1054 2815 1166 2858 omnes.
1237 2851 1241 2865 ,

230 2885 347 2949 Aliter:
372 2884 522 2946 bisecetur
545 2885 769 2964 quadrantalis,
793 2893 825 2947 et
847 2886 979 2966 prodibit
1004 2885 1145 2948 dimidius
1167 2879 1381 2957 sinus-6500,
1403 2895 1460 2943 arte

143 2973 182 3038 3⁰
204 2973 275 3049 dd‘;
306 2968 457 3054 copularis
480 2968 520 3035 4⁰
542 2970 596 3037 58¹
619 2969 791 3053 tutum.
826 2973 862 3036 1⁰
887 2972 1035 3049 14‘40‘2
1066 2973 1187 3053 triplum
1211 2967 1252 3034 3⁰
1274 2969 1341 3035 44⁴.
1384 2972 1459 3048 Ittqtt

142 3084 200 3145 quo
223 3065 318 3125 minos
342 3064 371 3124 in
396 3062 580 3134 (mainonis)
610 3063 724 3142 copulis
754 3083 853 3126 morae
884 3073 986 3126 essent
1014 3073 1046 3123 ut
1078 3062 1261 3135 distantiae,
1297 3080 1369 3140 pars
1399 3056 1460 3121 tertis

143 3152 278 3232 praecise
308 3153 448 3221 deesset,
479 3160 564 3213 tanto
595 3171 637 3214 sc.
667 3160 749 3212 esset
772 3154 860 3214 solito
890 3153 1020 3215 velocior
1043 3153 1129 3213 Luna
1152 3170 1281 3212 versans
1305 3151 1335 3212 iu
1359 3149 1461 3212 virtuosa

147 3243 303 3304 diametro.
350 3242 441 3303 Forte
465 3259 518 3302 nec
542 3240 597 3302 boc
621 3242 834 3303 inconcinnum.

234 3330 335 3392 Aliter
366 3329 467 3391 tertio.
515 3327 658 3392 Centrum
692 3331 849 3393 eccentrici
883 3349 951 3391 vere
979 3329 1117 3390 discedat
1146 3348 1165 3389 a
1193 3336 1297 3390 centro
1322 3321 1461 3390 Terraeir
1497 3354 1500 3401 3

146 3419 351 3501 quadraturis,
380 3420 489 3497 fiatque
513 3420 604 3480 altius
627 3429 713 3500 parte
738 3420 837 3482 tertia.
883 3418 932 3481 Sit
954 3420 1032 3480 enirn
1056 3418 1084 3479 in
1108 3417 1256 3479 diametro
1286 3412 1389 3485 4336,
1415 3411 1462 3476 ioris

146 3507 241 3574 6505.
288 3511 370 3570 tuuc
394 3509 489 3588 prima
512 3516 542 3569 et
565 3509 696 3570 secunda
719 3510 858 3589 aequatio
882 3508 988 3589 ubique
1011 3507 1242 3579 bisecabuntur‚
1274 3506 1387 3587 critque
1408 3500 1464 3565 nulls

146 3598 245 3660 tertia.
292 3600 374 3660 Tunc
398 3616 471 3657 sane
495 3597 585 3658 etiam
616 3605 753 3659 octaotes
777 3599 977 3676 juvabuntur,
1010 3597 1110 3659 forsan
1139 3604 1170 3656 et
1199 3594 1386 3658 latitudines.⁴
1424 3587 1463 3653 Sed

146 3687 304 3750 considera
332 3687 452 3759 melius,
484 3687 612 3747 maxima
639 3688 846 3767 quadrantalis
877 3686 961 3766 ponit
984 3688 1123 3746 centrum
1142 3685 1170 3744 in
1194 3684 1345 3745 diametro
1369 3679 1464 3759 (de

147 3775 332 3839 diametralis
356 3776 384 3837 in
408 3775 632 3856 quadrantibus.
678 3776 759 3855 Ergo
788 3784 921 3838 centrum
950 3775 979 3836 in
1008 3776 1153 3837 diametro
1178 3770 1235 3850 (Θ
1258 3775 1300 3849 ὁ)
1326 3766 1465 3845 attou,io

147 3864 360 3948 quadrantibus
375 3864 494 3926 humile.
531 3865 730 3927 Transeamus
753 3865 979 3945 perspicuitatis
1003 3865 1102 3943 gratia
1125 3864 1162 3925 ab
1179 3860 1350 3924 eccentrico
1373 3862 1400 3921 in
1420 3855 1465 3938 epi·

147 3956 271 4037 cyclum,
296 3953 583 4036 epicyclusmancat
598 3954 771 4029 invariatus,
797 3955 850 4016 sed
865 3964 998 4017 centrum
1015 3952 1205 4026 conc'entrici,
1228 3951 1320 4013 Luna
1343 3950 1374 4011 iu
1393 3943 1467 4025 loup-

148 4044 249 4107 tudine
266 4043 364 4106 media
379 4053 409 4104 et
425 4043 615 4123 quadraturis
635 4051 784 4118 versante,
809 4044 849 4104 sit
872 4043 900 4105 in
916 4044 1060 4106 diametro
1086 4038 1141 4118 (Θ
1160 4043 1201 4118 ὅ)
1223 4059 1319 4120 sopra
1343 4040 1391 4100 vel
1411 4033 1468 4099 intr

148 4134 281 4209 Terram,
305 4133 359 4195 sed
380 4133 466 4194 Luna
490 4141 628 4194 versante
652 4134 681 4194 in
706 4133 890 4212 longitudine
913 4133 1012 4195 media
1034 4141 1066 4195 et
1088 4131 1251 4203 diametro,
1271 4128 1314 4191 sit
1337 4127 1369 4190 iu
1389 4131 1468 4189 ceum

149 4222 269 4283 Terrae.
309 4222 386 4282 Nam
411 4229 441 4281 et
464 4232 566 4282 aestus
589 4223 679 4283 maris
703 4223 813 4283 realem
838 4222 977 4285 videntur
1001 4216 1320 4302 appropinquationem
1343 4214 1469 4298 requiro

150 4311 251 4381 (modo
275 4330 332 4373 ooo
357 4319 388 4372 et
410 4310 569 4383 diurnam).
604 4310 750 4373 Similiter
764 4311 850 4372 Luna
866 4298 898 4372 in'
915 4329 1048 4391 apogaeo
1068 4319 1100 4371 et
1123 4307 1316 4390 quadraturis
1341 4310 1469 4370 versantu

150 4406 282 4461 centrum
305 4397 346 4461 sit
369 4420 459 4482 supra
483 4400 529 4461 vel
553 4399 630 4462 infra
646 4403 769 4462 Terram
789 4400 818 4462 in
842 4399 987 4462 diametro
1011 4397 1067 4476 (Θ
1083 4401 1134 4476 ὁ).
1173 4399 1251 4461 Nam
1269 4395 1345 4458 haec
1365 4390 1471 4479 elevatis

149 4487 191 4549 nil
214 4488 313 4550 variat
336 4488 553 4570 aequationem,
579 4508 654 4569 quae
673 4490 756 4552 nulla
772 4498 829 4552 est.
868 4489 1027 4563 seducta,
1051 4489 1107 4551 hoc
1131 4496 1220 4568 pacto
1243 4503 1316 4546 vere
1341 4489 1471 4546 octantun

149 4577 362 4659 inaequalitas,
386 4577 512 4640 variatio
537 4577 633 4652 dicta,
664 4580 692 4641 in
717 4579 916 4660 quadraturas
940 4578 1131 4650 redundabit,
1159 4574 1315 4657 possitque
1341 4575 1471 4650 forceps

151 4665 240 4729 alium
263 4666 534 4729 etconccntricum
557 4666 696 4729 circulum
721 4669 814 4729 centri
839 4667 1017 4732 conceutrici
1040 4668 1144 4730 Lunae
1168 4665 1248 4727 circa
1273 4664 1376 4728 Solem
1400 4677 1471 4727 exct-

151 4756 221 4826 sari.
267 4757 346 4842 Ergo
370 4755 521 4839 rejiciatur
543 4757 618 4819 haec
641 4756 820 4838 permutatio
844 4759 1002 4823 eccentrici
1026 4766 1057 4820 et
1080 4754 1214 4842 epicycli.
