<?xml version="1.0" encoding="UTF-8"?>
<!DOCTYPE html PUBLIC "-//W3C//DTD XHTML 1.0 Transitional//EN"
    "http://www.w3.org/TR/xhtml1/DTD/xhtml1-transitional.dtd">
<html xmlns="http://www.w3.org/1999/xhtml" xml:lang="en" lang="en">
 <head>
  <title>
</title>
<meta http-equiv="Content-Type" content="text/html;charset=utf-8" />
  <meta name='ocr-system' content='tesseract 3.04.00' />
  <meta name='ocr-capabilities' content='ocr_page ocr_carea ocr_par ocr_line ocrx_word'/>
</head>
<body>
  <div class='ocr_page' id='page_1' title='image "./joanniskepleria12frisgoog/joanniskepleria12frisgoog_0085.png"; bbox 0 0 3278 5550; ppageno 0'>
   <div class='ocr_carea' id='block_1_1' title="bbox 656 188 1170 261">
    <p class='ocr_par' dir='ltr' id='par_1_1' title="bbox 656 188 1170 261">
     <span class='ocr_line' id='line_1_1' title="bbox 656 188 1170 261; baseline 0 -15"><span class='ocrx_word' id='word_1_1' title='bbox 656 194 758 249; x_wconf 75' lang='lat' dir='ltr'>nicene</span> <span class='ocrx_word' id='word_1_2' title='bbox 777 188 879 260; x_wconf 78' lang='lat' dir='ltr'>Repierl</span> <span class='ocrx_word' id='word_1_3' title='bbox 897 194 1049 261; x_wconf 79' lang='lat' dir='ltr'>aliorumque</span> <span class='ocrx_word' id='word_1_4' title='bbox 1066 200 1170 246; x_wconf 76' lang='grc' dir='ltr'>ιιιιιι</span> 
     </span>
    </p>
   </div>
   <div class='ocr_carea' id='block_1_2' title="bbox 232 368 1597 2297">
    <p class='ocr_par' dir='ltr' id='par_1_2' title="bbox 384 368 1597 580">
     <span class='ocr_line' id='line_1_2' title="bbox 384 368 1595 439; baseline 0.002 -16"><span class='ocrx_word' id='word_1_5' title='bbox 384 373 439 439; x_wconf 71' lang='lat' dir='ltr'>Fiq.</span> <span class='ocrx_word' id='word_1_6' title='bbox 459 370 500 424; x_wconf 81' lang='lat' dir='ltr'>ts.</span> <span class='ocrx_word' id='word_1_7' title='bbox 656 373 790 423; x_wconf 81' lang='grc' dir='ltr'>ιιιιιιιιιι</span> <span class='ocrx_word' id='word_1_8' title='bbox 806 371 897 423; x_wconf 68' lang='lat' dir='ltr'>Mutis</span> <span class='ocrx_word' id='word_1_9' title='bbox 914 371 940 423; x_wconf 88' lang='grc' dir='ltr'>ιι</span> <span class='ocrx_word' id='word_1_10' title='bbox 959 371 981 421; x_wconf 79' lang='grc' dir='ltr'>Ε</span> <span class='ocrx_word' id='word_1_11' title='bbox 999 378 1099 436; x_wconf 83' lang='lat' dir='ltr'>puncto,</span> <span class='ocrx_word' id='word_1_12' title='bbox 1117 372 1162 424; x_wconf 82' lang='lat' dir='ltr'>BE</span> <span class='ocrx_word' id='word_1_13' title='bbox 1183 370 1307 438; x_wconf 69' lang='lat' dir='ltr'>peronen</span> <span class='ocrx_word' id='word_1_14' title='bbox 1322 371 1502 425; x_wconf 71' lang='lat' dir='ltr'>noes-noes</span> <span class='ocrx_word' id='word_1_15' title='bbox 1520 368 1595 425; x_wconf 68' lang='lat' dir='ltr'>&amp;E</span> 
     </span>
     <span class='ocr_line' id='line_1_3' title="bbox 659 443 1597 511; baseline 0 -16"><span class='ocrx_word' id='word_1_16' title='bbox 659 444 788 495; x_wconf 83' lang='lat' dir='ltr'>Distentis</span> <span class='ocrx_word' id='word_1_17' title='bbox 808 447 830 493; x_wconf 83' lang='grc' dir='ltr'><strong>Δ</strong></span> <span class='ocrx_word' id='word_1_18' title='bbox 849 448 876 495; x_wconf 89' lang='grc' dir='ltr'>ιι</span> <span class='ocrx_word' id='word_1_19' title='bbox 893 443 914 492; x_wconf 86' lang='grc' dir='ltr'>Β</span> <span class='ocrx_word' id='word_1_20' title='bbox 934 450 1072 495; x_wconf 90' lang='lat' dir='ltr'>centrorum</span> <span class='ocrx_word' id='word_1_21' title='bbox 1098 446 1224 511; x_wconf 74' lang='lat' dir='ltr'>utrimque</span> <span class='ocrx_word' id='word_1_22' title='bbox 1242 445 1306 494; x_wconf 84' lang='lat' dir='ltr'>orbis</span> <span class='ocrx_word' id='word_1_23' title='bbox 1329 451 1424 510; x_wconf 84' lang='lat' dir='ltr'>aequat</span> <span class='ocrx_word' id='word_1_24' title='bbox 1447 445 1597 495; x_wconf 74' lang='lat' dir='ltr'>mceutrioi-</span> 
     </span>
     <span class='ocr_line' id='line_1_4' title="bbox 660 516 971 580; baseline -0.003 -15"><span class='ocrx_word' id='word_1_25' title='bbox 660 522 739 566; x_wconf 85' lang='lat' dir='ltr'>tatem</span> <span class='ocrx_word' id='word_1_26' title='bbox 758 516 822 566; x_wconf 85' lang='lat' dir='ltr'>Solis</span> <span class='ocrx_word' id='word_1_27' title='bbox 840 518 971 580; x_wconf 78' lang='lat' dir='ltr'>integram.</span> 
     </span>
    </p>

    <p class='ocr_par' dir='ltr' id='par_1_3' title="bbox 660 582 1595 866">
     <span class='ocr_line' id='line_1_5' title="bbox 748 582 1593 653; baseline 0.001 -16"><span class='ocrx_word' id='word_1_28' title='bbox 748 587 829 637; x_wconf 86' lang='lat' dir='ltr'>Nota:</span> <span class='ocrx_word' id='word_1_29' title='bbox 858 582 1047 638; x_wconf 83' lang='lat' dir='ltr'>Semidia&#39;meter</span> <span class='ocrx_word' id='word_1_30' title='bbox 1073 588 1172 637; x_wconf 88' lang='lat' dir='ltr'>minoris</span> <span class='ocrx_word' id='word_1_31' title='bbox 1203 586 1293 638; x_wconf 89' lang='lat' dir='ltr'>circelli</span> <span class='ocrx_word' id='word_1_32' title='bbox 1322 593 1415 653; x_wconf 86' lang='lat' dir='ltr'>aequat</span> <span class='ocrx_word' id='word_1_33' title='bbox 1443 587 1593 639; x_wconf 70' lang='lat' dir='ltr'>namnam</span> 
     </span>
     <span class='ocr_line' id='line_1_6' title="bbox 661 652 1595 724; baseline 0.002 -17"><span class='ocrx_word' id='word_1_34' title='bbox 661 666 799 708; x_wconf 89' lang='lat' dir='ltr'>centrorum</span> <span class='ocrx_word' id='word_1_35' title='bbox 816 658 943 722; x_wconf 86' lang='lat' dir='ltr'>utriusque</span> <span class='ocrx_word' id='word_1_36' title='bbox 968 659 1047 715; x_wconf 83' lang='lat' dir='ltr'>orbis;</span> <span class='ocrx_word' id='word_1_37' title='bbox 1072 658 1136 708; x_wconf 89' lang='lat' dir='ltr'>Solis</span> <span class='ocrx_word' id='word_1_38' title='bbox 1154 659 1251 723; x_wconf 89' lang='lat' dir='ltr'>quidem</span> <span class='ocrx_word' id='word_1_39' title='bbox 1276 656 1381 724; x_wconf 86' lang='lat' dir='ltr'>(absque</span> <span class='ocrx_word' id='word_1_40' title='bbox 1409 652 1551 724; x_wconf 81' lang='lat' dir='ltr'>aequante)</span> <span class='ocrx_word' id='word_1_41' title='bbox 1566 668 1595 710; x_wconf 87' lang='lat' dir='ltr'>et</span> 
     </span>
     <span class='ocr_line' id='line_1_7' title="bbox 660 727 1591 796; baseline 0.004 -17"><span class='ocrx_word' id='word_1_42' title='bbox 660 732 710 779; x_wconf 91' lang='lat' dir='ltr'>mei</span> <span class='ocrx_word' id='word_1_43' title='bbox 725 727 772 792; x_wconf 77' lang='lat' dir='ltr'>¹¹l2</span> <span class='ocrx_word' id='word_1_44' title='bbox 794 731 987 784; x_wconf 87' lang='lat' dir='ltr'>eccentricitatie</span> <span class='ocrx_word' id='word_1_45' title='bbox 1000 730 1071 780; x_wconf 87' lang='lat' dir='ltr'>Solis.</span> <span class='ocrx_word' id='word_1_46' title='bbox 1097 730 1162 781; x_wconf 84' lang='lat' dir='ltr'>Hinc</span> <span class='ocrx_word' id='word_1_47' title='bbox 1179 732 1255 780; x_wconf 87' lang='lat' dir='ltr'>etiam</span> <span class='ocrx_word' id='word_1_48' title='bbox 1273 731 1387 796; x_wconf 78' lang='lat' dir='ltr'>indagari</span> <span class='ocrx_word' id='word_1_49' title='bbox 1405 732 1497 794; x_wconf 81' lang='lat' dir='ltr'>poterit</span> <span class='ocrx_word' id='word_1_50' title='bbox 1516 743 1591 783; x_wconf 72' lang='lat' dir='ltr'>taus</span> 
     </span>
     <span class='ocr_line' id='line_1_8' title="bbox 661 800 1549 866; baseline 0.001 -16"><span class='ocrx_word' id='word_1_51' title='bbox 661 803 786 866; x_wconf 84' lang='lat' dir='ltr'>utrimque</span> <span class='ocrx_word' id='word_1_52' title='bbox 805 803 997 852; x_wconf 80' lang='lat' dir='ltr'>eccentticitatie</span> <span class='ocrx_word' id='word_1_53' title='bbox 1015 803 1041 850; x_wconf 89' lang='lat' dir='ltr'>in</span> <span class='ocrx_word' id='word_1_54' title='bbox 1059 800 1141 852; x_wconf 83' lang='lat' dir='ltr'>llarte</span> <span class='ocrx_word' id='word_1_55' title='bbox 1159 801 1232 866; x_wconf 92' lang='lat' dir='ltr'>idque</span> <span class='ocrx_word' id='word_1_56' title='bbox 1251 803 1339 852; x_wconf 88' lang='lat' dir='ltr'>melius</span> <span class='ocrx_word' id='word_1_57' title='bbox 1357 816 1432 865; x_wconf 88' lang='lat' dir='ltr'>quam</span> <span class='ocrx_word' id='word_1_58' title='bbox 1450 803 1477 851; x_wconf 93' lang='lat' dir='ltr'>in</span> <span class='ocrx_word' id='word_1_59' title='bbox 1495 808 1549 851; x_wconf 83' lang='lat' dir='ltr'>tua.</span> 
     </span>
    </p>

    <p class='ocr_par' dir='ltr' id='par_1_4' title="bbox 661 872 1595 1366">
     <span class='ocr_line' id='line_1_9' title="bbox 751 872 1586 938; baseline 0.001 -16"><span class='ocrx_word' id='word_1_60' title='bbox 751 873 813 923; x_wconf 86' lang='lat' dir='ltr'>Cum</span> <span class='ocrx_word' id='word_1_61' title='bbox 831 874 905 938; x_wconf 74' lang='lat' dir='ltr'>igitur</span> <span class='ocrx_word' id='word_1_62' title='bbox 923 874 948 922; x_wconf 92' lang='lat' dir='ltr'>in</span> <span class='ocrx_word' id='word_1_63' title='bbox 966 872 1132 936; x_wconf 86' lang='lat' dir='ltr'>parallaxibus</span> <span class='ocrx_word' id='word_1_64' title='bbox 1151 878 1179 921; x_wconf 92' lang='grc' dir='ltr'>ιι</span> <span class='ocrx_word' id='word_1_65' title='bbox 1192 873 1224 922; x_wconf 88' lang='lat' dir='ltr'>ad</span> <span class='ocrx_word' id='word_1_66' title='bbox 1242 879 1356 922; x_wconf 92' lang='lat' dir='ltr'>centrum</span> <span class='ocrx_word' id='word_1_67' title='bbox 1369 875 1392 922; x_wconf 83' lang='grc' dir='ltr'><strong>Δ</strong></span> <span class='ocrx_word' id='word_1_68' title='bbox 1410 880 1490 922; x_wconf 82' lang='lat' dir='ltr'>totam</span> <span class='ocrx_word' id='word_1_69' title='bbox 1509 872 1586 937; x_wconf 80' lang='lat' dir='ltr'>paral·</span> 
     </span>
     <span class='ocr_line' id='line_1_10' title="bbox 661 940 1585 1009; baseline 0.001 -17"><span class='ocrx_word' id='word_1_70' title='bbox 661 940 730 993; x_wconf 86' lang='lat' dir='ltr'>lexin</span> <span class='ocrx_word' id='word_1_71' title='bbox 747 946 863 1009; x_wconf 87' lang='lat' dir='ltr'>inquiras,</span> <span class='ocrx_word' id='word_1_72' title='bbox 882 958 946 1007; x_wconf 89' lang='lat' dir='ltr'>quae</span> <span class='ocrx_word' id='word_1_73' title='bbox 966 943 997 992; x_wconf 92' lang='lat' dir='ltr'>ed</span> <span class='ocrx_word' id='word_1_74' title='bbox 1017 942 1046 1000; x_wconf 86' lang='lat' dir='ltr'>C,</span> <span class='ocrx_word' id='word_1_75' title='bbox 1065 943 1155 993; x_wconf 92' lang='lat' dir='ltr'>deinde</span> <span class='ocrx_word' id='word_1_76' title='bbox 1173 944 1205 993; x_wconf 93' lang='lat' dir='ltr'>ed</span> <span class='ocrx_word' id='word_1_77' title='bbox 1224 944 1245 992; x_wconf 91' lang='grc' dir='ltr'><strong>Β</strong></span> <span class='ocrx_word' id='word_1_78' title='bbox 1265 945 1352 1008; x_wconf 76' lang='lat' dir='ltr'>inquiri</span> <span class='ocrx_word' id='word_1_79' title='bbox 1375 942 1516 1001; x_wconf 87' lang='lat' dir='ltr'>debebant,</span> <span class='ocrx_word' id='word_1_80' title='bbox 1534 943 1585 994; x_wconf 90' lang='lat' dir='ltr'>hinc</span> 
     </span>
     <span class='ocr_line' id='line_1_11' title="bbox 663 1014 1584 1080; baseline 0.002 -17"><span class='ocrx_word' id='word_1_81' title='bbox 663 1014 699 1073; x_wconf 87' lang='grc' dir='ltr'>ιιι,</span> <span class='ocrx_word' id='word_1_82' title='bbox 717 1023 746 1065; x_wconf 92' lang='grc' dir='ltr'>ιι</span> <span class='ocrx_word' id='word_1_83' title='bbox 763 1024 855 1080; x_wconf 88' lang='lat' dir='ltr'>quanto</span> <span class='ocrx_word' id='word_1_84' title='bbox 874 1021 986 1064; x_wconf 79' lang='lat' dir='ltr'>centrum</span> <span class='ocrx_word' id='word_1_85' title='bbox 1005 1015 1137 1065; x_wconf 88' lang='lat' dir='ltr'>eccentrici</span> <span class='ocrx_word' id='word_1_86' title='bbox 1155 1014 1244 1064; x_wconf 83' lang='lat' dir='ltr'>Martie</span> <span class='ocrx_word' id='word_1_87' title='bbox 1262 1017 1288 1064; x_wconf 93' lang='lat' dir='ltr'>in</span> <span class='ocrx_word' id='word_1_88' title='bbox 1307 1014 1365 1066; x_wconf 87' lang='lat' dir='ltr'>Sole</span> <span class='ocrx_word' id='word_1_89' title='bbox 1383 1015 1459 1065; x_wconf 81' lang='lat' dir='ltr'>altius</span> <span class='ocrx_word' id='word_1_90' title='bbox 1477 1029 1496 1064; x_wconf 83' lang='lat' dir='ltr'>a</span> <span class='ocrx_word' id='word_1_91' title='bbox 1514 1015 1584 1065; x_wconf 87' lang='lat' dir='ltr'>Terra</span> 
     </span>
     <span class='ocr_line' id='line_1_12' title="bbox 662 1084 1583 1153; baseline 0.001 -17"><span class='ocrx_word' id='word_1_92' title='bbox 662 1088 782 1151; x_wconf 88' lang='lat' dir='ltr'>proiertur</span> <span class='ocrx_word' id='word_1_93' title='bbox 808 1101 883 1153; x_wconf 89' lang='lat' dir='ltr'>quam</span> <span class='ocrx_word' id='word_1_94' title='bbox 908 1086 1012 1143; x_wconf 85' lang='lat' dir='ltr'>debeat,</span> <span class='ocrx_word' id='word_1_95' title='bbox 1037 1085 1153 1136; x_wconf 77' lang='lat' dir='ltr'>videlicet</span> <span class='ocrx_word' id='word_1_96' title='bbox 1171 1088 1204 1136; x_wconf 93' lang='lat' dir='ltr'>ed</span> <span class='ocrx_word' id='word_1_97' title='bbox 1222 1088 1389 1151; x_wconf 72' lang='lat' dir='ltr'>quantitatem</span> <span class='ocrx_word' id='word_1_98' title='bbox 1414 1086 1461 1136; x_wconf 87' lang='grc' dir='ltr'>ΔΒ</span> <span class='ocrx_word' id='word_1_99' title='bbox 1482 1084 1583 1147; x_wconf 79' lang='lat' dir='ltr'>(ratioet</span> 
     </span>
     <span class='ocr_line' id='line_1_13' title="bbox 663 1154 1582 1223; baseline 0.001 -16"><span class='ocrx_word' id='word_1_100' title='bbox 663 1154 824 1223; x_wconf 83' lang='lat' dir='ltr'>hypothesis),</span> <span class='ocrx_word' id='word_1_101' title='bbox 839 1165 937 1208; x_wconf 87' lang='lat' dir='ltr'>tantmn</span> <span class='ocrx_word' id='word_1_102' title='bbox 950 1165 1046 1221; x_wconf 78' lang='lat' dir='ltr'>oportet</span> <span class='ocrx_word' id='word_1_103' title='bbox 1057 1167 1084 1208; x_wconf 89' lang='lat' dir='ltr'>te</span> <span class='ocrx_word' id='word_1_104' title='bbox 1096 1170 1191 1207; x_wconf 88' lang='lat' dir='ltr'>rursum</span> <span class='ocrx_word' id='word_1_105' title='bbox 1204 1157 1334 1209; x_wconf 72' lang='lat' dir='ltr'>detrahere</span> <span class='ocrx_word' id='word_1_106' title='bbox 1347 1159 1379 1208; x_wconf 92' lang='lat' dir='ltr'>eh</span> <span class='ocrx_word' id='word_1_107' title='bbox 1393 1159 1582 1215; x_wconf 85' lang='lat' dir='ltr'>eccentricitate.</span> 
     </span>
     <span class='ocr_line' id='line_1_14' title="bbox 663 1228 1595 1299; baseline 0.001 -21"><span class='ocrx_word' id='word_1_108' title='bbox 663 1232 700 1279; x_wconf 87' lang='lat' dir='ltr'>rel</span> <span class='ocrx_word' id='word_1_109' title='bbox 719 1231 783 1295; x_wconf 93' lang='lat' dir='ltr'>quod</span> <span class='ocrx_word' id='word_1_110' title='bbox 800 1231 866 1280; x_wconf 88' lang='lat' dir='ltr'>idem</span> <span class='ocrx_word' id='word_1_111' title='bbox 885 1239 924 1279; x_wconf 88' lang='lat' dir='ltr'>est</span> <span class='ocrx_word' id='word_1_112' title='bbox 942 1244 958 1278; x_wconf 87' lang='lat' dir='ltr'>a</span> <span class='ocrx_word' id='word_1_113' title='bbox 976 1229 1096 1278; x_wconf 84' lang='lat' dir='ltr'>distantia</span> <span class='ocrx_word' id='word_1_114' title='bbox 1113 1228 1201 1299; x_wconf 69' lang='lat' dir='ltr'>Martis</span> <span class='ocrx_word' id='word_1_115' title='bbox 1220 1244 1237 1279; x_wconf 85' lang='lat' dir='ltr'>a</span> <span class='ocrx_word' id='word_1_116' title='bbox 1255 1228 1389 1291; x_wconf 78' lang='lat' dir='ltr'>Terra,&#39;ut</span> <span class='ocrx_word' id='word_1_117' title='bbox 1406 1244 1492 1280; x_wconf 86' lang='lat' dir='ltr'>verum</span> <span class='ocrx_word' id='word_1_118' title='bbox 1509 1228 1595 1295; x_wconf 60' lang='lat' dir='ltr'>perd·</span> 
     </span>
     <span class='ocr_line' id='line_1_15' title="bbox 662 1300 1066 1366; baseline -0.005 -16"><span class='ocrx_word' id='word_1_119' title='bbox 662 1303 745 1351; x_wconf 81' lang='lat' dir='ltr'>laxem</span> <span class='ocrx_word' id='word_1_120' title='bbox 764 1300 882 1366; x_wconf 83' lang='lat' dir='ltr'>angulum</span> <span class='ocrx_word' id='word_1_121' title='bbox 901 1303 1066 1365; x_wconf 83' lang='lat' dir='ltr'>consequaris.</span> 
     </span>
    </p>

    <p class='ocr_par' dir='ltr' id='par_1_5' title="bbox 233 1371 1584 1798">
     <span class='ocr_line' id='line_1_16' title="bbox 326 1371 1583 1441; baseline -0.002 -15"><span class='ocrx_word' id='word_1_122' title='bbox 326 1375 375 1426; x_wconf 83' lang='lat' dir='ltr'>Hic</span> <span class='ocrx_word' id='word_1_123' title='bbox 394 1376 438 1424; x_wconf 93' lang='lat' dir='ltr'>tibi</span> <span class='ocrx_word' id='word_1_124' title='bbox 458 1373 560 1423; x_wconf 89' lang='lat' dir='ltr'>ostendo</span> <span class='ocrx_word' id='word_1_125' title='bbox 579 1388 662 1424; x_wconf 84' lang='lat' dir='ltr'>veram</span> <span class='ocrx_word' id='word_1_126' title='bbox 681 1387 784 1423; x_wconf 89' lang='lat' dir='ltr'>causam</span> <span class='ocrx_word' id='word_1_127' title='bbox 796 1382 855 1422; x_wconf 86' lang='lat' dir='ltr'>tuae</span> <span class='ocrx_word' id='word_1_128' title='bbox 873 1373 1058 1441; x_wconf 70' lang='lat' dir='ltr'>subtractionis,</span> <span class='ocrx_word' id='word_1_129' title='bbox 1077 1386 1149 1435; x_wconf 88' lang='lat' dir='ltr'>quem</span> <span class='ocrx_word' id='word_1_130' title='bbox 1163 1378 1190 1420; x_wconf 88' lang='lat' dir='ltr'>tu</span> <span class='ocrx_word' id='word_1_131' title='bbox 1204 1387 1233 1421; x_wconf 83' lang='lat' dir='ltr'>ex</span> <span class='ocrx_word' id='word_1_132' title='bbox 1250 1380 1295 1421; x_wconf 89' lang='lat' dir='ltr'>tua</span> <span class='ocrx_word' id='word_1_133' title='bbox 1314 1371 1444 1437; x_wconf 87' lang='lat' dir='ltr'>hypothesi</span> <span class='ocrx_word' id='word_1_134' title='bbox 1464 1371 1583 1423; x_wconf 82' lang='lat' dir='ltr'>commode</span> 
     </span>
     <span class='ocr_line' id='line_1_17' title="bbox 235 1443 1583 1510; baseline -0.003 -11"><span class='ocrx_word' id='word_1_135' title='bbox 235 1448 370 1499; x_wconf 77' lang='lat' dir='ltr'>defendere</span> <span class='ocrx_word' id='word_1_136' title='bbox 389 1462 437 1496; x_wconf 91' lang='lat' dir='ltr'>non</span> <span class='ocrx_word' id='word_1_137' title='bbox 457 1448 556 1510; x_wconf 89' lang='lat' dir='ltr'>poteris,</span> <span class='ocrx_word' id='word_1_138' title='bbox 577 1454 602 1496; x_wconf 92' lang='lat' dir='ltr'>et</span> <span class='ocrx_word' id='word_1_139' title='bbox 614 1448 650 1495; x_wconf 89' lang='lat' dir='ltr'>sic</span> <span class='ocrx_word' id='word_1_140' title='bbox 661 1445 737 1505; x_wconf 79' lang='lat' dir='ltr'>rides,</span> <span class='ocrx_word' id='word_1_141' title='bbox 758 1452 870 1494; x_wconf 88' lang='lat' dir='ltr'>centrum</span> <span class='ocrx_word' id='word_1_142' title='bbox 889 1444 1022 1493; x_wconf 88' lang='lat' dir='ltr'>eccentrioi</span> <span class='ocrx_word' id='word_1_143' title='bbox 1033 1445 1059 1492; x_wconf 92' lang='lat' dir='ltr'>iu</span> <span class='ocrx_word' id='word_1_144' title='bbox 1074 1444 1121 1492; x_wconf 87' lang='lat' dir='ltr'>alio</span> <span class='ocrx_word' id='word_1_145' title='bbox 1141 1443 1198 1493; x_wconf 91' lang='lat' dir='ltr'>orbe</span> <span class='ocrx_word' id='word_1_146' title='bbox 1216 1444 1271 1493; x_wconf 81' lang='lat' dir='ltr'>vehi</span> <span class='ocrx_word' id='word_1_147' title='bbox 1291 1452 1316 1494; x_wconf 92' lang='lat' dir='ltr'>et</span> <span class='ocrx_word' id='word_1_148' title='bbox 1330 1445 1421 1494; x_wconf 78' lang='lat' dir='ltr'>frustra</span> <span class='ocrx_word' id='word_1_149' title='bbox 1440 1450 1583 1509; x_wconf 63' lang='lat' dir='ltr'>amnentur</span> 
     </span>
     <span class='ocr_line' id='line_1_18' title="bbox 236 1515 1584 1580; baseline -0.003 -10"><span class='ocrx_word' id='word_1_150' title='bbox 236 1520 288 1570; x_wconf 86' lang='lat' dir='ltr'>Soli</span> <span class='ocrx_word' id='word_1_151' title='bbox 306 1519 400 1567; x_wconf 80' lang='lat' dir='ltr'>tribuis.</span> <span class='ocrx_word' id='word_1_152' title='bbox 440 1518 466 1567; x_wconf 91' lang='lat' dir='ltr'>Si</span> <span class='ocrx_word' id='word_1_153' title='bbox 484 1517 670 1567; x_wconf 87' lang='lat' dir='ltr'>meaUranlca</span> <span class='ocrx_word' id='word_1_154' title='bbox 688 1518 781 1580; x_wconf 87' lang='lat' dir='ltr'>scripta</span> <span class='ocrx_word' id='word_1_155' title='bbox 800 1515 865 1580; x_wconf 90' lang='lat' dir='ltr'>apud</span> <span class='ocrx_word' id='word_1_156' title='bbox 884 1515 1062 1571; x_wconf 73' lang='lat' dir='ltr'>misissent,</span> <span class='ocrx_word' id='word_1_157' title='bbox 1088 1515 1172 1563; x_wconf 86' lang='lat' dir='ltr'>omnia</span> <span class='ocrx_word' id='word_1_158' title='bbox 1199 1516 1275 1564; x_wconf 87' lang='lat' dir='ltr'>insius</span> <span class='ocrx_word' id='word_1_159' title='bbox 1302 1517 1480 1567; x_wconf 86' lang='lat' dir='ltr'>declaraaeem.</span> <span class='ocrx_word' id='word_1_160' title='bbox 1517 1515 1584 1566; x_wconf 76' lang='lat' dir='ltr'>nau</span> 
     </span>
     <span class='ocr_line' id='line_1_19' title="bbox 234 1586 1583 1655; baseline -0.002 -15"><span class='ocrx_word' id='word_1_161' title='bbox 234 1589 383 1655; x_wconf 80' lang='lat' dir='ltr'>hypothesin</span> <span class='ocrx_word' id='word_1_162' title='bbox 403 1590 492 1638; x_wconf 85' lang='lat' dir='ltr'>multis</span> <span class='ocrx_word' id='word_1_163' title='bbox 519 1591 645 1638; x_wconf 83' lang='lat' dir='ltr'>nocturnis</span> <span class='ocrx_word' id='word_1_164' title='bbox 665 1594 691 1637; x_wconf 91' lang='lat' dir='ltr'>et</span> <span class='ocrx_word' id='word_1_165' title='bbox 709 1589 800 1637; x_wconf 91' lang='lat' dir='ltr'>diurnis</span> <span class='ocrx_word' id='word_1_166' title='bbox 828 1586 1018 1651; x_wconf 81' lang='lat' dir='ltr'>cogitationibus</span> <span class='ocrx_word' id='word_1_167' title='bbox 1045 1586 1129 1635; x_wconf 84' lang='lat' dir='ltr'>effluxi</span> <span class='ocrx_word' id='word_1_168' title='bbox 1147 1593 1173 1634; x_wconf 84' lang='lat' dir='ltr'>et</span> <span class='ocrx_word' id='word_1_169' title='bbox 1196 1595 1255 1650; x_wconf 90' lang='lat' dir='ltr'>puto</span> <span class='ocrx_word' id='word_1_170' title='bbox 1283 1589 1381 1637; x_wconf 82' lang='lat' dir='ltr'>veritati</span> <span class='ocrx_word' id='word_1_171' title='bbox 1409 1601 1583 1651; x_wconf 84' lang='lat' dir='ltr'>responsuram</span> 
     </span>
     <span class='ocr_line' id='line_1_20' title="bbox 234 1658 1584 1723; baseline -0.003 -11"><span class='ocrx_word' id='word_1_172' title='bbox 234 1662 418 1712; x_wconf 83' lang='lat' dir='ltr'>Comtitueram</span> <span class='ocrx_word' id='word_1_173' title='bbox 437 1675 492 1710; x_wconf 86' lang='lat' dir='ltr'>eam</span> <span class='ocrx_word' id='word_1_174' title='bbox 518 1660 557 1709; x_wconf 92' lang='lat' dir='ltr'>hic</span> <span class='ocrx_word' id='word_1_175' title='bbox 583 1662 676 1710; x_wconf 88' lang='lat' dir='ltr'>mditer</span> <span class='ocrx_word' id='word_1_176' title='bbox 704 1659 813 1709; x_wconf 80' lang='lat' dir='ltr'>effictam</span> <span class='ocrx_word' id='word_1_177' title='bbox 838 1659 934 1708; x_wconf 82' lang='lat' dir='ltr'>calculo</span> <span class='ocrx_word' id='word_1_178' title='bbox 962 1659 1133 1723; x_wconf 80' lang='lat' dir='ltr'>comprobem,</span> <span class='ocrx_word' id='word_1_179' title='bbox 1162 1672 1246 1709; x_wconf 85' lang='lat' dir='ltr'>verum</span> <span class='ocrx_word' id='word_1_180' title='bbox 1274 1660 1412 1710; x_wconf 86' lang='lat' dir='ltr'>incidentes</span> <span class='ocrx_word' id='word_1_181' title='bbox 1431 1658 1492 1709; x_wconf 89' lang='lat' dir='ltr'>belli</span> <span class='ocrx_word' id='word_1_182' title='bbox 1511 1664 1584 1709; x_wconf 78' lang='lat' dir='ltr'>metm</span> 
     </span>
     <span class='ocr_line' id='line_1_21' title="bbox 233 1730 1487 1798; baseline -0.002 -15"><span class='ocrx_word' id='word_1_183' title='bbox 233 1732 429 1798; x_wconf 76' lang='lat' dir='ltr'>impediremnt3</span> <span class='ocrx_word' id='word_1_184' title='bbox 450 1739 563 1781; x_wconf 91' lang='lat' dir='ltr'>attamen</span> <span class='ocrx_word' id='word_1_185' title='bbox 581 1732 653 1781; x_wconf 83' lang='lat' dir='ltr'>valde</span> <span class='ocrx_word' id='word_1_186' title='bbox 672 1731 764 1794; x_wconf 86' lang='lat' dir='ltr'>placet,</span> <span class='ocrx_word' id='word_1_187' title='bbox 783 1745 839 1780; x_wconf 89' lang='lat' dir='ltr'>cum</span> <span class='ocrx_word' id='word_1_188' title='bbox 857 1744 907 1779; x_wconf 90' lang='lat' dir='ltr'>non</span> <span class='ocrx_word' id='word_1_189' title='bbox 925 1731 1019 1779; x_wconf 77' lang='lat' dir='ltr'>vicaria</span> <span class='ocrx_word' id='word_1_190' title='bbox 1036 1730 1166 1793; x_wconf 84' lang='lat' dir='ltr'>hypothesi</span> <span class='ocrx_word' id='word_1_191' title='bbox 1185 1744 1246 1794; x_wconf 85' lang='lat' dir='ltr'>opus</span> <span class='ocrx_word' id='word_1_192' title='bbox 1264 1730 1366 1786; x_wconf 84' lang='lat' dir='ltr'>habeat,</span> <span class='ocrx_word' id='word_1_193' title='bbox 1387 1738 1415 1780; x_wconf 91' lang='lat' dir='ltr'>ut</span> <span class='ocrx_word' id='word_1_194' title='bbox 1432 1737 1487 1780; x_wconf 79' lang='grc' dir='ltr'>ιιι.</span> 
     </span>
    </p>

    <p class='ocr_par' dir='ltr' id='par_1_6' title="bbox 232 1800 1589 2297">
     <span class='ocr_line' id='line_1_22' title="bbox 322 1800 1587 1866; baseline 0 -14"><span class='ocrx_word' id='word_1_195' title='bbox 322 1802 592 1852; x_wconf 75' lang='lat' dir='ltr'>commensurationem</span> <span class='ocrx_word' id='word_1_196' title='bbox 611 1817 627 1851; x_wconf 92' lang='lat' dir='ltr'>a</span> <span class='ocrx_word' id='word_1_197' title='bbox 644 1818 684 1852; x_wconf 89' lang='lat' dir='ltr'>me</span> <span class='ocrx_word' id='word_1_198' title='bbox 702 1805 727 1852; x_wconf 93' lang='lat' dir='ltr'>in</span> <span class='ocrx_word' id='word_1_199' title='bbox 746 1800 794 1851; x_wconf 90' lang='lat' dir='ltr'>hac</span> <span class='ocrx_word' id='word_1_200' title='bbox 823 1804 985 1851; x_wconf 86' lang='lat' dir='ltr'>constitutam</span> <span class='ocrx_word' id='word_1_201' title='bbox 1011 1808 1132 1866; x_wconf 90' lang='lat' dir='ltr'>quantum</span> <span class='ocrx_word' id='word_1_202' title='bbox 1164 1802 1190 1850; x_wconf 92' lang='lat' dir='ltr'>in</span> <span class='ocrx_word' id='word_1_203' title='bbox 1213 1804 1332 1852; x_wconf 83' lang='lat' dir='ltr'>memoris</span> <span class='ocrx_word' id='word_1_204' title='bbox 1358 1810 1431 1852; x_wconf 88' lang='lat' dir='ltr'>teneo</span> <span class='ocrx_word' id='word_1_205' title='bbox 1459 1802 1587 1852; x_wconf 64' lang='lat' dir='ltr'>emerito:</span> 
     </span>
     <span class='ocr_line' id='line_1_23' title="bbox 232 1869 1587 1939; baseline -0.001 -14"><span class='ocrx_word' id='word_1_206' title='bbox 232 1875 452 1925; x_wconf 84' lang='lat' dir='ltr'>Eccentricitatem</span> <span class='ocrx_word' id='word_1_207' title='bbox 477 1874 565 1923; x_wconf 84' lang='lat' dir='ltr'>Martis</span> <span class='ocrx_word' id='word_1_208' title='bbox 589 1874 724 1939; x_wconf 85' lang='lat' dir='ltr'>simplicem</span> <span class='ocrx_word' id='word_1_209' title='bbox 752 1875 838 1936; x_wconf 91' lang='lat' dir='ltr'>accepi</span> <span class='ocrx_word' id='word_1_210' title='bbox 866 1871 969 1929; x_wconf 81' lang='lat'>20050.</span> <span class='ocrx_word' id='word_1_211' title='bbox 998 1873 1209 1923; x_wconf 82' lang='lat' dir='ltr'>semidiametrum</span> <span class='ocrx_word' id='word_1_212' title='bbox 1240 1875 1340 1936; x_wconf 91' lang='lat' dir='ltr'>majoris</span> <span class='ocrx_word' id='word_1_213' title='bbox 1368 1873 1462 1924; x_wconf 91' lang='lat' dir='ltr'>circelli</span> <span class='ocrx_word' id='word_1_214' title='bbox 1490 1869 1587 1932; x_wconf 79' lang='lat' dir='ltr'>1eett,</span> 
     </span>
     <span class='ocr_line' id='line_1_24' title="bbox 232 1941 1585 2007; baseline -0.001 -11"><span class='ocrx_word' id='word_1_215' title='bbox 232 1947 333 1996; x_wconf 89' lang='lat' dir='ltr'>minoris</span> <span class='ocrx_word' id='word_1_216' title='bbox 353 1942 439 2002; x_wconf 81' lang='grc' dir='ltr'>379ος</span> <span class='ocrx_word' id='word_1_217' title='bbox 459 1946 580 1995; x_wconf 79' lang='grc' dir='ltr'>(ιιιιιιιίι</span> <span class='ocrx_word' id='word_1_218' title='bbox 597 1948 676 1995; x_wconf 84' lang='grc' dir='ltr'>ιιιιιι</span> <span class='ocrx_word' id='word_1_219' title='bbox 695 1947 758 1995; x_wconf 89' lang='lat' dir='ltr'>orbis</span> <span class='ocrx_word' id='word_1_220' title='bbox 777 1945 883 1994; x_wconf 88' lang='lat' dir='ltr'>aTerra</span> <span class='ocrx_word' id='word_1_221' title='bbox 901 1943 934 1993; x_wconf 87' lang='lat' dir='ltr'>ad</span> <span class='ocrx_word' id='word_1_222' title='bbox 955 1941 983 2007; x_wconf 81' lang='lat' dir='ltr'>¹l,</span> <span class='ocrx_word' id='word_1_223' title='bbox 1006 1944 1200 1995; x_wconf 87' lang='lat' dir='ltr'>eccentricitatis</span> <span class='ocrx_word' id='word_1_224' title='bbox 1220 1943 1283 1995; x_wconf 89' lang='lat' dir='ltr'>Solis</span> <span class='ocrx_word' id='word_1_225' title='bbox 1303 1946 1448 1994; x_wconf 84' lang='lat' dir='ltr'>constituta.</span> <span class='ocrx_word' id='word_1_226' title='bbox 1477 1945 1585 1995; x_wconf 73' lang='lat' dir='ltr'>anoma-</span> 
     </span>
     <span class='ocr_line' id='line_1_25' title="bbox 232 2013 1586 2081; baseline -0.001 -13"><span class='ocrx_word' id='word_1_227' title='bbox 232 2019 292 2068; x_wconf 88' lang='lat' dir='ltr'>liem</span> <span class='ocrx_word' id='word_1_228' title='bbox 310 2016 398 2066; x_wconf 86' lang='lat' dir='ltr'>Martis</span> <span class='ocrx_word' id='word_1_229' title='bbox 416 2018 533 2081; x_wconf 83' lang='lat' dir='ltr'>aequabis</span> <span class='ocrx_word' id='word_1_230' title='bbox 552 2032 595 2079; x_wconf 91' lang='lat' dir='ltr'>per</span> <span class='ocrx_word' id='word_1_231' title='bbox 613 2017 731 2081; x_wconf 79' lang='lat' dir='ltr'>angulum</span> <span class='ocrx_word' id='word_1_232' title='bbox 750 2015 822 2072; x_wconf 84' lang='lat' dir='ltr'>GEB,</span> <span class='ocrx_word' id='word_1_233' title='bbox 841 2031 885 2078; x_wconf 91' lang='lat' dir='ltr'>per</span> <span class='ocrx_word' id='word_1_234' title='bbox 903 2018 1005 2080; x_wconf 82' lang='lat' dir='ltr'>cognita</span> <span class='ocrx_word' id='word_1_235' title='bbox 1025 2016 1107 2065; x_wconf 85' lang='lat' dir='ltr'>latera</span> <span class='ocrx_word' id='word_1_236' title='bbox 1125 2013 1176 2071; x_wconf 78' lang='grc' dir='ltr'>ΟΒ,</span> <span class='ocrx_word' id='word_1_237' title='bbox 1195 2015 1260 2080; x_wconf 93' lang='lat' dir='ltr'>quod</span> <span class='ocrx_word' id='word_1_238' title='bbox 1279 2016 1395 2065; x_wconf 88' lang='lat' dir='ltr'>dimidiae</span> <span class='ocrx_word' id='word_1_239' title='bbox 1414 2016 1479 2067; x_wconf 83' lang='lat' dir='ltr'>Solis</span> <span class='ocrx_word' id='word_1_240' title='bbox 1498 2029 1586 2067; x_wconf 83' lang='lat' dir='ltr'>ecten-</span> 
     </span>
     <span class='ocr_line' id='line_1_26' title="bbox 232 2086 1589 2152; baseline -0.002 -13"><span class='ocrx_word' id='word_1_241' title='bbox 232 2090 337 2139; x_wconf 87' lang='lat' dir='ltr'>tricitati</span> <span class='ocrx_word' id='word_1_242' title='bbox 356 2088 459 2152; x_wconf 75' lang='lat' dir='ltr'>aequale</span> <span class='ocrx_word' id='word_1_243' title='bbox 478 2095 503 2137; x_wconf 93' lang='lat' dir='ltr'>et</span> <span class='ocrx_word' id='word_1_244' title='bbox 521 2088 564 2138; x_wconf 87' lang='lat' dir='ltr'>BE</span> <span class='ocrx_word' id='word_1_245' title='bbox 588 2089 684 2137; x_wconf 87' lang='lat' dir='ltr'>radium</span> <span class='ocrx_word' id='word_1_246' title='bbox 703 2095 728 2138; x_wconf 89' lang='lat' dir='ltr'>et</span> <span class='ocrx_word' id='word_1_247' title='bbox 746 2087 864 2152; x_wconf 77' lang='lat' dir='ltr'>angulum</span> <span class='ocrx_word' id='word_1_248' title='bbox 886 2086 959 2136; x_wconf 84' lang='lat' dir='ltr'>ECB.</span> <span class='ocrx_word' id='word_1_249' title='bbox 998 2086 1099 2147; x_wconf 84' lang='lat' dir='ltr'>Quaeso</span> <span class='ocrx_word' id='word_1_250' title='bbox 1123 2089 1249 2137; x_wconf 83' lang='lat' dir='ltr'>examines</span> <span class='ocrx_word' id='word_1_251' title='bbox 1268 2095 1294 2138; x_wconf 89' lang='lat' dir='ltr'>et</span> <span class='ocrx_word' id='word_1_252' title='bbox 1317 2087 1412 2137; x_wconf 76' lang='lat' dir='ltr'>salcido</span> <span class='ocrx_word' id='word_1_253' title='bbox 1436 2088 1589 2151; x_wconf 81' lang='lat' dir='ltr'>comprobes.</span> 
     </span>
     <span class='ocr_line' id='line_1_27' title="bbox 233 2159 1587 2226; baseline -0.001 -15"><span class='ocrx_word' id='word_1_254' title='bbox 233 2161 287 2226; x_wconf 80' lang='lat' dir='ltr'>Ego</span> <span class='ocrx_word' id='word_1_255' title='bbox 315 2159 457 2210; x_wconf 89' lang='lat' dir='ltr'>reductione</span> <span class='ocrx_word' id='word_1_256' title='bbox 475 2159 638 2221; x_wconf 84' lang='lat' dir='ltr'>Tychoniana</span> <span class='ocrx_word' id='word_1_257' title='bbox 660 2159 693 2209; x_wconf 92' lang='lat' dir='ltr'>ad</span> <span class='ocrx_word' id='word_1_258' title='bbox 719 2166 817 2222; x_wconf 89' lang='lat' dir='ltr'>tempus</span> <span class='ocrx_word' id='word_1_259' title='bbox 844 2159 891 2208; x_wconf 90' lang='lat' dir='ltr'>hoc</span> <span class='ocrx_word' id='word_1_260' title='bbox 917 2173 977 2207; x_wconf 84' lang='lat' dir='ltr'>usus</span> <span class='ocrx_word' id='word_1_261' title='bbox 1002 2173 1056 2207; x_wconf 91' lang='lat' dir='ltr'>sum</span> <span class='ocrx_word' id='word_1_262' title='bbox 1081 2165 1108 2207; x_wconf 88' lang='grc' dir='ltr'>ιι</span> <span class='ocrx_word' id='word_1_263' title='bbox 1132 2160 1268 2208; x_wconf 87' lang='lat' dir='ltr'>etiamnum</span> <span class='ocrx_word' id='word_1_264' title='bbox 1295 2167 1369 2215; x_wconf 88' lang='lat' dir='ltr'>utor,</span> <span class='ocrx_word' id='word_1_265' title='bbox 1397 2173 1475 2222; x_wconf 89' lang='lat' dir='ltr'>quere</span> <span class='ocrx_word' id='word_1_266' title='bbox 1492 2161 1522 2208; x_wconf 89' lang='lat' dir='ltr'>in</span> <span class='ocrx_word' id='word_1_267' title='bbox 1539 2159 1587 2209; x_wconf 78' lang='lat' dir='ltr'>hae</span> 
     </span>
     <span class='ocr_line' id='line_1_28' title="bbox 233 2227 1588 2297; baseline -0.002 -16"><span class='ocrx_word' id='word_1_268' title='bbox 233 2231 362 2296; x_wconf 81' lang='lat' dir='ltr'>hypothesi</span> <span class='ocrx_word' id='word_1_269' title='bbox 380 2231 447 2281; x_wconf 87' lang='lat' dir='ltr'>idem</span> <span class='ocrx_word' id='word_1_270' title='bbox 465 2238 493 2279; x_wconf 92' lang='lat' dir='ltr'>tu</span> <span class='ocrx_word' id='word_1_271' title='bbox 511 2232 589 2280; x_wconf 88' lang='lat' dir='ltr'>iacias</span> <span class='ocrx_word' id='word_1_272' title='bbox 608 2245 710 2280; x_wconf 88' lang='lat' dir='ltr'>necesse</span> <span class='ocrx_word' id='word_1_273' title='bbox 729 2238 773 2281; x_wconf 87' lang='lat' dir='ltr'>est</span> <span class='ocrx_word' id='word_1_274' title='bbox 811 2231 905 2280; x_wconf 86' lang='lat' dir='ltr'>Exacte</span> <span class='ocrx_word' id='word_1_275' title='bbox 924 2230 1007 2279; x_wconf 88' lang='lat' dir='ltr'>omnia</span> <span class='ocrx_word' id='word_1_276' title='bbox 1028 2229 1137 2279; x_wconf 91' lang='lat' dir='ltr'>nondum</span> <span class='ocrx_word' id='word_1_277' title='bbox 1155 2236 1184 2279; x_wconf 90' lang='lat' dir='ltr'>ut</span> <span class='ocrx_word' id='word_1_278' title='bbox 1202 2229 1251 2279; x_wconf 84' lang='lat' dir='ltr'>dixi</span> <span class='ocrx_word' id='word_1_279' title='bbox 1271 2227 1314 2292; x_wconf 87' lang='lat' dir='ltr'>(ob</span> <span class='ocrx_word' id='word_1_280' title='bbox 1332 2231 1429 2279; x_wconf 87' lang='lat' dir='ltr'>illatum</span> <span class='ocrx_word' id='word_1_281' title='bbox 1447 2230 1487 2278; x_wconf 90' lang='lat' dir='ltr'>hie</span> <span class='ocrx_word' id='word_1_282' title='bbox 1506 2232 1588 2297; x_wconf 72' lang='lat' dir='ltr'>reqio-</span> 
     </span>
    </p>
   </div>
   <div class='ocr_carea' id='block_1_3' title="bbox 234 2300 1588 2376">
    <p class='ocr_par' dir='ltr' id='par_1_7' title="bbox 234 2300 1588 2376">
     <span class='ocr_line' id='line_1_29' title="bbox 234 2300 1588 2376; baseline -0.004 -14"><span class='ocrx_word' id='word_1_283' title='bbox 234 2313 305 2363; x_wconf 87' lang='lat' dir='ltr'>nibue</span> <span class='ocrx_word' id='word_1_284' title='bbox 324 2309 426 2370; x_wconf 88' lang='lat' dir='ltr'>bellum)</span> <span class='ocrx_word' id='word_1_285' title='bbox 446 2312 568 2360; x_wconf 86' lang='lat' dir='ltr'>constitui.</span> <span class='ocrx_word' id='word_1_286' title='bbox 606 2300 774 2375; x_wconf 79' lang='lat' dir='ltr'>(Kepleruss</span> <span class='ocrx_word' id='word_1_287' title='bbox 796 2305 858 2375; x_wconf 84' lang='lat' dir='ltr'>Ego</span> <span class='ocrx_word' id='word_1_288' title='bbox 879 2322 944 2357; x_wconf 80' lang='lat' dir='ltr'>sero</span> <span class='ocrx_word' id='word_1_289' title='bbox 966 2322 1020 2357; x_wconf 90' lang='lat' dir='ltr'>nou</span> <span class='ocrx_word' id='word_1_290' title='bbox 1040 2303 1235 2373; x_wconf 86' lang='lat' dir='ltr'>praeconcipio</span> <span class='ocrx_word' id='word_1_291' title='bbox 1256 2304 1394 2376; x_wconf 82' lang='lat' dir='ltr'>integram</span> <span class='ocrx_word' id='word_1_292' title='bbox 1415 2301 1588 2374; x_wconf 82' lang='lat' dir='ltr'>hypothesin</span> 
     </span>
    </p>
   </div>
   <div class='ocr_carea' id='block_1_4' title="bbox 183 2378 1617 4835">
    <p class='ocr_par' dir='ltr' id='par_1_8' title="bbox 183 2378 1590 3027">
     <span class='ocr_line' id='line_1_30' title="bbox 234 2378 1588 2457; baseline -0.001 -16"><span class='ocrx_word' id='word_1_293' title='bbox 234 2402 315 2457; x_wconf 85' lang='lat' dir='ltr'>quam</span> <span class='ocrx_word' id='word_1_294' title='bbox 336 2391 438 2454; x_wconf 86' lang='lat' dir='ltr'>postes</span> <span class='ocrx_word' id='word_1_295' title='bbox 457 2385 646 2454; x_wconf 72' lang='lat' dir='ltr'>comprobem</span> <span class='ocrx_word' id='word_1_296' title='bbox 672 2385 791 2455; x_wconf 86' lang='lat' dir='ltr'>plurima</span> <span class='ocrx_word' id='word_1_297' title='bbox 810 2403 882 2454; x_wconf 89' lang='lat' dir='ltr'>pono</span> <span class='ocrx_word' id='word_1_298' title='bbox 903 2384 1030 2455; x_wconf 89' lang='lat' dir='ltr'>principii</span> <span class='ocrx_word' id='word_1_299' title='bbox 1051 2385 1124 2448; x_wconf 85' lang='lat' dir='ltr'>loco,</span> <span class='ocrx_word' id='word_1_300' title='bbox 1147 2386 1209 2438; x_wconf 90' lang='lat' dir='ltr'>inde</span> <span class='ocrx_word' id='word_1_301' title='bbox 1230 2402 1330 2454; x_wconf 86' lang='lat' dir='ltr'>sequor</span> <span class='ocrx_word' id='word_1_302' title='bbox 1351 2378 1588 2453; x_wconf 75' lang='lat' dir='ltr'>observationes.)</span> 
     </span>
     <span class='ocr_line' id='line_1_31' title="bbox 235 2461 1588 2529; baseline -0.001 -15"><span class='ocrx_word' id='word_1_303' title='bbox 235 2464 276 2514; x_wconf 77' lang='lat' dir='ltr'>sto</span> <span class='ocrx_word' id='word_1_304' title='bbox 295 2470 323 2514; x_wconf 90' lang='lat' dir='ltr'>tn</span> <span class='ocrx_word' id='word_1_305' title='bbox 342 2469 427 2529; x_wconf 86' lang='lat' dir='ltr'>aperte</span> <span class='ocrx_word' id='word_1_306' title='bbox 454 2463 531 2520; x_wconf 87' lang='lat' dir='ltr'>rides,</span> <span class='ocrx_word' id='word_1_307' title='bbox 550 2462 657 2513; x_wconf 87' lang='lat' dir='ltr'>Martem</span> <span class='ocrx_word' id='word_1_308' title='bbox 683 2479 734 2513; x_wconf 90' lang='lat' dir='ltr'>non</span> <span class='ocrx_word' id='word_1_309' title='bbox 760 2479 843 2513; x_wconf 82' lang='lat' dir='ltr'>verum</span> <span class='ocrx_word' id='word_1_310' title='bbox 866 2465 910 2512; x_wconf 87' lang='lat' dir='ltr'>sed</span> <span class='ocrx_word' id='word_1_311' title='bbox 935 2464 1042 2512; x_wconf 88' lang='lat' dir='ltr'>medium</span> <span class='ocrx_word' id='word_1_312' title='bbox 1065 2461 1128 2511; x_wconf 90' lang='lat' dir='ltr'>Solis</span> <span class='ocrx_word' id='word_1_313' title='bbox 1156 2470 1251 2512; x_wconf 91' lang='lat' dir='ltr'>motum</span> <span class='ocrx_word' id='word_1_314' title='bbox 1279 2463 1410 2513; x_wconf 90' lang='lat' dir='ltr'>eccentrlci</span> <span class='ocrx_word' id='word_1_315' title='bbox 1435 2463 1475 2511; x_wconf 92' lang='lat' dir='ltr'>sui</span> <span class='ocrx_word' id='word_1_316' title='bbox 1504 2468 1588 2513; x_wconf 71' lang='lat' dir='ltr'>centn</span> 
     </span>
     <span class='ocr_line' id='line_1_32' title="bbox 235 2533 1587 2599; baseline -0.001 -14"><span class='ocrx_word' id='word_1_317' title='bbox 235 2535 363 2586; x_wconf 86' lang='lat' dir='ltr'>aemulari.</span> <span class='ocrx_word' id='word_1_318' title='bbox 400 2535 522 2598; x_wconf 82' lang='lat' dir='ltr'>Exspecto</span> <span class='ocrx_word' id='word_1_319' title='bbox 548 2540 593 2584; x_wconf 88' lang='lat' dir='ltr'>tua</span> <span class='ocrx_word' id='word_1_320' title='bbox 620 2535 722 2585; x_wconf 91' lang='lat' dir='ltr'>iuimina</span> <span class='ocrx_word' id='word_1_321' title='bbox 748 2537 911 2599; x_wconf 89' lang='lat' dir='ltr'>imperterrito</span> <span class='ocrx_word' id='word_1_322' title='bbox 940 2536 1030 2584; x_wconf 66' lang='lat' dir='ltr'>ammo,</span> <span class='ocrx_word' id='word_1_323' title='bbox 1068 2533 1130 2582; x_wconf 83' lang='lat' dir='ltr'>Mihi</span> <span class='ocrx_word' id='word_1_324' title='bbox 1148 2535 1235 2598; x_wconf 86' lang='lat' dir='ltr'>placeo</span> <span class='ocrx_word' id='word_1_325' title='bbox 1253 2535 1279 2582; x_wconf 89' lang='lat' dir='ltr'>in</span> <span class='ocrx_word' id='word_1_326' title='bbox 1297 2548 1372 2591; x_wconf 86' lang='lat' dir='ltr'>mea,</span> <span class='ocrx_word' id='word_1_327' title='bbox 1396 2541 1425 2582; x_wconf 91' lang='grc' dir='ltr'>ιι</span> <span class='ocrx_word' id='word_1_328' title='bbox 1442 2541 1470 2582; x_wconf 90' lang='grc' dir='ltr'>ιι</span> <span class='ocrx_word' id='word_1_329' title='bbox 1488 2534 1518 2583; x_wconf 87' lang='lat' dir='ltr'>in</span> <span class='ocrx_word' id='word_1_330' title='bbox 1536 2540 1587 2584; x_wconf 82' lang='lat' dir='ltr'>tea.</span> 
     </span>
     <span class='ocr_line' id='line_1_33' title="bbox 233 2604 1589 2677; baseline -0.001 -20"><span class='ocrx_word' id='word_1_331' title='bbox 233 2606 362 2657; x_wconf 81' lang='lat' dir='ltr'>Miraberis</span> <span class='ocrx_word' id='word_1_332' title='bbox 380 2607 553 2671; x_wconf 79' lang='lat' dir='ltr'>imaginarium</span> <span class='ocrx_word' id='word_1_333' title='bbox 570 2607 632 2656; x_wconf 92' lang='lat' dir='ltr'>illud</span> <span class='ocrx_word' id='word_1_334' title='bbox 650 2614 768 2671; x_wconf 91' lang='lat' dir='ltr'>punctum</span> <span class='ocrx_word' id='word_1_335' title='bbox 786 2607 825 2655; x_wconf 87' lang='lat' dir='ltr'>rel</span> <span class='ocrx_word' id='word_1_336' title='bbox 844 2615 956 2656; x_wconf 88' lang='lat' dir='ltr'>nentrum</span> <span class='ocrx_word' id='word_1_337' title='bbox 974 2606 1108 2656; x_wconf 89' lang='lat' dir='ltr'>eccentrici</span> <span class='ocrx_word' id='word_1_338' title='bbox 1133 2612 1232 2656; x_wconf 88' lang='lat' dir='ltr'>tantum</span> <span class='ocrx_word' id='word_1_339' title='bbox 1255 2620 1326 2668; x_wconf 88' lang='lat' dir='ltr'>posse</span> <span class='ocrx_word' id='word_1_340' title='bbox 1345 2619 1418 2677; x_wconf 84' lang='lat' dir='ltr'>quam</span> <span class='ocrx_word' id='word_1_341' title='bbox 1437 2604 1480 2656; x_wconf 82' lang='lat' dir='ltr'>sol</span> <span class='ocrx_word' id='word_1_342' title='bbox 1500 2607 1530 2656; x_wconf 89' lang='lat' dir='ltr'>in</span> <span class='ocrx_word' id='word_1_343' title='bbox 1546 2613 1589 2656; x_wconf 77' lang='grc' dir='ltr'>ιιι</span> 
     </span>
     <span class='ocr_line' id='line_1_34' title="bbox 234 2676 1585 2743; baseline -0.001 -15"><span class='ocrx_word' id='word_1_344' title='bbox 234 2685 323 2743; x_wconf 85' lang='lat' dir='ltr'>potest.</span> <span class='ocrx_word' id='word_1_345' title='bbox 360 2677 418 2728; x_wconf 90' lang='lat' dir='ltr'>Non</span> <span class='ocrx_word' id='word_1_346' title='bbox 436 2678 490 2728; x_wconf 91' lang='lat' dir='ltr'>dico</span> <span class='ocrx_word' id='word_1_347' title='bbox 509 2678 573 2742; x_wconf 91' lang='lat' dir='ltr'>qnod</span> <span class='ocrx_word' id='word_1_348' title='bbox 591 2685 648 2728; x_wconf 84' lang='lat' dir='ltr'>tuus</span> <span class='ocrx_word' id='word_1_349' title='bbox 667 2679 776 2728; x_wconf 86' lang='lat' dir='ltr'>calculus</span> <span class='ocrx_word' id='word_1_350' title='bbox 795 2680 820 2727; x_wconf 91' lang='lat' dir='ltr'>iu</span> <span class='ocrx_word' id='word_1_351' title='bbox 837 2676 921 2727; x_wconf 82' lang='lat' dir='ltr'>Marte</span> <span class='ocrx_word' id='word_1_352' title='bbox 941 2691 957 2726; x_wconf 87' lang='lat' dir='ltr'>a</span> <span class='ocrx_word' id='word_1_353' title='bbox 974 2693 1030 2726; x_wconf 84' lang='lat' dir='ltr'>vero</span> <span class='ocrx_word' id='word_1_354' title='bbox 1050 2676 1165 2737; x_wconf 82' lang='lat' dir='ltr'>declinet,</span> <span class='ocrx_word' id='word_1_355' title='bbox 1186 2676 1294 2727; x_wconf 92' lang='lat' dir='ltr'>nondum</span> <span class='ocrx_word' id='word_1_356' title='bbox 1312 2679 1378 2726; x_wconf 91' lang='lat' dir='ltr'>enim</span> <span class='ocrx_word' id='word_1_357' title='bbox 1395 2676 1458 2726; x_wconf 87' lang='lat' dir='ltr'>haee</span> <span class='ocrx_word' id='word_1_358' title='bbox 1477 2690 1585 2742; x_wconf 83' lang='lat' dir='ltr'>compro·</span> 
     </span>
     <span class='ocr_line' id='line_1_35' title="bbox 183 2749 1584 2813; baseline -0.002 -14"><span class='ocrx_word' id='word_1_359' title='bbox 183 2797 187 2804; x_wconf 85' lang='grc'><strong>,</strong></span> <span class='ocrx_word' id='word_1_360' title='bbox 234 2751 299 2804; x_wconf 80' lang='lat' dir='ltr'>beri,</span> <span class='ocrx_word' id='word_1_361' title='bbox 320 2756 346 2799; x_wconf 92' lang='lat' dir='ltr'>et</span> <span class='ocrx_word' id='word_1_362' title='bbox 364 2750 427 2804; x_wconf 70' lang='lat' dir='ltr'>diem</span> <span class='ocrx_word' id='word_1_363' title='bbox 446 2749 593 2813; x_wconf 84' lang='lat' dir='ltr'>hypothesin</span> <span class='ocrx_word' id='word_1_364' title='bbox 612 2756 681 2798; x_wconf 84' lang='lat' dir='ltr'>tuam</span> <span class='ocrx_word' id='word_1_365' title='bbox 700 2750 870 2813; x_wconf 76' lang='lat' dir='ltr'>imperfectam</span> <span class='ocrx_word' id='word_1_366' title='bbox 887 2763 949 2804; x_wconf 87' lang='lat' dir='ltr'>esse,</span> <span class='ocrx_word' id='word_1_367' title='bbox 970 2764 1026 2798; x_wconf 90' lang='lat' dir='ltr'>cum</span> <span class='ocrx_word' id='word_1_368' title='bbox 1044 2763 1075 2797; x_wconf 84' lang='lat' dir='ltr'>ex</span> <span class='ocrx_word' id='word_1_369' title='bbox 1092 2763 1144 2797; x_wconf 90' lang='lat' dir='ltr'>una</span> <span class='ocrx_word' id='word_1_370' title='bbox 1160 2757 1242 2798; x_wconf 91' lang='lat' dir='ltr'>motus</span> <span class='ocrx_word' id='word_1_371' title='bbox 1264 2762 1406 2798; x_wconf 87' lang='lat' dir='ltr'>mensurare</span> <span class='ocrx_word' id='word_1_372' title='bbox 1424 2763 1475 2797; x_wconf 91' lang='lat' dir='ltr'>nou</span> <span class='ocrx_word' id='word_1_373' title='bbox 1494 2749 1584 2806; x_wconf 79' lang='lat' dir='ltr'>valete,</span> 
     </span>
     <span class='ocr_line' id='line_1_36' title="bbox 234 2817 1587 2883; baseline -0.001 -12"><span class='ocrx_word' id='word_1_374' title='bbox 234 2835 282 2871; x_wconf 88' lang='lat' dir='ltr'>nec</span> <span class='ocrx_word' id='word_1_375' title='bbox 300 2821 475 2871; x_wconf 89' lang='lat' dir='ltr'>subtractionis</span> <span class='ocrx_word' id='word_1_376' title='bbox 501 2817 571 2867; x_wconf 74' lang='lat'><strong>22⁴0</strong></span> <span class='ocrx_word' id='word_1_377' title='bbox 594 2822 701 2883; x_wconf 85' lang='lat' dir='ltr'>partium</span> <span class='ocrx_word' id='word_1_378' title='bbox 726 2822 757 2868; x_wconf 88' lang='lat' dir='ltr'>ab</span> <span class='ocrx_word' id='word_1_379' title='bbox 780 2822 967 2870; x_wconf 84' lang='lat' dir='ltr'>eccentrioitats</span> <span class='ocrx_word' id='word_1_380' title='bbox 986 2819 1075 2867; x_wconf 85' lang='lat' dir='ltr'>Martis</span> <span class='ocrx_word' id='word_1_381' title='bbox 1099 2821 1220 2869; x_wconf 83' lang='lat' dir='ltr'>rationem</span> <span class='ocrx_word' id='word_1_382' title='bbox 1244 2818 1460 2869; x_wconf 76' lang='lat' dir='ltr'>demonstrabilem</span> <span class='ocrx_word' id='word_1_383' title='bbox 1484 2820 1587 2870; x_wconf 89' lang='lat' dir='ltr'>reddere</span> 
     </span>
     <span class='ocr_line' id='line_1_37' title="bbox 234 2888 1590 2956; baseline 0.001 -15"><span class='ocrx_word' id='word_1_384' title='bbox 234 2893 322 2956; x_wconf 84' lang='lat' dir='ltr'>possis.</span> <span class='ocrx_word' id='word_1_385' title='bbox 347 2891 434 2940; x_wconf 88' lang='lat' dir='ltr'>Potest</span> <span class='ocrx_word' id='word_1_386' title='bbox 452 2891 528 2941; x_wconf 84' lang='lat' dir='ltr'>etiam</span> <span class='ocrx_word' id='word_1_387' title='bbox 545 2890 609 2939; x_wconf 90' lang='lat' dir='ltr'>haec</span> <span class='ocrx_word' id='word_1_388' title='bbox 627 2905 684 2940; x_wconf 91' lang='lat' dir='ltr'>mea</span> <span class='ocrx_word' id='word_1_389' title='bbox 703 2888 832 2940; x_wconf 84' lang='lat' dir='ltr'>adrerum</span> <span class='ocrx_word' id='word_1_390' title='bbox 849 2898 943 2939; x_wconf 91' lang='lat' dir='ltr'>motum</span> <span class='ocrx_word' id='word_1_391' title='bbox 961 2889 1150 2950; x_wconf 91' lang='lat' dir='ltr'>accommodari,</span> <span class='ocrx_word' id='word_1_392' title='bbox 1169 2892 1213 2941; x_wconf 89' lang='lat' dir='ltr'>sed</span> <span class='ocrx_word' id='word_1_393' title='bbox 1227 2891 1336 2940; x_wconf 91' lang='lat' dir='ltr'>nondum</span> <span class='ocrx_word' id='word_1_394' title='bbox 1353 2891 1456 2940; x_wconf 87' lang='lat' dir='ltr'>tentari.</span> <span class='ocrx_word' id='word_1_395' title='bbox 1487 2889 1590 2951; x_wconf 75' lang='lat' dir='ltr'>Quaen</span> 
     </span>
     <span class='ocr_line' id='line_1_38' title="bbox 236 2961 1146 3027; baseline -0.003 -15"><span class='ocrx_word' id='word_1_396' title='bbox 236 2962 296 3012; x_wconf 92' lang='lat' dir='ltr'>mihi</span> <span class='ocrx_word' id='word_1_397' title='bbox 314 2968 384 3011; x_wconf 87' lang='lat' dir='ltr'>tunm</span> <span class='ocrx_word' id='word_1_398' title='bbox 399 2961 519 3023; x_wconf 88' lang='lat' dir='ltr'>judicium</span> <span class='ocrx_word' id='word_1_399' title='bbox 538 2975 716 3027; x_wconf 71' lang='lat' dir='ltr'>censuramque</span> <span class='ocrx_word' id='word_1_400' title='bbox 734 2962 809 3010; x_wconf 90' lang='lat' dir='ltr'>libere</span> <span class='ocrx_word' id='word_1_401' title='bbox 829 2968 854 3010; x_wconf 92' lang='lat' dir='ltr'>et</span> <span class='ocrx_word' id='word_1_402' title='bbox 872 2963 980 3026; x_wconf 80' lang='lat' dir='ltr'>ingenue</span> <span class='ocrx_word' id='word_1_403' title='bbox 998 2962 1146 3027; x_wconf 80' lang='lat' dir='ltr'>patefacias.</span> 
     </span>
    </p>

    <p class='ocr_par' dir='ltr' id='par_1_9' title="bbox 235 3030 1589 3240">
     <span class='ocr_line' id='line_1_39' title="bbox 324 3030 1589 3098; baseline 0 -16"><span class='ocrx_word' id='word_1_404' title='bbox 324 3032 377 3082; x_wconf 83' lang='lat' dir='ltr'>Has</span> <span class='ocrx_word' id='word_1_405' title='bbox 395 3032 561 3095; x_wconf 86' lang='lat' dir='ltr'>sequebantur</span> <span class='ocrx_word' id='word_1_406' title='bbox 585 3033 672 3082; x_wconf 87' lang='lat' dir='ltr'>literae</span> <span class='ocrx_word' id='word_1_407' title='bbox 690 3032 797 3082; x_wconf 80' lang='lat' dir='ltr'>Fabricii</span> <span class='ocrx_word' id='word_1_408' title='bbox 815 3032 838 3081; x_wconf 92' lang='lat' dir='ltr'>d.</span> <span class='ocrx_word' id='word_1_409' title='bbox 858 3033 881 3080; x_wconf 93' lang='lat' dir='ltr'>d.</span> <span class='ocrx_word' id='word_1_410' title='bbox 907 3030 992 3094; x_wconf 69' lang='lat' dir='ltr'>seito.</span> <span class='ocrx_word' id='word_1_411' title='bbox 1012 3032 1156 3092; x_wconf 84' lang='lat' dir='ltr'>Februarii,</span> <span class='ocrx_word' id='word_1_412' title='bbox 1181 3033 1313 3098; x_wconf 88' lang='lat' dir='ltr'>inquibus</span> <span class='ocrx_word' id='word_1_413' title='bbox 1331 3032 1439 3083; x_wconf 84' lang='lat' dir='ltr'>Martem</span> <span class='ocrx_word' id='word_1_414' title='bbox 1464 3034 1589 3084; x_wconf 86' lang='lat' dir='ltr'>intectum</span> 
     </span>
     <span class='ocr_line' id='line_1_40' title="bbox 235 3102 1588 3169; baseline -0.001 -14"><span class='ocrx_word' id='word_1_415' title='bbox 235 3103 358 3169; x_wconf 85' lang='lat' dir='ltr'>relinquit,</span> <span class='ocrx_word' id='word_1_416' title='bbox 377 3104 442 3152; x_wconf 88' lang='lat' dir='ltr'>sicut</span> <span class='ocrx_word' id='word_1_417' title='bbox 459 3104 537 3152; x_wconf 87' lang='lat' dir='ltr'>etiam</span> <span class='ocrx_word' id='word_1_418' title='bbox 553 3104 579 3152; x_wconf 93' lang='lat' dir='ltr'>iu</span> <span class='ocrx_word' id='word_1_419' title='bbox 602 3103 678 3153; x_wconf 89' lang='lat' dir='ltr'>literis</span> <span class='ocrx_word' id='word_1_420' title='bbox 697 3104 721 3153; x_wconf 91' lang='lat' dir='ltr'>d.</span> <span class='ocrx_word' id='word_1_421' title='bbox 740 3105 765 3154; x_wconf 91' lang='lat' dir='ltr'>d.</span> <span class='ocrx_word' id='word_1_422' title='bbox 786 3102 984 3166; x_wconf 70' lang='lat' dir='ltr'>instanteset.</span> <span class='ocrx_word' id='word_1_423' title='bbox 1021 3104 1051 3155; x_wconf 92' lang='lat' dir='ltr'>ln</span> <span class='ocrx_word' id='word_1_424' title='bbox 1070 3106 1145 3156; x_wconf 89' lang='lat' dir='ltr'>literis</span> <span class='ocrx_word' id='word_1_425' title='bbox 1170 3121 1226 3156; x_wconf 90' lang='grc' dir='ltr'>ιιιο</span> <span class='ocrx_word' id='word_1_426' title='bbox 1246 3106 1270 3155; x_wconf 90' lang='lat' dir='ltr'>d.</span> <span class='ocrx_word' id='word_1_427' title='bbox 1290 3104 1314 3154; x_wconf 89' lang='lat' dir='ltr'>d.</span> <span class='ocrx_word' id='word_1_428' title='bbox 1335 3103 1404 3166; x_wconf 69' lang='grc'><strong>7117.</strong></span> <span class='ocrx_word' id='word_1_429' title='bbox 1423 3105 1486 3169; x_wconf 81' lang='lat' dir='ltr'>Maji</span> <span class='ocrx_word' id='word_1_430' title='bbox 1508 3102 1588 3154; x_wconf 77' lang='lat' dir='ltr'>teos.</span> 
     </span>
     <span class='ocr_line' id='line_1_41' title="bbox 235 3172 1087 3240; baseline -0.004 -15"><span class='ocrx_word' id='word_1_431' title='bbox 235 3175 299 3225; x_wconf 85' lang='lat' dir='ltr'>haec</span> <span class='ocrx_word' id='word_1_432' title='bbox 315 3175 433 3240; x_wconf 78' lang='lat' dir='ltr'>legimus:</span> <span class='ocrx_word' id='word_1_433' title='bbox 1084 3172 1087 3177; x_wconf 85' lang='grc'><strong>’</strong></span> 
     </span>
    </p>

    <p class='ocr_par' dir='ltr' id='par_1_10' title="bbox 236 3245 1589 3599">
     <span class='ocr_line' id='line_1_42' title="bbox 324 3245 1588 3312; baseline 0.002 -16"><span class='ocrx_word' id='word_1_434' title='bbox 324 3245 402 3296; x_wconf 87' lang='grc' dir='ltr'>Μιιιι</span> <span class='ocrx_word' id='word_1_435' title='bbox 420 3252 446 3295; x_wconf 89' lang='grc' dir='ltr'>ιι</span> <span class='ocrx_word' id='word_1_436' title='bbox 464 3245 536 3296; x_wconf 84' lang='lat' dir='ltr'>valde</span> <span class='ocrx_word' id='word_1_437' title='bbox 554 3247 636 3304; x_wconf 90' lang='lat' dir='ltr'>miror,</span> <span class='ocrx_word' id='word_1_438' title='bbox 654 3247 867 3311; x_wconf 83' lang='lat' dir='ltr'>praestantissime</span> <span class='ocrx_word' id='word_1_439' title='bbox 879 3247 912 3296; x_wconf 90' lang='lat' dir='ltr'>D.</span> <span class='ocrx_word' id='word_1_440' title='bbox 925 3248 1042 3312; x_wconf 87' lang='lat' dir='ltr'>Keplere.</span> <span class='ocrx_word' id='word_1_441' title='bbox 1061 3255 1086 3298; x_wconf 92' lang='lat' dir='ltr'>te</span> <span class='ocrx_word' id='word_1_442' title='bbox 1104 3254 1175 3298; x_wconf 86' lang='lat' dir='ltr'>tanto</span> <span class='ocrx_word' id='word_1_443' title='bbox 1193 3248 1310 3312; x_wconf 81' lang='lat' dir='ltr'>temporis</span> <span class='ocrx_word' id='word_1_444' title='bbox 1328 3248 1407 3312; x_wconf 87' lang='lat' dir='ltr'>spatie</span> <span class='ocrx_word' id='word_1_445' title='bbox 1421 3247 1483 3297; x_wconf 88' lang='lat' dir='ltr'>nihil</span> <span class='ocrx_word' id='word_1_446' title='bbox 1500 3248 1588 3298; x_wconf 68' lang='lat' dir='ltr'>litera·</span> 
     </span>
     <span class='ocr_line' id='line_1_43' title="bbox 236 3317 1589 3384; baseline -0.001 -14"><span class='ocrx_word' id='word_1_447' title='bbox 236 3332 291 3370; x_wconf 87' lang='lat' dir='ltr'>rum</span> <span class='ocrx_word' id='word_1_448' title='bbox 310 3317 342 3367; x_wconf 80' lang='lat' dir='ltr'>ad</span> <span class='ocrx_word' id='word_1_449' title='bbox 360 3332 400 3367; x_wconf 94' lang='lat' dir='ltr'>me</span> <span class='ocrx_word' id='word_1_450' title='bbox 418 3317 524 3377; x_wconf 86' lang='lat' dir='ltr'>dedisse,</span> <span class='ocrx_word' id='word_1_451' title='bbox 543 3333 598 3368; x_wconf 91' lang='lat' dir='ltr'>cum</span> <span class='ocrx_word' id='word_1_452' title='bbox 617 3325 701 3368; x_wconf 87' lang='lat' dir='ltr'>tamen</span> <span class='ocrx_word' id='word_1_453' title='bbox 719 3327 805 3368; x_wconf 86' lang='lat' dir='ltr'>ternas</span> <span class='ocrx_word' id='word_1_454' title='bbox 823 3325 868 3368; x_wconf 84' lang='lat' dir='ltr'>aut</span> <span class='ocrx_word' id='word_1_455' title='bbox 886 3321 962 3369; x_wconf 90' lang='lat' dir='ltr'>etiem</span> <span class='ocrx_word' id='word_1_456' title='bbox 979 3321 1060 3384; x_wconf 89' lang='lat' dir='ltr'>plnres</span> <span class='ocrx_word' id='word_1_457' title='bbox 1078 3321 1176 3369; x_wconf 91' lang='lat' dir='ltr'>interim</span> <span class='ocrx_word' id='word_1_458' title='bbox 1195 3320 1295 3369; x_wconf 86' lang='lat' dir='ltr'>diversis</span> <span class='ocrx_word' id='word_1_459' title='bbox 1314 3321 1463 3383; x_wconf 86' lang='lat' dir='ltr'>temporibus</span> <span class='ocrx_word' id='word_1_460' title='bbox 1481 3321 1589 3383; x_wconf 83' lang='lat' dir='ltr'>scriptas</span> 
     </span>
     <span class='ocr_line' id='line_1_44' title="bbox 236 3390 1589 3455; baseline 0 -15"><span class='ocrx_word' id='word_1_461' title='bbox 236 3405 253 3440; x_wconf 91' lang='lat' dir='ltr'>a</span> <span class='ocrx_word' id='word_1_462' title='bbox 270 3405 309 3440; x_wconf 91' lang='lat' dir='ltr'>me</span> <span class='ocrx_word' id='word_1_463' title='bbox 329 3391 463 3453; x_wconf 86' lang='lat' dir='ltr'>acceperis,</span> <span class='ocrx_word' id='word_1_464' title='bbox 483 3402 544 3454; x_wconf 89' lang='lat' dir='ltr'>quas</span> <span class='ocrx_word' id='word_1_465' title='bbox 563 3390 607 3439; x_wconf 89' lang='lat' dir='ltr'>tibi</span> <span class='ocrx_word' id='word_1_466' title='bbox 626 3390 808 3441; x_wconf 80' lang='lat' dir='ltr'>scannellerio</span> <span class='ocrx_word' id='word_1_467' title='bbox 827 3390 953 3441; x_wconf 80' lang='lat' dir='ltr'>Osthisico</span> <span class='ocrx_word' id='word_1_468' title='bbox 974 3391 1005 3441; x_wconf 92' lang='grc' dir='ltr'>Ι).</span> <span class='ocrx_word' id='word_1_469' title='bbox 1020 3391 1116 3441; x_wconf 84' lang='lat' dir='ltr'>Thema</span> <span class='ocrx_word' id='word_1_470' title='bbox 1128 3392 1241 3449; x_wconf 67' lang='lat' dir='ltr'>Francia</span> <span class='ocrx_word' id='word_1_471' title='bbox 1260 3393 1296 3440; x_wconf 91' lang='lat' dir='ltr'>tui</span> <span class='ocrx_word' id='word_1_472' title='bbox 1314 3393 1492 3449; x_wconf 85' lang='lat' dir='ltr'>amantissimo,</span> <span class='ocrx_word' id='word_1_473' title='bbox 1512 3391 1589 3455; x_wconf 90' lang='lat' dir='ltr'>probe</span> 
     </span>
     <span class='ocr_line' id='line_1_45' title="bbox 236 3460 1589 3526; baseline -0.001 -13"><span class='ocrx_word' id='word_1_474' title='bbox 236 3464 345 3513; x_wconf 84' lang='lat' dir='ltr'>traditas</span> <span class='ocrx_word' id='word_1_475' title='bbox 363 3462 439 3511; x_wconf 85' lang='lat' dir='ltr'>fuisse</span> <span class='ocrx_word' id='word_1_476' title='bbox 457 3460 517 3509; x_wconf 91' lang='lat' dir='ltr'>nihil</span> <span class='ocrx_word' id='word_1_477' title='bbox 537 3461 661 3511; x_wconf 89' lang='lat' dir='ltr'>addubito.</span> <span class='ocrx_word' id='word_1_478' title='bbox 687 3461 714 3511; x_wconf 89' lang='lat' dir='ltr'>Si</span> <span class='ocrx_word' id='word_1_479' title='bbox 726 3477 781 3512; x_wconf 82' lang='lat' dir='ltr'>sero</span> <span class='ocrx_word' id='word_1_480' title='bbox 794 3462 906 3513; x_wconf 85' lang='lat' dir='ltr'>redditae</span> <span class='ocrx_word' id='word_1_481' title='bbox 924 3478 973 3512; x_wconf 92' lang='lat' dir='ltr'>non</span> <span class='ocrx_word' id='word_1_482' title='bbox 986 3471 1078 3520; x_wconf 86' lang='lat' dir='ltr'>essent,</span> <span class='ocrx_word' id='word_1_483' title='bbox 1097 3463 1192 3526; x_wconf 90' lang='lat' dir='ltr'>abipso</span> <span class='ocrx_word' id='word_1_484' title='bbox 1207 3465 1245 3513; x_wconf 95' lang='grc' dir='ltr'>ιιι</span> <span class='ocrx_word' id='word_1_485' title='bbox 1259 3465 1311 3525; x_wconf 82' lang='lat' dir='ltr'>ejus</span> <span class='ocrx_word' id='word_1_486' title='bbox 1324 3465 1456 3513; x_wconf 86' lang='lat' dir='ltr'>secretario</span> <span class='ocrx_word' id='word_1_487' title='bbox 1475 3470 1589 3526; x_wconf 82' lang='lat' dir='ltr'>repetere</span> 
     </span>
     <span class='ocr_line' id='line_1_46' title="bbox 237 3530 1310 3599; baseline -0.003 -14"><span class='ocrx_word' id='word_1_488' title='bbox 237 3548 280 3585; x_wconf 86' lang='lat' dir='ltr'>eas</span> <span class='ocrx_word' id='word_1_489' title='bbox 298 3535 399 3599; x_wconf 85' lang='lat' dir='ltr'>poteris.</span> <span class='ocrx_word' id='word_1_490' title='bbox 437 3532 503 3583; x_wconf 90' lang='lat' dir='ltr'>Dedi</span> <span class='ocrx_word' id='word_1_491' title='bbox 521 3547 616 3597; x_wconf 87' lang='lat' dir='ltr'>qnoque</span> <span class='ocrx_word' id='word_1_492' title='bbox 636 3533 698 3582; x_wconf 84' lang='lat' dir='ltr'>aliae</span> <span class='ocrx_word' id='word_1_493' title='bbox 715 3532 748 3582; x_wconf 91' lang='lat' dir='ltr'>D.</span> <span class='ocrx_word' id='word_1_494' title='bbox 768 3530 893 3592; x_wconf 81' lang='lat' dir='ltr'>Andreae,</span> <span class='ocrx_word' id='word_1_495' title='bbox 911 3534 1011 3583; x_wconf 89' lang='lat' dir='ltr'>Domini</span> <span class='ocrx_word' id='word_1_496' title='bbox 1029 3533 1152 3598; x_wconf 86' lang='lat' dir='ltr'>Minquitii</span> <span class='ocrx_word' id='word_1_497' title='bbox 1171 3536 1310 3586; x_wconf 86' lang='lat' dir='ltr'>secretario.</span> 
     </span>
    </p>

    <p class='ocr_par' dir='ltr' id='par_1_11' title="bbox 234 3605 1617 3729">
     <span class='ocr_line' id='line_1_47' title="bbox 325 3605 1591 3671; baseline 0 -16"><span class='ocrx_word' id='word_1_498' title='bbox 325 3605 451 3655; x_wconf 80' lang='lat' dir='ltr'>Contenta</span> <span class='ocrx_word' id='word_1_499' title='bbox 468 3605 575 3670; x_wconf 87' lang='lat' dir='ltr'>priorum</span> <span class='ocrx_word' id='word_1_500' title='bbox 601 3605 726 3654; x_wconf 87' lang='lat' dir='ltr'>literarum</span> <span class='ocrx_word' id='word_1_501' title='bbox 745 3621 794 3655; x_wconf 92' lang='lat' dir='ltr'>nen</span> <span class='ocrx_word' id='word_1_502' title='bbox 812 3613 914 3670; x_wconf 90' lang='lat' dir='ltr'>repeto,</span> <span class='ocrx_word' id='word_1_503' title='bbox 943 3618 998 3654; x_wconf 89' lang='lat' dir='ltr'>cum</span> <span class='ocrx_word' id='word_1_504' title='bbox 1016 3606 1096 3655; x_wconf 90' lang='lat' dir='ltr'>multa</span> <span class='ocrx_word' id='word_1_505' title='bbox 1122 3607 1187 3668; x_wconf 87' lang='lat' dir='ltr'>sint,</span> <span class='ocrx_word' id='word_1_506' title='bbox 1216 3607 1280 3656; x_wconf 88' lang='lat' dir='ltr'>addo</span> <span class='ocrx_word' id='word_1_507' title='bbox 1298 3611 1396 3656; x_wconf 89' lang='lat' dir='ltr'>tantum</span> <span class='ocrx_word' id='word_1_508' title='bbox 1414 3620 1456 3671; x_wconf 93' lang='lat' dir='ltr'>pro</span> <span class='ocrx_word' id='word_1_509' title='bbox 1474 3619 1544 3655; x_wconf 89' lang='lat' dir='ltr'>more</span> <span class='ocrx_word' id='word_1_510' title='bbox 1564 3609 1591 3655; x_wconf 86' lang='lat' dir='ltr'>et</span> 
     </span>
     <span class='ocr_line' id='line_1_48' title="bbox 234 3673 1617 3729; baseline -0.001 0"><span class='ocrx_word' id='word_1_511' title='bbox 234 3691 318 3729; x_wconf 88' lang='lat' dir='ltr'>amore</span> <span class='ocrx_word' id='word_1_512' title='bbox 335 3677 445 3727; x_wconf 87' lang='lat' dir='ltr'>Uranico</span> <span class='ocrx_word' id='word_1_513' title='bbox 462 3673 588 3725; x_wconf 88' lang='lat' dir='ltr'>nonnulle.</span> <span class='ocrx_word' id='word_1_514' title='bbox 1614 3722 1617 3727; x_wconf 93' lang='lat'>.</span> 
     </span>
    </p>

    <p class='ocr_par' dir='ltr' id='par_1_12' title="bbox 235 3746 1591 4529">
     <span class='ocr_line' id='line_1_49' title="bbox 305 3746 1589 3814; baseline -0.003 -14"><span class='ocrx_word' id='word_1_515' title='bbox 305 3749 334 3800; x_wconf 92' lang='lat' dir='ltr'>In</span> <span class='ocrx_word' id='word_1_516' title='bbox 353 3748 525 3800; x_wconf 88' lang='lat' dir='ltr'>enucleatione</span> <span class='ocrx_word' id='word_1_517' title='bbox 544 3748 638 3805; x_wconf 86' lang='lat' dir='ltr'>lateris,</span> <span class='ocrx_word' id='word_1_518' title='bbox 656 3749 721 3812; x_wconf 90' lang='lat' dir='ltr'>quod</span> <span class='ocrx_word' id='word_1_519' title='bbox 739 3749 764 3799; x_wconf 91' lang='lat' dir='ltr'>in</span> <span class='ocrx_word' id='word_1_520' title='bbox 783 3750 840 3799; x_wconf 90' lang='lat' dir='ltr'>orbe</span> <span class='ocrx_word' id='word_1_521' title='bbox 859 3762 942 3799; x_wconf 84' lang='lat' dir='ltr'>annue</span> <span class='ocrx_word' id='word_1_522' title='bbox 959 3748 1127 3814; x_wconf 83' lang='lat' dir='ltr'>parallaxihus</span> <span class='ocrx_word' id='word_1_523' title='bbox 1146 3749 1308 3810; x_wconf 87' lang='lat' dir='ltr'>subtenditur,</span> <span class='ocrx_word' id='word_1_524' title='bbox 1328 3755 1356 3798; x_wconf 91' lang='lat' dir='ltr'>tu</span> <span class='ocrx_word' id='word_1_525' title='bbox 1374 3746 1483 3798; x_wconf 84' lang='lat' dir='ltr'>dire&#39;rsos</span> <span class='ocrx_word' id='word_1_526' title='bbox 1500 3747 1589 3796; x_wconf 83' lang='lat' dir='ltr'>modos</span> 
     </span>
     <span class='ocr_line' id='line_1_50' title="bbox 235 3814 1591 3884; baseline -0.004 -12"><span class='ocrx_word' id='word_1_527' title='bbox 235 3822 262 3872; x_wconf 92' lang='lat' dir='ltr'>ln</span> <span class='ocrx_word' id='word_1_528' title='bbox 279 3820 356 3872; x_wconf 87' lang='lat' dir='ltr'>literis</span> <span class='ocrx_word' id='word_1_529' title='bbox 375 3821 463 3870; x_wconf 88' lang='lat' dir='ltr'>rideris</span> <span class='ocrx_word' id='word_1_530' title='bbox 489 3818 615 3877; x_wconf 89' lang='lat' dir='ltr'>indicare,</span> <span class='ocrx_word' id='word_1_531' title='bbox 643 3835 744 3884; x_wconf 91' lang='lat' dir='ltr'>quorum</span> <span class='ocrx_word' id='word_1_532' title='bbox 768 3826 853 3870; x_wconf 88' lang='lat' dir='ltr'>tamen</span> <span class='ocrx_word' id='word_1_533' title='bbox 871 3821 952 3870; x_wconf 88' lang='lat' dir='ltr'>nullus</span> <span class='ocrx_word' id='word_1_534' title='bbox 971 3818 1095 3882; x_wconf 84' lang='lat' dir='ltr'>(simodo</span> <span class='ocrx_word' id='word_1_535' title='bbox 1122 3823 1272 3871; x_wconf 89' lang='lat' dir='ltr'>sententiam</span> <span class='ocrx_word' id='word_1_536' title='bbox 1297 3827 1366 3870; x_wconf 91' lang='lat' dir='ltr'>tuam</span> <span class='ocrx_word' id='word_1_537' title='bbox 1388 3826 1456 3869; x_wconf 91' lang='lat' dir='ltr'>recte</span> <span class='ocrx_word' id='word_1_538' title='bbox 1475 3814 1591 3884; x_wconf 83' lang='lat' dir='ltr'>percepi)</span> 
     </span>
     <span class='ocr_line' id='line_1_51' title="bbox 235 3889 1590 3957; baseline -0.003 -15"><span class='ocrx_word' id='word_1_539' title='bbox 235 3894 334 3944; x_wconf 82' lang='grc' dir='ltr'>ιιιιιιιι</span> <span class='ocrx_word' id='word_1_540' title='bbox 361 3892 508 3957; x_wconf 87' lang='lat' dir='ltr'>respondere</span> <span class='ocrx_word' id='word_1_541' title='bbox 536 3889 739 3955; x_wconf 86' lang='lat' dir='ltr'>deprehenditur:</span> <span class='ocrx_word' id='word_1_542' title='bbox 767 3893 854 3942; x_wconf 81' lang='lat' dir='ltr'>velex</span> <span class='ocrx_word' id='word_1_543' title='bbox 876 3893 931 3942; x_wconf 94' lang='lat' dir='ltr'>loco</span> <span class='ocrx_word' id='word_1_544' title='bbox 950 3892 1014 3943; x_wconf 86' lang='lat' dir='ltr'>Solis</span> <span class='ocrx_word' id='word_1_545' title='bbox 1037 3906 1094 3942; x_wconf 81' lang='lat' dir='ltr'>vero</span> <span class='ocrx_word' id='word_1_546' title='bbox 1114 3900 1140 3942; x_wconf 91' lang='lat' dir='ltr'>et</span> <span class='ocrx_word' id='word_1_547' title='bbox 1167 3892 1283 3942; x_wconf 88' lang='lat' dir='ltr'>dimidiae</span> <span class='ocrx_word' id='word_1_548' title='bbox 1311 3892 1503 3942; x_wconf 84' lang='lat' dir='ltr'>eccentricitatis</span> <span class='ocrx_word' id='word_1_549' title='bbox 1524 3889 1590 3940; x_wconf 87' lang='lat' dir='ltr'>Solis</span> 
     </span>
     <span class='ocr_line' id='line_1_52' title="bbox 236 3960 1589 4028; baseline -0.002 -13"><span class='ocrx_word' id='word_1_550' title='bbox 236 3963 314 4015; x_wconf 79' lang='lat' dir='ltr'>latere</span> <span class='ocrx_word' id='word_1_551' title='bbox 332 3970 359 4014; x_wconf 90' lang='grc' dir='ltr'>ιι</span> <span class='ocrx_word' id='word_1_552' title='bbox 376 3964 558 4014; x_wconf 85' lang='lat' dir='ltr'>semidiametro</span> <span class='ocrx_word' id='word_1_553' title='bbox 577 3963 656 4021; x_wconf 88' lang='lat' dir='ltr'>orbis;</span> <span class='ocrx_word' id='word_1_554' title='bbox 681 3963 721 4013; x_wconf 88' lang='lat' dir='ltr'>rel</span> <span class='ocrx_word' id='word_1_555' title='bbox 740 3960 767 4024; x_wconf 73' lang='lat'>2)</span> <span class='ocrx_word' id='word_1_556' title='bbox 795 3964 828 4014; x_wconf 91' lang='lat' dir='ltr'>ad</span> <span class='ocrx_word' id='word_1_557' title='bbox 845 3964 952 4013; x_wconf 87' lang='lat' dir='ltr'>mediam</span> <span class='ocrx_word' id='word_1_558' title='bbox 979 3963 1129 4014; x_wconf 87' lang='lat' dir='ltr'>anomaliam</span> <span class='ocrx_word' id='word_1_559' title='bbox 1152 3966 1223 4015; x_wconf 86' lang='lat' dir='ltr'>addis</span> <span class='ocrx_word' id='word_1_560' title='bbox 1251 3964 1377 4014; x_wconf 87' lang='lat' dir='ltr'>dimidiam</span> <span class='ocrx_word' id='word_1_561' title='bbox 1403 3963 1589 4028; x_wconf 79' lang='lat' dir='ltr'>aequationem,</span> 
     </span>
     <span class='ocr_line' id='line_1_53' title="bbox 237 4032 1590 4101; baseline -0.004 -14"><span class='ocrx_word' id='word_1_562' title='bbox 237 4041 264 4087; x_wconf 90' lang='grc' dir='ltr'>ιι</span> <span class='ocrx_word' id='word_1_563' title='bbox 280 4037 364 4086; x_wconf 87' lang='grc' dir='ltr'>ιιιιιο</span> <span class='ocrx_word' id='word_1_564' title='bbox 391 4034 477 4101; x_wconf 91' lang='lat' dir='ltr'>quibus</span> <span class='ocrx_word' id='word_1_565' title='bbox 503 4035 575 4084; x_wconf 86' lang='lat' dir='ltr'>lineis</span> <span class='ocrx_word' id='word_1_566' title='bbox 594 4048 650 4084; x_wconf 89' lang='lat' dir='ltr'>eam</span> <span class='ocrx_word' id='word_1_567' title='bbox 678 4034 803 4099; x_wconf 79' lang='lat' dir='ltr'>applices3</span> <span class='ocrx_word' id='word_1_568' title='bbox 832 4032 956 4097; x_wconf 74' lang='lat' dir='ltr'>didicis,</span> <span class='ocrx_word' id='word_1_569' title='bbox 986 4036 1073 4085; x_wconf 91' lang='lat' dir='ltr'>eodem</span> <span class='ocrx_word' id='word_1_570' title='bbox 1091 4036 1164 4086; x_wconf 91' lang='lat' dir='ltr'>modo</span> <span class='ocrx_word' id='word_1_571' title='bbox 1190 4036 1334 4101; x_wconf 80' lang='lat' dir='ltr'>investigari</span> <span class='ocrx_word' id='word_1_572' title='bbox 1358 4033 1418 4084; x_wconf 91' lang='lat' dir='ltr'>illud</span> <span class='ocrx_word' id='word_1_573' title='bbox 1435 4033 1520 4090; x_wconf 90' lang='lat' dir='ltr'>letus,</span> <span class='ocrx_word' id='word_1_574' title='bbox 1541 4046 1590 4098; x_wconf 90' lang='lat' dir='ltr'>qno</span> 
     </span>
     <span class='ocr_line' id='line_1_54' title="bbox 237 4106 1590 4173; baseline -0.001 -16"><span class='ocrx_word' id='word_1_575' title='bbox 237 4107 358 4157; x_wconf 74' lang='lat' dir='ltr'>dittunda</span> <span class='ocrx_word' id='word_1_576' title='bbox 375 4106 463 4157; x_wconf 84' lang='lat' dir='ltr'>Martis</span> <span class='ocrx_word' id='word_1_577' title='bbox 481 4121 540 4157; x_wconf 84' lang='lat' dir='ltr'>vera</span> <span class='ocrx_word' id='word_1_578' title='bbox 557 4107 727 4172; x_wconf 76' lang='lat' dir='ltr'>investigatur.</span> <span class='ocrx_word' id='word_1_579' title='bbox 753 4107 811 4157; x_wconf 89' lang='lat' dir='ltr'>Jem</span> <span class='ocrx_word' id='word_1_580' title='bbox 828 4121 877 4156; x_wconf 90' lang='lat' dir='ltr'>non</span> <span class='ocrx_word' id='word_1_581' title='bbox 896 4107 1016 4173; x_wconf 80' lang='lat' dir='ltr'>intelligo,</span> <span class='ocrx_word' id='word_1_582' title='bbox 1035 4109 1154 4171; x_wconf 90' lang='lat' dir='ltr'>quomodo</span> <span class='ocrx_word' id='word_1_583' title='bbox 1173 4109 1236 4158; x_wconf 92' lang='lat' dir='ltr'>haec</span> <span class='ocrx_word' id='word_1_584' title='bbox 1255 4108 1420 4165; x_wconf 80' lang='lat' dir='ltr'>consentiant,</span> <span class='ocrx_word' id='word_1_585' title='bbox 1440 4113 1467 4155; x_wconf 90' lang='grc' dir='ltr'>ιι</span> <span class='ocrx_word' id='word_1_586' title='bbox 1485 4119 1543 4155; x_wconf 91' lang='lat' dir='ltr'>cum</span> <span class='ocrx_word' id='word_1_587' title='bbox 1561 4110 1590 4155; x_wconf 88' lang='lat' dir='ltr'>tu</span> 
     </span>
     <span class='ocr_line' id='line_1_55' title="bbox 238 4177 1589 4243; baseline -0.002 -15"><span class='ocrx_word' id='word_1_588' title='bbox 238 4177 434 4242; x_wconf 80' lang='lat' dir='ltr'>oopemiesnsm</span> <span class='ocrx_word' id='word_1_589' title='bbox 451 4178 599 4243; x_wconf 90' lang='lat' dir='ltr'>hypothesin</span> <span class='ocrx_word' id='word_1_590' title='bbox 616 4179 643 4226; x_wconf 93' lang='lat' dir='ltr'>in</span> <span class='ocrx_word' id='word_1_591' title='bbox 656 4177 714 4228; x_wconf 90' lang='lat' dir='ltr'>Sole</span> <span class='ocrx_word' id='word_1_592' title='bbox 731 4179 839 4229; x_wconf 79' lang='lat' dir='ltr'>rotimus</span> <span class='ocrx_word' id='word_1_593' title='bbox 858 4188 884 4228; x_wconf 89' lang='lat' dir='ltr'>et</span> <span class='ocrx_word' id='word_1_594' title='bbox 902 4181 986 4228; x_wconf 87' lang='lat' dir='ltr'>omnia</span> <span class='ocrx_word' id='word_1_595' title='bbox 1003 4180 1126 4235; x_wconf 83' lang='lat' dir='ltr'>insertus.</span> <span class='ocrx_word' id='word_1_596' title='bbox 1152 4196 1181 4229; x_wconf 85' lang='lat' dir='ltr'>ec</span> <span class='ocrx_word' id='word_1_597' title='bbox 1200 4182 1280 4229; x_wconf 89' lang='lat' dir='ltr'>minus</span> <span class='ocrx_word' id='word_1_598' title='bbox 1304 4180 1388 4228; x_wconf 88' lang='lat' dir='ltr'>omnia</span> <span class='ocrx_word' id='word_1_599' title='bbox 1405 4184 1463 4242; x_wconf 86' lang='lat' dir='ltr'>apte</span> <span class='ocrx_word' id='word_1_600' title='bbox 1482 4190 1589 4241; x_wconf 78' lang='lat' dir='ltr'>cognos-</span> 
     </span>
     <span class='ocr_line' id='line_1_56' title="bbox 238 4249 1588 4315; baseline -0.002 -16"><span class='ocrx_word' id='word_1_601' title='bbox 238 4262 295 4300; x_wconf 85' lang='lat' dir='ltr'>cere</span> <span class='ocrx_word' id='word_1_602' title='bbox 312 4250 389 4313; x_wconf 88' lang='lat' dir='ltr'>potui.</span> <span class='ocrx_word' id='word_1_603' title='bbox 425 4251 531 4300; x_wconf 82' lang='lat' dir='ltr'>Faceres</span> <span class='ocrx_word' id='word_1_604' title='bbox 548 4251 623 4315; x_wconf 80' lang='lat' dir='ltr'>igitur</span> <span class='ocrx_word' id='word_1_605' title='bbox 641 4265 695 4300; x_wconf 91' lang='lat' dir='ltr'>meo</span> <span class='ocrx_word' id='word_1_606' title='bbox 712 4250 804 4313; x_wconf 87' lang='lat' dir='ltr'>judicio</span> <span class='ocrx_word' id='word_1_607' title='bbox 823 4252 913 4300; x_wconf 89' lang='lat' dir='ltr'>rectius</span> <span class='ocrx_word' id='word_1_608' title='bbox 932 4258 958 4299; x_wconf 91' lang='lat' dir='ltr'>et</span> <span class='ocrx_word' id='word_1_609' title='bbox 971 4251 1061 4306; x_wconf 88' lang='lat' dir='ltr'>utilius,</span> <span class='ocrx_word' id='word_1_610' title='bbox 1081 4253 1101 4302; x_wconf 88' lang='lat' dir='ltr'>si</span> <span class='ocrx_word' id='word_1_611' title='bbox 1115 4251 1148 4301; x_wconf 88' lang='lat' dir='ltr'>ad</span> <span class='ocrx_word' id='word_1_612' title='bbox 1166 4258 1276 4314; x_wconf 85' lang='lat' dir='ltr'>systema</span> <span class='ocrx_word' id='word_1_613' title='bbox 1294 4250 1416 4313; x_wconf 87' lang='lat' dir='ltr'>Tychonis</span> <span class='ocrx_word' id='word_1_614' title='bbox 1435 4249 1474 4298; x_wconf 87' lang='lat' dir='ltr'>rel</span> <span class='ocrx_word' id='word_1_615' title='bbox 1491 4254 1588 4297; x_wconf 87' lang='lat' dir='ltr'>motum</span> 
     </span>
     <span class='ocr_line' id='line_1_57' title="bbox 237 4317 1590 4388; baseline -0.003 -15"><span class='ocrx_word' id='word_1_616' title='bbox 237 4320 302 4373; x_wconf 73' lang='lat' dir='ltr'>eolis</span> <span class='ocrx_word' id='word_1_617' title='bbox 320 4321 404 4370; x_wconf 88' lang='lat' dir='ltr'>omnia</span> <span class='ocrx_word' id='word_1_618' title='bbox 420 4323 582 4372; x_wconf 89' lang='lat' dir='ltr'>constitueres</span> <span class='ocrx_word' id='word_1_619' title='bbox 601 4328 627 4370; x_wconf 92' lang='lat' dir='ltr'>et</span> <span class='ocrx_word' id='word_1_620' title='bbox 644 4336 720 4371; x_wconf 92' lang='lat' dir='ltr'>unum</span> <span class='ocrx_word' id='word_1_621' title='bbox 739 4336 842 4386; x_wconf 90' lang='lat' dir='ltr'>eumque</span> <span class='ocrx_word' id='word_1_622' title='bbox 868 4329 982 4372; x_wconf 85' lang='lat' dir='ltr'>exactum</span> <span class='ocrx_word' id='word_1_623' title='bbox 1006 4322 1066 4373; x_wconf 89' lang='lat' dir='ltr'>mihi</span> <span class='ocrx_word' id='word_1_624' title='bbox 1082 4323 1182 4372; x_wconf 90' lang='lat' dir='ltr'>modum</span> <span class='ocrx_word' id='word_1_625' title='bbox 1201 4319 1284 4388; x_wconf 90' lang='lat' dir='ltr'>(quem</span> <span class='ocrx_word' id='word_1_626' title='bbox 1303 4321 1455 4386; x_wconf 88' lang='lat' dir='ltr'>sequendum</span> <span class='ocrx_word' id='word_1_627' title='bbox 1473 4317 1590 4384; x_wconf 86' lang='lat' dir='ltr'>putares)</span> 
     </span>
     <span class='ocr_line' id='line_1_58' title="bbox 237 4391 1591 4459; baseline -0.002 -14"><span class='ocrx_word' id='word_1_628' title='bbox 237 4391 387 4445; x_wconf 81' lang='lat' dir='ltr'>ostenderes.</span> <span class='ocrx_word' id='word_1_629' title='bbox 426 4392 483 4456; x_wconf 80' lang='lat' dir='ltr'>Qus</span> <span class='ocrx_word' id='word_1_630' title='bbox 507 4393 538 4444; x_wconf 95' lang='lat' dir='ltr'>de</span> <span class='ocrx_word' id='word_1_631' title='bbox 563 4407 641 4444; x_wconf 87' lang='lat' dir='ltr'>causa</span> <span class='ocrx_word' id='word_1_632' title='bbox 657 4400 683 4444; x_wconf 91' lang='lat' dir='ltr'>te</span> <span class='ocrx_word' id='word_1_633' title='bbox 705 4393 772 4444; x_wconf 88' lang='lat' dir='ltr'>hisce</span> <span class='ocrx_word' id='word_1_634' title='bbox 800 4400 913 4459; x_wconf 72' lang='lat' dir='ltr'>rogatum</span> <span class='ocrx_word' id='word_1_635' title='bbox 937 4394 1004 4454; x_wconf 83' lang='lat' dir='ltr'>solo,</span> <span class='ocrx_word' id='word_1_636' title='bbox 1029 4393 1052 4444; x_wconf 87' lang='lat' dir='ltr'>sl</span> <span class='ocrx_word' id='word_1_637' title='bbox 1068 4399 1160 4452; x_wconf 78' lang='lat' dir='ltr'>racst3</span> <span class='ocrx_word' id='word_1_638' title='bbox 1185 4395 1223 4442; x_wconf 88' lang='lat' dir='ltr'>sin</span> <span class='ocrx_word' id='word_1_639' title='bbox 1248 4395 1341 4448; x_wconf 87' lang='lat' dir='ltr'>minus,</span> <span class='ocrx_word' id='word_1_640' title='bbox 1364 4393 1420 4442; x_wconf 89' lang='lat' dir='ltr'>nolo</span> <span class='ocrx_word' id='word_1_641' title='bbox 1439 4399 1465 4443; x_wconf 91' lang='grc' dir='ltr'>ιι</span> <span class='ocrx_word' id='word_1_642' title='bbox 1484 4404 1591 4458; x_wconf 65' lang='lat' dir='ltr'>merere</span> 
     </span>
     <span class='ocr_line' id='line_1_59' title="bbox 237 4474 392 4529; baseline -0.026 -14"><span class='ocrx_word' id='word_1_643' title='bbox 237 4474 261 4515; x_wconf 83' lang='grc' dir='ltr'>ιι</span> <span class='ocrx_word' id='word_1_644' title='bbox 298 4474 392 4529; x_wconf 78' lang='grc' dir='ltr'>ιργως.</span> 
     </span>
    </p>

    <p class='ocr_par' dir='ltr' id='par_1_13' title="bbox 239 4476 1594 4835">
     <span class='ocr_line' id='line_1_60' title="bbox 260 4476 1590 4602; baseline -0.002 -16"><span class='ocrx_word' id='word_1_645' title='bbox 260 4476 296 4536; x_wconf 46' lang='grc' dir='ltr'>ηρ</span> <span class='ocrx_word' id='word_1_646' title='bbox 329 4537 400 4597; x_wconf 81' lang='lat' dir='ltr'>Quae</span> <span class='ocrx_word' id='word_1_647' title='bbox 419 4537 449 4585; x_wconf 94' lang='lat' dir='ltr'>de</span> <span class='ocrx_word' id='word_1_648' title='bbox 467 4535 596 4599; x_wconf 84' lang='lat' dir='ltr'>hypothesi</span> <span class='ocrx_word' id='word_1_649' title='bbox 615 4550 632 4586; x_wconf 92' lang='lat' dir='ltr'>a</span> <span class='ocrx_word' id='word_1_650' title='bbox 649 4548 688 4586; x_wconf 81' lang='lat' dir='ltr'>sne</span> <span class='ocrx_word' id='word_1_651' title='bbox 707 4536 842 4586; x_wconf 88' lang='lat' dir='ltr'>constituta</span> <span class='ocrx_word' id='word_1_652' title='bbox 863 4543 921 4587; x_wconf 90' lang='lat' dir='ltr'>ante</span> <span class='ocrx_word' id='word_1_653' title='bbox 947 4550 1038 4586; x_wconf 89' lang='lat' dir='ltr'>annum</span> <span class='ocrx_word' id='word_1_654' title='bbox 1056 4536 1095 4586; x_wconf 88' lang='grc' dir='ltr'>ιιι</span> <span class='ocrx_word' id='word_1_655' title='bbox 1117 4533 1163 4600; x_wconf 67' lang='lat' dir='ltr'>NJ,</span> <span class='ocrx_word' id='word_1_656' title='bbox 1186 4537 1229 4586; x_wconf 90' lang='lat' dir='ltr'>tlhi</span> <span class='ocrx_word' id='word_1_657' title='bbox 1251 4536 1358 4599; x_wconf 85' lang='lat' dir='ltr'>proxime</span> <span class='ocrx_word' id='word_1_658' title='bbox 1377 4535 1522 4602; x_wconf 75' lang='lat' dir='ltr'>significari,</span> <span class='ocrx_word' id='word_1_659' title='bbox 1543 4535 1590 4585; x_wconf 84' lang='lat' dir='ltr'>etsi</span> 
     </span>
     <span class='ocr_line' id='line_1_61' title="bbox 239 4608 1589 4679; baseline -0.004 -18"><span class='ocrx_word' id='word_1_660' title='bbox 239 4609 348 4661; x_wconf 83' lang='lat' dir='ltr'>nendum</span> <span class='ocrx_word' id='word_1_661' title='bbox 366 4616 453 4659; x_wconf 81' lang='lat' dir='ltr'>erecte</span> <span class='ocrx_word' id='word_1_662' title='bbox 472 4608 639 4670; x_wconf 86' lang='lat' dir='ltr'>comprobate,</span> <span class='ocrx_word' id='word_1_663' title='bbox 659 4609 779 4673; x_wconf 92' lang='lat' dir='ltr'>quomodo</span> <span class='ocrx_word' id='word_1_664' title='bbox 796 4609 840 4657; x_wconf 90' lang='lat' dir='ltr'>tibi</span> <span class='ocrx_word' id='word_1_665' title='bbox 858 4609 976 4679; x_wconf 78' lang='lat' dir='ltr'>placeant</span> <span class='ocrx_word' id='word_1_666' title='bbox 988 4609 1050 4658; x_wconf 87' lang='lat' dir='ltr'>scire</span> <span class='ocrx_word' id='word_1_667' title='bbox 1069 4610 1159 4672; x_wconf 86' lang='lat' dir='ltr'>cupio;</span> <span class='ocrx_word' id='word_1_668' title='bbox 1179 4623 1226 4673; x_wconf 75' lang='lat' dir='ltr'>ego</span> <span class='ocrx_word' id='word_1_669' title='bbox 1245 4615 1312 4656; x_wconf 90' lang='lat' dir='ltr'>certe</span> <span class='ocrx_word' id='word_1_670' title='bbox 1330 4608 1389 4657; x_wconf 88' lang='lat' dir='ltr'>mihi</span> <span class='ocrx_word' id='word_1_671' title='bbox 1407 4608 1494 4671; x_wconf 89' lang='lat' dir='ltr'>placeo</span> <span class='ocrx_word' id='word_1_672' title='bbox 1507 4608 1533 4654; x_wconf 93' lang='lat' dir='ltr'>in</span> <span class='ocrx_word' id='word_1_673' title='bbox 1547 4620 1589 4655; x_wconf 84' lang='lat' dir='ltr'>ee.</span> 
     </span>
     <span class='ocr_line' id='line_1_62' title="bbox 240 4676 1593 4743; baseline -0.002 -11"><span class='ocrx_word' id='word_1_674' title='bbox 240 4678 279 4732; x_wconf 77' lang='grc' dir='ltr'>ἰι</span> <span class='ocrx_word' id='word_1_675' title='bbox 296 4681 425 4732; x_wconf 88' lang='lat' dir='ltr'>retinendo</span> <span class='ocrx_word' id='word_1_676' title='bbox 443 4680 526 4728; x_wconf 90' lang='lat' dir='ltr'>orbem</span> <span class='ocrx_word' id='word_1_677' title='bbox 539 4676 601 4728; x_wconf 83' lang='lat' dir='ltr'>Solis</span> <span class='ocrx_word' id='word_1_678' title='bbox 620 4678 653 4728; x_wconf 88' lang='lat' dir='ltr'>ad</span> <span class='ocrx_word' id='word_1_679' title='bbox 671 4679 801 4730; x_wconf 84' lang='lat' dir='ltr'>salvandos</span> <span class='ocrx_word' id='word_1_680' title='bbox 819 4687 900 4730; x_wconf 87' lang='lat' dir='ltr'>motus</span> <span class='ocrx_word' id='word_1_681' title='bbox 912 4680 1000 4730; x_wconf 82' lang='lat' dir='ltr'>Martis</span> <span class='ocrx_word' id='word_1_682' title='bbox 1017 4681 1043 4728; x_wconf 93' lang='lat' dir='ltr'>in</span> <span class='ocrx_word' id='word_1_683' title='bbox 1055 4680 1207 4743; x_wconf 84' lang='lat' dir='ltr'>labyrinthos</span> <span class='ocrx_word' id='word_1_684' title='bbox 1224 4679 1312 4729; x_wconf 89' lang='lat' dir='ltr'>incidis</span> <span class='ocrx_word' id='word_1_685' title='bbox 1331 4685 1357 4728; x_wconf 91' lang='lat' dir='ltr'>et</span> <span class='ocrx_word' id='word_1_686' title='bbox 1368 4681 1438 4729; x_wconf 78' lang='lat' dir='ltr'>reris</span> <span class='ocrx_word' id='word_1_687' title='bbox 1455 4678 1593 4743; x_wconf 83' lang='lat' dir='ltr'>imaginari</span> 
     </span>
     <span class='ocr_line' id='line_1_63' title="bbox 241 4749 1594 4835; baseline -0.004 -29"><span class='ocrx_word' id='word_1_688' title='bbox 241 4755 344 4835; x_wconf 69' lang='grc' dir='ltr'>ιιιςιιιιΞ</span> <span class='ocrx_word' id='word_1_689' title='bbox 360 4754 414 4819; x_wconf 76' lang='lat' dir='ltr'>lam</span> <span class='ocrx_word' id='word_1_690' title='bbox 432 4750 546 4804; x_wconf 83' lang='lat' dir='ltr'>addendo</span> <span class='ocrx_word' id='word_1_691' title='bbox 562 4752 616 4813; x_wconf 75' lang='lat' dir='ltr'>lem</span> <span class='ocrx_word' id='word_1_692' title='bbox 633 4750 799 4802; x_wconf 86' lang='lat' dir='ltr'>subtrahendo</span> <span class='ocrx_word' id='word_1_693' title='bbox 816 4752 855 4804; x_wconf 90' lang='lat' dir='ltr'>rel</span> <span class='ocrx_word' id='word_1_694' title='bbox 872 4751 918 4803; x_wconf 86' lang='lat' dir='ltr'>hoc</span> <span class='ocrx_word' id='word_1_695' title='bbox 936 4751 974 4801; x_wconf 82' lang='lat' dir='ltr'>rel</span> <span class='ocrx_word' id='word_1_696' title='bbox 992 4750 1033 4801; x_wconf 92' lang='lat' dir='ltr'>illo</span> <span class='ocrx_word' id='word_1_697' title='bbox 1051 4753 1122 4803; x_wconf 90' lang='lat' dir='ltr'>modo</span> <span class='ocrx_word' id='word_1_698' title='bbox 1147 4750 1251 4818; x_wconf 72' lang='lat' dir='ltr'>angulos</span> <span class='ocrx_word' id='word_1_699' title='bbox 1276 4751 1482 4803; x_wconf 81' lang='grc' dir='ltr'>ιιιιιιοιιιιιιιι.</span> <span class='ocrx_word' id='word_1_700' title='bbox 1520 4749 1594 4801; x_wconf 75' lang='lat' dir='ltr'>Vera</span> 
     </span>
    </p>
   </div>
   <div class='ocr_carea' id='block_1_5' title="bbox 0 0 1648 5550">
    <p class='ocr_par' dir='ltr' id='par_1_14' title="bbox 0 0 1648 5550">
     <span class='ocr_line' id='line_1_64' title="bbox 0 0 1648 5550; baseline 0 0"><span class='ocrx_word' id='word_1_701' title='bbox 0 0 1648 5550; x_wconf 95' lang='lat' dir='ltr'> </span> 
     </span>
    </p>
   </div>
  </div>
 </body>
</html>
