3278 5550
143 240 209 319 440
628 238 668 303 lle
683 246 791 302 Motibus
809 247 904 301 Stellae
920 240 1018 303 11061.

144 430 228 493 faeta
258 427 350 497 luerit
377 444 438 491 uua
464 426 539 488 hora
569 435 654 502 ante,
684 427 822 490 nimimm
849 446 957 491 aurora
985 434 1142 506 surgente,
1180 418 1257 491 bora
1279 420 1370 509 igitur
1388 429 1473 501 sexta,

144 540 219 601 quae
257 526 305 580 est
326 517 471 578 Huennae
501 515 575 577 hura
591 526 725 597 quarta,
760 538 778 578 a
809 536 867 597 qna
894 517 933 578 ad
960 516 1117 579 meridiem
1143 527 1218 592 suut
1239 514 1388 581 1101008
1426 517 1475 579 Per

144 611 199 672 hoo
223 608 410 671 intervallum
434 604 577 685 temporis
601 625 638 666 ex
662 606 863 669 fundamentis
887 605 1089 687 superioribus
1112 606 1267 671 iuvenitur
1290 606 1403 669 medius
1417 623 1486 667 mu··

144 709 194 761 tus
209 696 290 760 Solis
314 713 473 776 superasse
495 713 546 755 eor
561 695 672 757 Leonis
696 694 728 758 5·
755 691 817 758 250
834 692 888 758 320
909 694 974 759 5000
993 715 1059 756 cum
1076 697 1229 759 anomalia
1242 691 1331 761 2340
1348 691 1400 759 540
1413 691 1475 769 3400,

144 787 353 870 aequationem
376 783 492 844 habens
515 802 552 845 ex
576 784 750 847 Ptolemaeo
774 781 813 846 20
835 782 867 846 00
891 781 975 858 3000,
999 805 1036 846 ox
1058 784 1179 848 Brabeo
1207 781 1412 851 10420540
1431 783 1477 865 ad·

64 865 71 879 ⁸
139 877 303 958 jectitiam:
335 871 482 934 distantia
504 870 586 935 Solis
619 894 639 933 a
661 874 756 935 Terra
784 870 993 949 1111098790,
1021 873 1070 936 hio
1104 870 1224 939 98976.
1272 873 1395 937 Medius
1420 892 1476 935 uero

141 975 243 1028 motus
264 961 373 1025 Martis
396 971 467 1022 tuno
491 961 646 1042 superavit
668 982 719 1024 eor
733 963 847 1024 Leonis
870 960 902 1026 2·
931 959 970 1027 60
993 962 1024 1024 70
1050 960 1123 1026 1200.
1169 963 1248 1028 Cum
1272 973 1374 1027 autern
1396 962 1477 1043 aplus-

143 1057 214 1117 lium
238 1050 276 1117 3⁰
298 1047 351 1114 480
376 1046 440 1111 2000
465 1049 506 1111 sit
529 1059 598 1112 ante
623 1070 687 1125 eor,
721 1051 778 1112 erit
806 1052 956 1113 anomalia
978 1053 1089 1114 Martis
1114 1047 1174 1116 690
1196 1050 1254 1118 470
1274 1050 1364 1127 0200,
1401 1071 1477 1114 eoae

144 1155 235 1225 quata
257 1137 317 1205 600
343 1137 393 1202 150
417 1136 499 1212 2700,
529 1140 675 1201 distantia
702 1137 840 1204 158320.
1470 1188 1472 1193 -
1499 1164 1501 1169 ·

229 1231 307 1293 Hine
340 1227 458 1310 gemina
486 1227 536 1289 vi'a
564 1229 773 1308 perveniemus
797 1230 835 1290 ad
860 1229 946 1290 finem
970 1229 1087 1292 calculi.
1134 1231 1235 1297 Primo
1261 1250 1317 1311 per
1340 1230 1474 1292 0000001-

147 1323 270 1385 citatem
294 1326 325 1380 et
347 1315 554 1397 aequationem
578 1318 803 1381 Ptolemaieam.
852 1319 934 1380 Tune
958 1319 1116 1399 longitudo
1131 1321 1214 1385 Solis
1235 1341 1256 1381 a
1276 1320 1366 1384 eorde
1381 1319 1472 1381 leonis

144 1421 192 1474 est
215 1409 247 1475 5·
274 1406 334 1471 270
358 1403 411 1469 330
436 1403 510 1479 2000,
535 1407 674 1468 differens
690 1429 707 1469 a
724 1407 909 1486 longitudine
923 1409 1033 1469 Martis
1048 1410 1217 1474 eooentrica
1244 1408 1274 1472 1·
1302 1406 1365 1473 260
1383 1405 1432 1472 350
1445 1407 1473 1469 700

144 1520 198 1580 per
225 1496 258 1562 4·
285 1493 323 1560 00
346 1494 399 1559 580
426 1492 505 1570 1300,
536 1515 595 1576 qua
627 1496 773 1557 distantia
800 1496 913 1559 arcuali
941 1504 971 1557 et
1000 1496 1154 1562 distantiis
1177 1499 1292 1561 Terrae
1322 1506 1357 1560 et
1377 1497 1473 1558 ddartir
1499 1536 1501 1571 ;

143 1612 161 1652 a
189 1588 260 1652 Sole
288 1585 456 1647 ostenditur
489 1604 637 1665 apparens
667 1586 819 1665 elongatio
849 1608 868 1647 a
891 1584 962 1647 Sole
991 1582 1052 1649 820
1074 1584 1129 1650 43·
1152 1584 1232 1662 4600,
1262 1587 1358 1669 igitur
1380 1596 1410 1648 et
1429 1605 1473 1666 ap·

141 1697 250 1760 parens
283 1673 434 1753 elongatio
467 1672 576 1736 Martis
615 1695 633 1734 a
665 1675 753 1736 eorde
786 1675 898 1737 Leonis
935 1671 967 1736 3·
998 1672 1037 1739 40
1066 1673 1120 1741 490
1148 1673 1223 1743 3400.
1278 1679 1326 1741 =At
1363 1672 1483 1737 seomdo'

141 1787 196 1849 per
224 1764 412 1827 Braheauam
445 1762 699 1824 eocentricitatem
732 1771 763 1826 et
792 1763 1005 1844 aequationes,
1043 1765 1069 1826 si
1098 1767 1205 1829 eadem
1235 1773 1269 1827 et
1297 1775 1371 1829 tuno
1399 1765 1474 1826 fuisso

141 1863 311 1937 ponantur,
361 1849 443 1914 Solis
490 1852 572 1912 loeus
619 1871 767 1933 apparens
811 1872 866 1933 per
913 1851 963 1915 170
1008 1850 1074 1917 3600
1125 1855 1185 1917 erit
1229 1856 1385 1930 anterior,
1434 1870 1474 1913 seu

143 1943 175 2007 5·
202 1939 262 2007 270
287 1936 338 2005 150
360 1936 440 2012 4400,
473 1959 564 2020 quare
588 1949 618 2002 et
641 1943 767 2019 angulus
791 1943 1032 2005 commutationis
1056 1952 1105 2007 est
1126 1940 1161 2007 4·
1188 1943 1227 2009 00
1249 1940 1305 2008 400
1328 1939 1408 2015 3700,
1433 1958 1475 2021 pet

144 2052 230 2115 quem
258 2039 289 2094 et
316 2028 490 2091 distantiam
520 2029 601 2092 Solis
629 2051 648 2091 a
675 2031 770 2092 Terra
800 2038 948 2104 nostram,
986 2033 1073 2112 quasi
1101 2043 1132 2095 et
1161 2042 1232 2097 tuno
1260 2028 1484 2103 0010010011,-

144 2122 311 2186 ostenditur
333 2137 481 2199 apparens
504 2119 657 2199 elongatio
679 2119 788 2181 Martis
812 2141 830 2180 a
853 2121 943 2182 eorde
967 2122 1078 2184 Leonis
1102 2120 1134 2186 3·
1161 2120 1276 2187 40510
1299 2121 1376 2187 280.
1418 2118 1477 2182 uit-

144 2211 272 2275 ferentia
297 2209 377 2271 iuter
399 2215 553 2290 utrumque
576 2208 722 2271 calculum
744 2210 909 2289 perexigua
937 2220 969 2272 et
990 2210 1101 2274 nullius
1125 2213 1280 2275 momenti.
1326 2213 1378 2275 'An
1399 2209 1476 2289 igitur

144 2305 244 2364 Mars
274 2298 473 2361 videbatur
501 2298 604 2377 quasi
632 2299 836 2377 appositus
866 2318 930 2360 seu
963 2302 1173 2380 adaptatus
1201 2301 1345 2364 boreali
1374 2294 1501 2379 lroutirj

144 2387 333 2470 Scorpii?
362 2395 395 2447 ut
417 2395 507 2448 sonat
529 2385 747 2449 observationis
771 2387 964 2468 descriptum.
1012 2389 1190 2454 Videamus.
1237 2382 1412 2456 Ptolemaeo
1436 2388 1501 2505 adq

144 2500 195 2543 cor
209 2477 320 2541 Leonis
341 2472 433 2536 1020
456 2472 509 2537 300
532 2481 566 2550 tl,
590 2476 720 2538 borealis
744 2477 826 2538 clara
850 2478 954 2539 frontis
971 2477 1089 2558 Sourpii
1107 2479 1136 2541 10
1153 2476 1193 2542 60
1208 2477 1261 2543 200
1276 2490 1323 2557 tlt,
1348 2479 1501 2557 elongati-³

143 2590 197 2652 per
229 2565 260 2632 3·
287 2563 326 2630 30
358 2561 411 2627 500
440 2563 499 2639 000;
536 2564 655 2626 Braheo
684 2586 734 2626 cor
757 2563 866 2627 Leonis
895 2564 1007 2632 10240
1040 2567 1091 2631 170
1123 2574 1163 2643 tl,
1193 2570 1277 2631 frons
1307 2567 1425 2648 Scorpii
1451 2564 1476 2627 iu

145 2656 204 2722 270
234 2652 286 2720 360
314 2665 367 2732 til,
400 2654 549 2733 elongatio
578 2649 609 2714 3·
642 2651 680 2715 3⁰
707 2651 761 2717 200
789 2653 842 2717 000.
897 2656 1060 2738 Elongatio
1097 2676 1168 2720 vero
1207 2657 1318 2721 Martis
1351 2658 1413 2737 janu
1439 2660 1477 2739 etl

144 2753 315 2828 computata
339 2742 370 2806 3·
396 2738 435 2805 40
457 2740 510 2805 510
534 2740 608 2806 2800.
654 2745 833 2805 Differentia
853 2753 901 2806 est
924 2748 1149 2827 sesquigradus.

231 2835 421 2897 Ptolemaeus
443 2831 510 2892 huie
534 2833 738 2894 observationi
758 2834 896 2907 confisus,
922 2836 1001 2916 quod
1024 2857 1062 2897 ex
1076 2835 1122 2912 iis,
1149 2836 1256 2917 quibus
1272 2834 1361 2898 inniti
1375 2838 1477 2916 posset,
1497 2854 1501 2883 v

146 2924 355 3005 antiquissima
378 2929 469 2994 esset,
494 2921 650 2984 constitnit
673 2924 775 3003 procul
800 2923 887 2984 dubio
911 2926 1135 3005 proportionem
1149 2925 1232 2987 illam
1252 2924 1380 3000 urbium,
1402 2937 1493 3002 quaru-

48 3072 56 3091 ,
146 3016 242 3077 adhue
265 3011 430 3074 invenimus
453 3009 484 3069 in
508 3010 573 3088 ejus
596 3011 736 3086 numeris,
761 3021 792 3071 et
815 3022 959 3091 quautam
982 3015 1131 3097 requirere
1155 3013 1317 3078 videbatur
1340 3013 1415 3075 haec
1432 3009 1501 3071 01)-Ι

147 3103 289 3166 servatio.
344 3100 422 3162 b'am
450 3098 480 3158 in
508 3107 590 3159 motu
617 3101 713 3161 medio
743 3100 780 3161 ad
811 3101 867 3162 hoo
895 3110 1013 3183 tempus
1046 3113 1221 3183 computato
1251 3123 1309 3165 nou
1335 3094 1492 3166 0111020.

148 3210 240 3254 ame
272 3187 408 3251 dissidet.
460 3185 624 3249 Residuum
653 3188 742 3268 igitur
770 3196 818 3250 est
847 3209 883 3250 er
911 3191 1104 3272 proportione
1135 3193 1261 3255 orbium.
1307 3192 1391 3254 Nam
1412 3184 1501 3270 quoda

149 3280 280 3351 simulat,
304 3296 336 3339 ss
359 3276 435 3338 hano
457 3276 679 3358 proportionem
702 3278 884 3357 investigare
912 3297 967 3362 per
983 3281 1225 3344 observationem
1249 3281 1350 3344 triduo
1374 3279 1482 3341 distau-

150 3379 212 3443 tem
234 3369 272 3429 ab
295 3365 493 3447 oppositione,
519 3365 599 3441 fecit,
624 3375 656 3428 ut
679 3367 829 3428 videretur
852 3368 973 3432 diversa
995 3370 1124 3433 diversis
1149 3371 1287 3434 evinoere
1310 3366 1481 3431 observatis.

151 3458 230 3530 Quia
251 3455 341 3539 igitur
362 3454 437 3517 haec
467 3455 589 3534 antiqua
615 3457 796 3517 reservanda
820 3457 877 3517 luit
899 3458 1082 3540 inquirendis
1103 3459 1237 3522 motibus
1265 3459 1389 3521 mediis:
1413 3456 1485 3536 illan

150 3550 239 3629 igitur
261 3544 451 3626 inquirendae
472 3544 668 3624 proportioni
681 3545 793 3607 orbium
816 3547 979 3622 substituit,
999 3550 1061 3631 jam
1085 3549 1200 3630 pridem
1222 3568 1278 3629 per
1291 3548 1372 3610 haue
1386 3547 1485 3608 insen·

150 3646 209 3700 tae.
235 3630 333 3699 ¹Nam
356 3634 484 3695 absurde
501 3634 613 3695 tentari
630 3634 851 3715 proportionem
876 3637 990 3700 urbium
1013 3657 1066 3718 per
1089 3639 1335 3701 observationem
1359 3633 1485 3698 100111-

152 3727 248 3789 cinam
277 3721 470 3805 oppositioni,
504 3742 593 3803 quam
623 3723 680 3786 1011
708 3724 775 3799 illa,
812 3744 871 3805 qna
892 3726 1084 3790 Ptolemaeus
1108 3747 1141 3791 se
1165 3727 1243 3790 hano
1257 3726 1495 3807 proportionem

153 3817 375 3878 demonstrasse
399 3810 530 3884 simulat,
554 3812 585 3874 id
603 3813 668 3892 jam
692 3820 739 3874 est
762 3812 882 3877 dictum.
1350 3858 1354 3865 -

241 3904 287 3967 Ne
312 3902 377 3984 quis
401 3899 491 3979 igitur
513 3901 643 3976 miretur,
668 3921 722 3964 nos
746 3901 864 3965 differre
889 3904 1085 3986 sesqnigradu
1100 3904 1140 3968 ab
1159 3901 1386 3978 observatione,
1408 3916 1490 3984 qun

154 4015 192 4056 ex
213 3992 392 4072 antiquitate
415 3989 605 4053 Ptolemaeus
628 3990 800 4053 arcessivit:
825 3992 894 4073 quin
918 3995 1019 4073 potius
1034 3992 1175 4075 inspiciat
1189 3993 1256 4072 ejus
1271 3992 1489 4075 proportionem

154 4082 278 4156 orbium,
288 4081 376 4142 valde
386 4078 534 4140 diversam
544 4080 581 4141 ab
592 4099 637 4155 ea,
656 4099 744 4159 quam
753 4080 913 4143 hodiernae
923 4083 1301 4162 probautobservationea
1325 4092 1489 4163 stperpen·

154 4173 217 4246 dat,
234 4177 267 4232 ut
276 4171 325 4231 ille
335 4171 412 4231 hano
423 4166 657 4230 observationem
669 4177 810 4244 tueretur,
821 4169 865 4232 ita
873 4170 997 4234 vitiasse
1008 4193 1128 4236 suorum
1137 4171 1253 4234 urbium
1262 4172 1490 4252 proportiones.

243 4257 330 4330 Quod
354 4259 449 4339 ipsam
472 4257 711 4319 observationem
734 4260 853 4334 attinet,
876 4259 960 4340 cujus
984 4261 1058 4324 haec
1087 4262 1179 4324 verba
1207 4269 1295 4323 sunt:
1317 4256 1397 4339 imos
1413 4256 1491 4323 dm

154 4349 263 4429 Ἀρεως
283 4346 375 4411 s'doues
391 4352 628 4425 upouesdeesesur
642 4369 683 4424 τῳ
695 4350 800 4427 lioperto
816 4371 940 4426 μετωπῳ
954 4371 1008 4412 τον
1023 4373 1174 4432 onopmou,
1196 4349 1350 4425 existimo,
1367 4365 1491 4414 ertum

157 4458 223 4500 esse
246 4436 435 4499 commissum
458 4454 478 4496 a
498 4435 682 4511 Ptolemaeo,
705 4437 754 4519 qui
776 4437 904 4516 primam
918 4438 1035 4520 Soorpii
1050 4431 1212 4515 intellexit,
1236 4437 1492 4503 oum‘obssrvator

159 4527 291 4609 quintam
319 4525 462 4587 innueret.
513 4524 548 4587 Id
577 4543 614 4585 ex
641 4525 715 4604 ipsis
743 4524 844 4587 verbis
872 4527 1025 4608 probatur.
1076 4529 1155 4592 Nam
1182 4529 1269 4592 frons
1299 4525 1423 4610 Soorpii
1443 4543 1493 4590 rex

157 4616 263 4678 stellas
296 4616 393 4675 claras
428 4612 529 4675 habet.
575 4613 622 4674 Ex
657 4613 705 4675 his
740 4613 872 4693 insigues
894 4623 974 4692 tres,
1004 4617 1113 4681 tertiae
1146 4617 1196 4681 vel
1217 4615 1321 4699 potius
1346 4617 1492 4680 monade·

157 4704 383 4784 magnitudinis:
407 4704 536 4781 reliquae
560 4710 622 4764 tres
646 4712 779 4789 quartae,
804 4704 852 4766 vel
869 4704 980 4782 potins,
1003 4726 1051 4769 me
1070 4708 1276 4782 aestimatore,
1301 4708 1414 4770 tertiae
1429 4708 1493 4769 snut

157 4793 387 4876 magnitudinis,
419 4809 540 4872 quarum
572 4810 630 4852 uua
659 4793 747 4855 altior
770 4798 818 4855 est
839 4793 934 4858 tribus
958 4795 1047 4861 claris
1063 4804 1095 4859 et
1110 4795 1388 4879 septentrionalior.
1427 4796 1489 4858 lan
