3278 5550
242 300 305 371 148
631 298 659 351 In
679 298 863 349 commentaria
880 297 911 347 ds
929 294 1034 349 motibus
1053 296 1140 345 stellae
1159 294 1249 346 Martis

239 488 371 556 quantum
392 482 590 537 Ptolemaeo
620 486 743 535 centmm
773 477 847 534 orbis
867 477 973 533 Solatia
1002 478 1086 533 abest
1106 494 1124 531 a
1143 478 1243 541 Terra,
1273 484 1305 531 et
1333 477 1362 532 ia
1389 477 1468 532 linea
1487 476 1592 548 quidem

240 566 336 619 eadem
357 570 408 618 aut
427 561 579 632 parallelis.

321 642 439 712 objici
460 659 526 694 vero
546 640 611 695 mibi
632 640 724 710 potuit
744 655 763 695 a
782 639 1002 703 Braheauis,
1024 657 1068 693 me
1088 638 1263 693 temerarium
1283 656 1346 692 esse
1367 646 1545 694 novatorem:
1563 652 1593 691 se

241 725 321 789 euim,
343 741 402 777 cum
423 728 545 775 veterum
567 727 698 790 receptae
720 720 839 790 opinioni
861 720 1022 775 insisterent
1041 726 1072 772 et
1091 736 1251 775 concursum
1270 721 1486 774 eccentricorum
1501 718 1586 773 nouit

242 805 321 868 Sole,
351 805 399 857 sod
420 802 545 872 proxime
566 802 658 855 Solem
679 808 849 865 statuerent,
871 808 965 854 tamen
986 800 1122 854 calculum
1143 800 1204 853 inde
1225 800 1418 864 exstruxisse,
1450 800 1497 870 qui
1518 798 1584 853 coelo

240 886 417 955 respoudeat.
457 884 496 935 Et
521 882 549 935 iu
579 881 743 950 trajectione
773 897 944 935 numerorum
965 881 1171 935 Braheanorum
1201 880 1229 933 in
1259 880 1374 934 formam
1393 880 1581 935 Ptolemaicsu

241 965 331 1019 dicere
351 963 417 1017 milri
431 962 523 1032 potuit
542 962 784 1024 Ptolemaeus,
807 962 867 1024 sibi,
889 964 951 1014 dum
967 963 1118 1014 observata
1131 968 1230 1014 teneat
1243 961 1448 1032 exprimatque,
1469 960 1580 1030 reputati

239 1061 294 1099 non
316 1043 400 1098 alium
421 1042 602 1096 eccentricum
622 1059 703 1111 quam
724 1043 813 1105 illum,
845 1041 889 1111 qui
911 1042 1084 1095 describatur
1104 1057 1123 1093 a
1143 1048 1238 1095 centro
1259 1042 1393 1111 epicycli,
1423 1042 1498 1095 circa
1523 1041 1579 1111 quod

238 1124 380 1195 epicyclus
414 1124 516 1177 incedit
543 1123 708 1195 aequaliter.
757 1124 854 1192 ltaque
882 1124 982 1175 debere
1009 1139 1052 1175 me
1079 1120 1163 1175 etiam
1188 1129 1271 1191 atque
1300 1122 1383 1177 etiam
1411 1122 1505 1175 ridere
1530 1119 1579 1191 qaid

239 1220 338 1275 agam
360 1221 395 1257 ae
415 1220 487 1256 novo
509 1218 574 1256 usus
593 1203 703 1257 ratione
725 1202 751 1256 id
772 1220 826 1256 non
847 1208 995 1272 praestem,
1017 1204 1086 1272 quod
1109 1204 1145 1255 ab
1167 1202 1221 1255 illis
1239 1200 1299 1269 jam
1323 1201 1361 1256 sit
1379 1200 1579 1273 praestitumis

239 1284 348 1341 ratione
370 1283 468 1337 reteri.

317 1363 389 1418 Huic
409 1364 496 1435 igitur
516 1361 664 1431 objectioni
680 1371 712 1417 ut
724 1370 922 1425 occurreretur,
945 1364 1161 1417 demonstratum
1174 1370 1219 1415 est
1232 1362 1260 1416 in
1274 1362 1386 1433 prims
1401 1361 1493 1433 operis
1504 1366 1576 1431 pera

239 1461 291 1515 per
311 1446 383 1498 hauc
403 1459 502 1497 noram
522 1441 656 1497 rationem
678 1446 773 1497 eadem
794 1444 877 1513 plane
897 1443 955 1497 lieri
977 1460 1026 1496 seu
1047 1442 1186 1513 praestari
1207 1459 1297 1512 posse,
1323 1460 1395 1514 quae
1416 1460 1468 1514 per
1486 1442 1577 1496 illorua

240 1532 365 1583 reserum
386 1524 520 1578 rationem
541 1530 606 1577 sunt
626 1525 771 1593 praestita.

319 1615 475 1667 Secunda
495 1629 561 1665 vero
576 1614 667 1682 operis
682 1620 762 1683 parte
776 1631 834 1667 reru
848 1614 936 1683 ipsam
952 1630 1010 1665 sum
1026 1629 1187 1683 aggressus,
1209 1619 1240 1666 et
1253 1630 1306 1667 nou
1320 1614 1420 1677 minus,
1441 1613 1494 1667 imo
1509 1611 1578 1665 malta

238 1694 341 1748 rectius
356 1693 482 1762 expressi
497 1710 547 1761 per
560 1709 649 1746 meam
667 1694 802 1748 rationem
821 1696 883 1747 loca
897 1695 994 1747 Martis
1010 1694 1037 1746 in
1057 1693 1204 1763 apparenti
1219 1694 1290 1747 Solis
1310 1694 1495 1764 oppositione,
1515 1708 1579 1763 quau

239 1775 280 1829 illi
301 1780 500 1843 expresserant
521 1790 570 1842 per
590 1781 713 1828 veterem
733 1776 868 1828 rationem
889 1775 951 1827 loca
971 1774 1070 1827 Martis
1091 1774 1119 1827 in
1140 1774 1231 1827 media
1249 1774 1322 1827 Solis
1344 1774 1527 1844 oppositione.

317 1854 430 1908 Interim
451 1860 513 1907 tota
533 1862 612 1923 parte
634 1858 754 1909 secunda
775 1854 922 1926 (quantum
936 1857 970 1908 ad
985 1855 1168 1925 geometricas
1184 1856 1433 1908 demonstrationes
1448 1871 1487 1907 ex
1501 1854 1582 1929 oltssr·¹
1610 1906 1615 1911 ,

239 1929 411 2002 retentus)
432 1933 461 1986 in
482 1950 615 2004 suspenso
637 1935 743 2005 reliqui,
765 1944 829 1989 uter
848 1936 950 1988 rectius
972 1935 1071 1996 iaciat,
1102 1934 1162 1987 llli
1185 1950 1221 1989 an
1242 1935 1331 2005 Ego:
1358 1937 1470 2004 quando
1491 1934 1585 2003 quide!

241 2014 449 2069 observationes
471 2015 617 2067 nonnullae
640 2014 754 2086 (quippe
771 2016 898 2086 regulam
919 2015 1021 2068 nostris
1036 2014 1285 2070 machinationibus
1300 2011 1466 2085 praelixam)
1489 2012 1587 2083 utrique

240 2095 464 2165 assequebantur,
486 2094 607 2164 physicis
628 2113 694 2149 vero
714 2096 805 2149 causis
820 2102 1034 2149 consentaneam
1048 2112 1109 2147 esse
1124 2111 1212 2148 meam
1226 2095 1369 2159 rationem,
1392 2096 1588 2148 dissentanesa
1616 2124 1621 2131 ·

240 2176 350 2230 illorum
370 2182 501 2237 remrem,
523 2176 624 2244 partim
646 2177 753 2230 ostendi
774 2184 855 2245 parte
876 2176 972 2245 prima,
997 2175 1147 2244 praecipue
1168 2175 1261 2244 capite
1282 2176 1328 2229 Vl.
1628 2225 1639 2236 ,,

320 2260 361 2309 At
380 2257 487 2309 demum
507 2263 589 2324 parte
611 2266 735 2326 quarta
757 2256 848 2325 operis
870 2256 969 2324 Capite
989 2256 1047 2308 Lll.
1069 2272 1120 2324 per
1141 2255 1212 2308 alias
1234 2257 1367 2325 quasdam
1387 2254 1590 2309 observationes
1619 2288 1630 2323 ι,

240 2352 295 2390 aen
315 2335 404 2389 minus
426 2335 596 2400 intenibiles,
619 2338 824 2408 quampriores
846 2344 935 2397 erant,
965 2352 1088 2406 quasque
1117 2336 1226 2389 illorum
1252 2342 1332 2389 vetus
1361 2336 1434 2389 ratio
1463 2334 1592 2406 nequibd
1619 2370 1626 2403 3

241 2416 361 2487 assequi,
377 2431 440 2469 mea
453 2418 655 2487 assequebatur
668 2417 860 2488 pulcherrime,
872 2417 1056 2469 demonstravi
1071 2416 1240 2479 solidissime,
1252 2416 1351 2470 Martis
1366 2412 1594 2490 eccentricumsis

240 2496 324 2550 situm
344 2512 414 2559 esse,
437 2501 469 2548 ut
488 2495 576 2567 ipsum
597 2498 702 2552 Solaria
724 2498 844 2566 corporis
866 2504 989 2550 centrum
1011 2497 1038 2550 in
1060 2497 1159 2550 lineam
1182 2497 1304 2565 apsidum
1327 2495 1387 2565 ejus
1408 2494 1525 2559 incidat,
1545 2508 1593 2549 ιιι
1629 2490 1632 2496 ’

240 2593 305 2630 sero
327 2576 438 2646 aliquod
459 2585 589 2646 punctum
609 2596 710 2649 prope;
734 2579 827 2648 itaque
848 2578 1016 2630 eccentricos
1037 2594 1130 2631 omnes
1151 2577 1178 2629 in
1200 2577 1260 2645 ipso
1281 2578 1364 2631 Sole
1384 2592 1560 2632 concurrere.
1633 2639 1639 2652 Ι

320 2658 359 2711 Ut
378 2673 443 2710 vero
464 2656 516 2711 hoc
537 2676 591 2712 non
611 2666 719 2714 tantum
741 2660 830 2728 quoad
852 2658 1053 2728 longitudinem
1074 2658 1216 2721 obtineat,
1247 2660 1294 2710 sed
1316 2657 1400 2711 etiam
1421 2658 1517 2727 quoad
1536 2654 1593 2710 lati·
1627 2723 1628 2726 Ἴ

241 2737 377 2792 ιιιιιιιιειιιι
398 2736 459 2791 ideo
480 2744 562 2807 parte
584 2740 704 2810 quinta
724 2739 910 2792 demonstravi
924 2740 1038 2791 eandem
1053 2754 1110 2792 rem
1133 2738 1217 2791 etiam
1238 2755 1275 2793 ex
1296 2738 1452 2792 observatis
1475 2734 1594 2791 1eu'tad·
1619 2788 1625 2807 ὃ

241 2817 321 2873 uibus
343 2817 442 2887 Capito
463 2818 575 2873 LXVII.
1621 2812 1624 2817 ’

322 2899 384 2953 Non
406 2904 557 2967 potuerunt
577 2899 633 2954 ista
652 2899 786 2953 maturius
808 2900 835 2952 in
857 2916 940 2967 opere
961 2898 1155 2962 demonstrari,
1179 2898 1245 2968 quia
1264 2898 1421 2969 ingreditur
1440 2897 1471 2952 in
1491 2898 1594 2965 damn·
1621 2894 1625 2899 ’

242 2978 393 3033 ιιῐιιιίοιιιι
413 2978 465 3030 has
487 2979 685 3033 astronomicas
713 2978 834 3049 cognitio
863 2988 965 3032 exacta
992 2996 1135 3034 causarum
1166 2978 1376 3048 inaequalitatis
1404 2979 1546 3032 secundae
1569 2976 1594 3031 is

242 3065 319 3111 motu
339 3058 529 3127 planetarum:
561 3058 589 3112 in
609 3075 665 3128 qua
685 3058 810 3112 similiter
830 3061 1013 3131 detegendum
1035 3061 1110 3128 prius
1132 3067 1195 3114 erat
1215 3066 1297 3129 parte
1318 3059 1404 3114 tertia
1424 3074 1527 3113 norum
1547 3055 1593 3111 ali·

243 3137 317 3209 quid,
339 3137 560 3192 antecessoribus
581 3138 749 3210 incognitum
772 3137 818 3194 dcc.

323 3226 433 3281 Etenim
455 3227 638 3282 demonstravi
660 3235 742 3298 parte
762 3228 887 3282 tertia:
916 3229 974 3281 sive
1001 3236 1081 3282 vetus
1098 3228 1159 3297 jam
1187 3228 1262 3283 dicta
1287 3228 1359 3281 ratio
1387 3228 1499 3293 valeat,
1527 3240 1593 3299 quas

243 3307 332 3362 medio
353 3307 425 3361 Solis
445 3315 528 3377 motu,
550 3308 609 3362 sire
629 3326 692 3362 mea
711 3325 791 3373 nova,
814 3325 884 3378 quae
906 3309 1053 3378 apparenti
1074 3310 1176 3371 utitur;
1197 3309 1326 3378 utrinque
1347 3315 1438 3362 tamen
1461 3308 1592 3362 aecuadsc

244 3387 448 3457 inaequalitati,
471 3404 542 3457 quae
563 3389 741 3444 communiter
761 3406 853 3443 omnes
873 3391 1003 3459 planetas
1025 3390 1138 3453 attinet,
1167 3389 1333 3459 permixtum
1354 3406 1416 3442 esse
1437 3388 1544 3459 aliquid
1561 3388 1591 3439 ds

244 3467 454 3538 inaequalitatis
474 3468 580 3537 primae
601 3470 702 3526 causis.
746 3472 843 3540 ltaque
864 3471 1060 3523 Ptolemaeo
1082 3469 1275 3531 demonstrari,
1297 3469 1436 3540 epicyclos
1459 3485 1525 3523 suos
1543 3480 1590 3521 aas

245 3549 350 3601 babere
364 3547 415 3603 illa
428 3555 533 3617 puncta
547 3567 596 3619 pro
611 3551 722 3614 centris,
744 3550 817 3603 circa
836 3566 907 3621 quae
923 3557 1011 3603 motus
1027 3566 1119 3603 eorum
1134 3557 1199 3603 eunt
1212 3549 1382 3620 aequabiles.
1413 3548 1460 3603 Sic
1474 3550 1591 3619 Goper·

244 3629 320 3683 uico
341 3629 537 3693 demonstravi,
566 3630 710 3695 circulum,
739 3631 767 3684 in
789 3647 841 3701 quo
863 3631 956 3684 'lellus
979 3631 1053 3683 circa
1072 3630 1163 3684 Solem
1184 3638 1326 3692 movetur,
1355 3646 1409 3683 non
1436 3630 1543 3684 babere
1568 3626 1590 3679 ii

245 3716 376 3778 pnruotum
389 3726 440 3779 pro
454 3717 558 3774 centro,
580 3711 653 3764 circa
666 3712 737 3781 quod
752 3711 813 3779 ejus
828 3718 916 3764 motus
930 3710 1070 3781 regularis
1084 3715 1128 3763 est
1142 3718 1172 3764 et
1185 3709 1346 3780 aequabilis.
1381 3710 1427 3763 Sic
1441 3711 1465 3763 Τ
1470 3704 1591 3781 ychosi

245 3790 387 3843 Braheo
408 3791 602 3854 demonstrari,
623 3792 761 3852 circulum,
784 3791 811 3843 in
833 3808 885 3861 quo
907 3791 1030 3844 circumit
1051 3808 1199 3845 concursus
1218 3808 1266 3843 seu
1287 3793 1373 3844 nodus
1388 3790 1594 3845 eccentricum

247 3870 429 3939 supradictus,
452 3887 507 3924 uon
527 3871 631 3924 habere
653 3872 679 3924 id
700 3878 831 3941 punctum
851 3889 901 3941 pro
923 3877 1026 3933 centro,
1049 3872 1122 3924 circa
1142 3873 1212 3941 quod
1227 3870 1288 3939 ejus
1302 3878 1391 3925 motus
1405 3870 1546 3942 regularis
1558 3872 1599 3921 eo

247 3957 278 4003 et
299 3950 464 4019 aequabilis.
507 3951 577 4015 Nam
599 3951 622 4004 si
644 3953 789 4005 concedam
811 3952 965 4015 Braheo,
994 3958 1026 4005 ut
1046 3951 1157 4004 differat
1184 3967 1329 4006 concursus
1351 3951 1565 4005 eccentricum
1580 3960 1600 4001 s

247 4036 343 4083 oeatm
364 4029 473 4094 Solis,
495 4048 609 4085 necesse
624 4048 687 4085 esso
701 4039 733 4084 ut
746 4031 828 4094 dicat,
845 4031 985 4085 circuitum
999 4049 1145 4085 concursus
1161 4032 1243 4093 illius,
1258 4032 1304 4101 qui
1320 4031 1479 4101 quantitate
1492 4037 1523 4085 et
1536 4036 1597 4083 tc!-

248 4126 317 4178 pore
347 4110 432 4180 plane
453 4119 557 4180 aequat
577 4111 719 4165 circuitum
740 4112 856 4175 Solis,
878 4112 1059 4165 eccentricum
1079 4130 1141 4165 esse
1162 4119 1192 4165 et
1211 4128 1328 4182 vergere
1349 4112 1376 4165 in
1397 4111 1597 4182 Capricorno-t

248 4205 309 4243 oum
329 4189 430 4244 Solis
459 4190 587 4245 circuitus
612 4192 780 4245 eccentricus
803 4199 905 4263 vergat
923 4192 951 4245 in
965 4193 1116 4254 Cancrum3
1147 4192 1217 4246 idem
1239 4209 1304 4245 vero
1325 4192 1452 4247 accidere
1472 4186 1598 4262 epioycl's

248 4268 461 4333 Ptolemaei;

328 4349 376 4403 Sin
396 4356 489 4405 autem
510 4367 670 4406 concursum
700 4368 749 4405 seu
776 4353 875 4406 nodum
904 4353 1116 4408 eccentrioorum
1144 4352 1283 4407 conferam
1310 4351 1337 4405 in
1364 4351 1454 4422 ipsum
1481 4356 1601 4407 tenuo·

251 4429 373 4497 corporis
393 4430 514 4494 Solaria,
543 4438 609 4485 tunc
636 4432 776 4486 circuitum
804 4434 877 4486 hunc
904 4434 1047 4508 utriusque
1068 4441 1098 4488 et
1118 4434 1180 4487 nodi
1202 4434 1267 4486 dicti
1288 4441 1318 4486 et
1337 4432 1409 4488 Solis
1437 4444 1600 4489 commune!

251 4509 432 4565 eccentricum
453 4510 561 4580 quidem
582 4528 643 4565 esse
665 4529 684 4565 a
697 4513 783 4566 Terra
802 4520 832 4567 et
845 4514 873 4567 in
888 4514 1021 4569 Cancrum
1037 4531 1162 4585 vergere,
1186 4515 1233 4566 sed
1247 4513 1355 4567 dimidio
1369 4514 1458 4569 solum
1472 4509 1601 4568 menti·

251 4589 345 4644 citatis
360 4590 429 4659 ejus,
447 4607 529 4660 quam
543 4591 651 4646 obtinet
664 4600 803 4662 punctum,
819 4593 891 4647 circa
906 4597 976 4664 quod
990 4595 1062 4649 Solis
1076 4601 1165 4649 motus
1180 4594 1318 4665 regularis
1333 4599 1363 4648 et
1376 4594 1602 4665 aequabilitatis

331 4680 371 4734 Et
389 4679 418 4733 iu
439 4680 637 4750 Caperuioo
658 4682 761 4737 Terrae
782 4683 963 4738 eccentricum
984 4701 1101 4757 vergere
1131 4684 1240 4755 quidem
1268 4683 1296 4738 iu
1318 4683 1528 4753 Capricornum,
1558 4680 1604 4737 sed

253 4758 362 4814 dimidio
382 4761 481 4814 saltem
495 4760 556 4829 ejus
571 4762 794 4827 eccentricitatis‚
818 4780 873 4835 qua
886 4765 913 4818 in
927 4766 1043 4818 eundem
1057 4765 1253 4835 Capricornum
1267 4764 1352 4819 distet
1372 4774 1514 4835 punctum,
1534 4763 1609 4820 dm

254 4843 326 4913 quod
345 4840 500 4913 aequabilis
521 4848 565 4896 eat
585 4850 675 4897 motus
692 4844 811 4913 Terrae,
