<?xml version="1.0" encoding="UTF-8"?>
<!DOCTYPE html PUBLIC "-//W3C//DTD XHTML 1.0 Transitional//EN"
    "http://www.w3.org/TR/xhtml1/DTD/xhtml1-transitional.dtd">
<html xmlns="http://www.w3.org/1999/xhtml" xml:lang="en" lang="en">
 <head>
  <title>
</title>
<meta http-equiv="Content-Type" content="text/html;charset=utf-8" />
  <meta name='ocr-system' content='tesseract 3.04.00' />
  <meta name='ocr-capabilities' content='ocr_page ocr_carea ocr_par ocr_line ocrx_word'/>
</head>
<body>
  <div class='ocr_page' id='page_1' title='image "./joanniskepleria12frisgoog/joanniskepleria12frisgoog_0056.png"; bbox 0 0 3278 5550; ppageno 0'>
   <div class='ocr_carea' id='block_1_1' title="bbox 520 299 1490 371">
    <p class='ocr_par' dir='ltr' id='par_1_1' title="bbox 520 299 1490 371">
     <span class='ocr_line' id='line_1_1' title="bbox 520 299 1490 371; baseline 0 -12"><span class='ocrx_word' id='word_1_1' title='bbox 520 304 1114 360; x_wconf 67' lang='lat' dir='ltr'>aemmausotmmmuuuues</span> <span class='ocrx_word' id='word_1_2' title='bbox 1446 299 1490 371; x_wconf 76' lang='lat'>47</span> 
     </span>
    </p>
   </div>
   <div class='ocr_carea' id='block_1_2' title="bbox 133 477 1493 1192">
    <p class='ocr_par' dir='ltr' id='par_1_2' title="bbox 133 477 1492 924">
     <span class='ocr_line' id='line_1_2' title="bbox 224 477 1490 568; baseline -0.002 -20"><span class='ocrx_word' id='word_1_3' title='bbox 224 487 293 548; x_wconf 87' lang='lat' dir='ltr'>Hoc</span> <span class='ocrx_word' id='word_1_4' title='bbox 315 484 437 567; x_wconf 90' lang='lat' dir='ltr'>inquam</span> <span class='ocrx_word' id='word_1_5' title='bbox 466 506 556 548; x_wconf 92' lang='lat' dir='ltr'>unum</span> <span class='ocrx_word' id='word_1_6' title='bbox 586 485 644 548; x_wconf 84' lang='lat' dir='ltr'>luit</span> <span class='ocrx_word' id='word_1_7' title='bbox 673 485 839 548; x_wconf 88' lang='lat' dir='ltr'>dicendum.</span> <span class='ocrx_word' id='word_1_8' title='bbox 886 485 948 548; x_wconf 88' lang='lat' dir='ltr'>Sed</span> <span class='ocrx_word' id='word_1_9' title='bbox 971 486 1042 568; x_wconf 89' lang='lat' dir='ltr'>quia</span> <span class='ocrx_word' id='word_1_10' title='bbox 1068 477 1145 566; x_wconf 87' lang='lat' dir='ltr'>jam&#39;</span> <span class='ocrx_word' id='word_1_11' title='bbox 1166 491 1266 547; x_wconf 88' lang='lat' dir='ltr'>sumta</span> <span class='ocrx_word' id='word_1_12' title='bbox 1297 483 1410 565; x_wconf 85' lang='lat' dir='ltr'>pagina</span> <span class='ocrx_word' id='word_1_13' title='bbox 1431 491 1490 561; x_wconf 91' lang='lat' dir='ltr'>est,</span> 
     </span>
     <span class='ocr_line' id='line_1_3' title="bbox 133 574 1492 659; baseline -0.003 -19"><span class='ocrx_word' id='word_1_14' title='bbox 133 577 306 659; x_wconf 81' lang='lat' dir='ltr'>impleatur.</span> <span class='ocrx_word' id='word_1_15' title='bbox 346 576 471 657; x_wconf 83' lang='lat' dir='ltr'>&#39;l&#39;ycho</span> <span class='ocrx_word' id='word_1_16' title='bbox 495 594 616 639; x_wconf 89' lang='lat' dir='ltr'>suarum</span> <span class='ocrx_word' id='word_1_17' title='bbox 639 575 881 639; x_wconf 68' lang='lat' dir='ltr'>observationum</span> <span class='ocrx_word' id='word_1_18' title='bbox 904 594 1014 655; x_wconf 91' lang='lat' dir='ltr'>parcos</span> <span class='ocrx_word' id='word_1_19' title='bbox 1029 583 1078 638; x_wconf 88' lang='lat' dir='ltr'>est</span> <span class='ocrx_word' id='word_1_20' title='bbox 1091 576 1259 638; x_wconf 78' lang='lat' dir='ltr'><strong>admodum.</strong></span> <span class='ocrx_word' id='word_1_21' title='bbox 1277 574 1377 642; x_wconf 78' lang='lat' dir='ltr'>,Mihi</span> <span class='ocrx_word' id='word_1_22' title='bbox 1391 582 1492 637; x_wconf 67' lang='lat' dir='ltr'>umen</span> 
     </span>
     <span class='ocr_line' id='line_1_4' title="bbox 136 664 1491 747; baseline -0.003 -17"><span class='ocrx_word' id='word_1_23' title='bbox 136 687 240 730; x_wconf 85' lang='lat' dir='ltr'>aarum</span> <span class='ocrx_word' id='word_1_24' title='bbox 261 665 351 747; x_wconf 88' lang='lat' dir='ltr'>copia</span> <span class='ocrx_word' id='word_1_25' title='bbox 368 665 561 747; x_wconf 87' lang='lat' dir='ltr'>quotidiana:</span> <span class='ocrx_word' id='word_1_26' title='bbox 585 666 673 728; x_wconf 92' lang='lat' dir='ltr'>modo</span> <span class='ocrx_word' id='word_1_27' title='bbox 692 664 887 745; x_wconf 72' lang='lat' dir='ltr'>descriptioni</span> <span class='ocrx_word' id='word_1_28' title='bbox 911 668 1084 729; x_wconf 87' lang='lat' dir='ltr'>sufficerem.</span> <span class='ocrx_word' id='word_1_29' title='bbox 1117 665 1275 727; x_wconf 88' lang='lat' dir='ltr'>Electione</span> <span class='ocrx_word' id='word_1_30' title='bbox 1290 664 1383 744; x_wconf 80' lang='lat' dir='ltr'>igitur</span> <span class='ocrx_word' id='word_1_31' title='bbox 1407 684 1491 746; x_wconf 91' lang='lat' dir='ltr'>opus.</span> 
     </span>
     <span class='ocr_line' id='line_1_5' title="bbox 138 754 1491 837; baseline -0.002 -17"><span class='ocrx_word' id='word_1_32' title='bbox 138 759 184 820; x_wconf 85' lang='lat' dir='ltr'>Tu</span> <span class='ocrx_word' id='word_1_33' title='bbox 199 755 309 831; x_wconf 85' lang='lat' dir='ltr'>scnbe,</span> <span class='ocrx_word' id='word_1_34' title='bbox 328 774 405 836; x_wconf 87' lang='lat' dir='ltr'>quae</span> <span class='ocrx_word' id='word_1_35' title='bbox 423 754 615 835; x_wconf 88' lang='lat' dir='ltr'>potissimum</span> <span class='ocrx_word' id='word_1_36' title='bbox 634 755 769 817; x_wconf 90' lang='lat' dir='ltr'>notanda</span> <span class='ocrx_word' id='word_1_37' title='bbox 789 762 820 816; x_wconf 91' lang='lat' dir='ltr'>et</span> <span class='ocrx_word' id='word_1_38' title='bbox 838 756 1026 837; x_wconf 88' lang='lat' dir='ltr'>excerpenda</span> <span class='ocrx_word' id='word_1_39' title='bbox 1044 754 1100 818; x_wconf 89' lang='lat' dir='ltr'>tibi</span> <span class='ocrx_word' id='word_1_40' title='bbox 1118 754 1286 817; x_wconf 83' lang='lat' dir='ltr'>rideantur.</span> <span class='ocrx_word' id='word_1_41' title='bbox 1314 756 1382 828; x_wconf 84' lang='lat' dir='ltr'>Hoc</span> <span class='ocrx_word' id='word_1_42' title='bbox 1400 772 1491 817; x_wconf 90' lang='lat' dir='ltr'>unum</span> 
     </span>
     <span class='ocr_line' id='line_1_6' title="bbox 141 844 712 924; baseline -0.009 -14"><span class='ocrx_word' id='word_1_43' title='bbox 141 849 217 910; x_wconf 77' lang='lat' dir='ltr'>hanc</span> <span class='ocrx_word' id='word_1_44' title='bbox 237 846 426 924; x_wconf 81' lang='lat' dir='ltr'>Pragensem</span> <span class='ocrx_word' id='word_1_45' title='bbox 448 864 564 907; x_wconf 88' lang='lat' dir='ltr'>moram</span> <span class='ocrx_word' id='word_1_46' title='bbox 587 844 712 907; x_wconf 88' lang='lat' dir='ltr'>solatur.</span> 
     </span>
    </p>

    <p class='ocr_par' dir='ltr' id='par_1_3' title="bbox 143 929 1493 1192">
     <span class='ocr_line' id='line_1_7' title="bbox 224 929 1490 1015; baseline -0.002 -18"><span class='ocrx_word' id='word_1_47' title='bbox 224 933 388 997; x_wconf 87' lang='lat' dir='ltr'>Lunaris</span> <span class='ocrx_word' id='word_1_48' title='bbox 410 934 652 1015; x_wconf 77' lang='lat' dir='ltr'>hypothesis,</span> <span class='ocrx_word' id='word_1_49' title='bbox 681 954 770 1015; x_wconf 89' lang='lat' dir='ltr'>quam</span> <span class='ocrx_word' id='word_1_50' title='bbox 794 940 1016 1009; x_wconf 80' lang='lat' dir='ltr'>assumserunt,</span> <span class='ocrx_word' id='word_1_51' title='bbox 1040 939 1114 1015; x_wconf 93' lang='lat' dir='ltr'>puto</span> <span class='ocrx_word' id='word_1_52' title='bbox 1135 931 1221 994; x_wconf 89' lang='lat' dir='ltr'>brevi</span> <span class='ocrx_word' id='word_1_53' title='bbox 1243 932 1341 994; x_wconf 90' lang='lat' dir='ltr'>lucem</span> <span class='ocrx_word' id='word_1_54' title='bbox 1364 929 1490 995; x_wconf 87' lang='lat' dir='ltr'>videbit.</span> 
     </span>
     <span class='ocr_line' id='line_1_8' title="bbox 143 1020 1492 1104; baseline -0.005 -15"><span class='ocrx_word' id='word_1_55' title='bbox 143 1027 186 1089; x_wconf 79' lang='lat' dir='ltr'>Fa</span> <span class='ocrx_word' id='word_1_56' title='bbox 207 1024 316 1104; x_wconf 80' lang='lat' dir='ltr'>exigno</span> <span class='ocrx_word' id='word_1_57' title='bbox 340 1022 471 1085; x_wconf 84' lang='lat' dir='ltr'>aberrat</span> <span class='ocrx_word' id='word_1_58' title='bbox 509 1023 728 1098; x_wconf 86' lang='lat' dir='ltr'>Fundamenta,</span> <span class='ocrx_word' id='word_1_59' title='bbox 746 1024 804 1085; x_wconf 93' lang='lat' dir='ltr'>hoc</span> <span class='ocrx_word' id='word_1_60' title='bbox 825 1031 874 1084; x_wconf 90' lang='lat' dir='ltr'>est</span> <span class='ocrx_word' id='word_1_61' title='bbox 887 1023 1128 1096; x_wconf 88' lang='lat' dir='ltr'>observationes,</span> <span class='ocrx_word' id='word_1_62' title='bbox 1151 1040 1210 1084; x_wconf 92' lang='lat' dir='ltr'>non</span> <span class='ocrx_word' id='word_1_63' title='bbox 1228 1029 1299 1083; x_wconf 86' lang='lat' dir='ltr'>sunt</span> <span class='ocrx_word' id='word_1_64' title='bbox 1319 1039 1376 1100; x_wconf 93' lang='lat' dir='ltr'>pro</span> <span class='ocrx_word' id='word_1_65' title='bbox 1399 1020 1492 1083; x_wconf 91' lang='lat' dir='ltr'>insti-</span> 
     </span>
     <span class='ocr_line' id='line_1_9' title="bbox 146 1108 1493 1192; baseline -0.004 -15"><span class='ocrx_word' id='word_1_66' title='bbox 146 1123 205 1177; x_wconf 82' lang='lat' dir='ltr'>tuta</span> <span class='ocrx_word' id='word_1_67' title='bbox 233 1113 402 1176; x_wconf 65' lang='lat' dir='ltr'>subtilitate</span> <span class='ocrx_word' id='word_1_68' title='bbox 431 1112 462 1175; x_wconf 92' lang='lat' dir='ltr'>in</span> <span class='ocrx_word' id='word_1_69' title='bbox 490 1112 548 1174; x_wconf 92' lang='lat' dir='ltr'>hoc</span> <span class='ocrx_word' id='word_1_70' title='bbox 577 1113 686 1176; x_wconf 85' lang='lat' dir='ltr'>sidere.</span> <span class='ocrx_word' id='word_1_71' title='bbox 732 1113 812 1176; x_wconf 85' lang='lat' dir='ltr'>Nam</span> <span class='ocrx_word' id='word_1_72' title='bbox 843 1120 1001 1174; x_wconf 89' lang='lat' dir='ltr'>assumunt</span> <span class='ocrx_word' id='word_1_73' title='bbox 1033 1112 1164 1192; x_wconf 84' lang='lat' dir='ltr'>eclipses</span> <span class='ocrx_word' id='word_1_74' title='bbox 1187 1112 1342 1186; x_wconf 89' lang='lat' dir='ltr'>Lunares;</span> <span class='ocrx_word' id='word_1_75' title='bbox 1373 1108 1493 1191; x_wconf 87' lang='lat' dir='ltr'>siquis</span> 
     </span>
    </p>
   </div>
   <div class='ocr_carea' id='block_1_3' title="bbox 146 1198 1599 1283">
    <p class='ocr_par' dir='ltr' id='par_1_4' title="bbox 146 1198 1599 1283">
     <span class='ocr_line' id='line_1_10' title="bbox 146 1198 1599 1283; baseline -0.003 -18"><span class='ocrx_word' id='word_1_76' title='bbox 146 1205 277 1265; x_wconf 79' lang='lat' dir='ltr'>adstaret</span> <span class='ocrx_word' id='word_1_77' title='bbox 297 1201 499 1276; x_wconf 88' lang='lat' dir='ltr'>observatori,</span> <span class='ocrx_word' id='word_1_78' title='bbox 523 1203 573 1283; x_wconf 88' lang='lat' dir='ltr'>qui</span> <span class='ocrx_word' id='word_1_79' title='bbox 586 1203 717 1265; x_wconf 88' lang='lat' dir='ltr'>medium</span> <span class='ocrx_word' id='word_1_80' title='bbox 740 1202 889 1282; x_wconf 82' lang='lat' dir='ltr'>eclipseos</span> <span class='ocrx_word' id='word_1_81' title='bbox 911 1201 1036 1277; x_wconf 88' lang='lat' dir='ltr'>diceret,</span> <span class='ocrx_word' id='word_1_82' title='bbox 1059 1201 1227 1282; x_wconf 89' lang='lat' dir='ltr'>probarem.</span> <span class='ocrx_word' id='word_1_83' title='bbox 1274 1199 1336 1263; x_wconf 88' lang='lat' dir='ltr'>Sed</span> <span class='ocrx_word' id='word_1_84' title='bbox 1359 1198 1492 1261; x_wconf 90' lang='lat' dir='ltr'>medium</span> <span class='ocrx_word' id='word_1_85' title='bbox 1592 1230 1599 1247; x_wconf 92' lang='lat'>.</span> 
     </span>
    </p>
   </div>
   <div class='ocr_carea' id='block_1_4' title="bbox 141 1289 1493 1810">
    <p class='ocr_par' dir='ltr' id='par_1_5' title="bbox 141 1289 1493 1810">
     <span class='ocr_line' id='line_1_11' title="bbox 147 1289 1491 1372; baseline -0.002 -18"><span class='ocrx_word' id='word_1_86' title='bbox 147 1293 287 1372; x_wconf 76' lang='lat' dir='ltr'>colligunt</span> <span class='ocrx_word' id='word_1_87' title='bbox 308 1311 347 1353; x_wconf 87' lang='lat' dir='ltr'>ex</span> <span class='ocrx_word' id='word_1_88' title='bbox 369 1290 457 1353; x_wconf 90' lang='lat' dir='ltr'>initio</span> <span class='ocrx_word' id='word_1_89' title='bbox 481 1299 512 1353; x_wconf 83' lang='lat' dir='ltr'>et</span> <span class='ocrx_word' id='word_1_90' title='bbox 533 1292 601 1367; x_wconf 85' lang='lat' dir='ltr'>fine,</span> <span class='ocrx_word' id='word_1_91' title='bbox 625 1310 681 1354; x_wconf 91' lang='lat' dir='ltr'>nec</span> <span class='ocrx_word' id='word_1_92' title='bbox 703 1310 740 1352; x_wconf 89' lang='lat' dir='ltr'>eo</span> <span class='ocrx_word' id='word_1_93' title='bbox 764 1308 882 1372; x_wconf 86' lang='lat' dir='ltr'>semper</span> <span class='ocrx_word' id='word_1_94' title='bbox 904 1291 949 1352; x_wconf 90' lang='lat' dir='ltr'>ita</span> <span class='ocrx_word' id='word_1_95' title='bbox 968 1291 1140 1372; x_wconf 89' lang='lat' dir='ltr'>conspicuo.</span> <span class='ocrx_word' id='word_1_96' title='bbox 1179 1289 1325 1370; x_wconf 87' lang='lat' dir='ltr'>Coepisse</span> <span class='ocrx_word' id='word_1_97' title='bbox 1349 1289 1491 1365; x_wconf 86' lang='lat' dir='ltr'>cernitur,</span> 
     </span>
     <span class='ocr_line' id='line_1_12' title="bbox 146 1378 1491 1462; baseline -0.004 -18"><span class='ocrx_word' id='word_1_98' title='bbox 146 1401 197 1444; x_wconf 84' lang='lat' dir='ltr'>nm</span> <span class='ocrx_word' id='word_1_99' title='bbox 219 1381 363 1461; x_wconf 90' lang='lat' dir='ltr'>incipere,</span> <span class='ocrx_word' id='word_1_100' title='bbox 387 1388 420 1442; x_wconf 92' lang='lat' dir='ltr'>et</span> <span class='ocrx_word' id='word_1_101' title='bbox 441 1380 581 1456; x_wconf 85' lang='lat' dir='ltr'>desiisse,</span> <span class='ocrx_word' id='word_1_102' title='bbox 605 1400 664 1444; x_wconf 93' lang='lat' dir='ltr'>non</span> <span class='ocrx_word' id='word_1_103' title='bbox 687 1381 834 1443; x_wconf 90' lang='lat' dir='ltr'>desinere.</span> <span class='ocrx_word' id='word_1_104' title='bbox 880 1381 962 1444; x_wconf 84' lang='lat' dir='ltr'>Ante</span> <span class='ocrx_word' id='word_1_105' title='bbox 985 1388 1018 1442; x_wconf 92' lang='lat' dir='ltr'>et</span> <span class='ocrx_word' id='word_1_106' title='bbox 1038 1387 1110 1462; x_wconf 89' lang='lat' dir='ltr'>post</span> <span class='ocrx_word' id='word_1_107' title='bbox 1132 1379 1375 1460; x_wconf 89' lang='lat' dir='ltr'>semiquadrante</span> <span class='ocrx_word' id='word_1_108' title='bbox 1397 1378 1491 1439; x_wconf 84' lang='lat' dir='ltr'>horae</span> 
     </span>
     <span class='ocr_line' id='line_1_13' title="bbox 144 1467 1492 1548; baseline -0.004 -15"><span class='ocrx_word' id='word_1_109' title='bbox 144 1472 177 1533; x_wconf 86' lang='lat' dir='ltr'>de</span> <span class='ocrx_word' id='word_1_110' title='bbox 203 1470 291 1533; x_wconf 89' lang='lat' dir='ltr'>initio</span> <span class='ocrx_word' id='word_1_111' title='bbox 315 1478 349 1530; x_wconf 86' lang='lat' dir='ltr'>et</span> <span class='ocrx_word' id='word_1_112' title='bbox 376 1470 434 1532; x_wconf 82' lang='lat' dir='ltr'>dne</span> <span class='ocrx_word' id='word_1_113' title='bbox 467 1469 629 1533; x_wconf 81' lang='lat' dir='ltr'>dubitatur.</span> <span class='ocrx_word' id='word_1_114' title='bbox 676 1472 711 1533; x_wconf 94' lang='lat' dir='ltr'>In</span> <span class='ocrx_word' id='word_1_115' title='bbox 743 1470 852 1531; x_wconf 86' lang='lat' dir='ltr'>ceteris</span> <span class='ocrx_word' id='word_1_116' title='bbox 882 1470 985 1532; x_wconf 91' lang='lat' dir='ltr'>Lunae</span> <span class='ocrx_word' id='word_1_117' title='bbox 1015 1467 1277 1532; x_wconf 85' lang='lat' dir='ltr'>observationibus</span> <span class='ocrx_word' id='word_1_118' title='bbox 1308 1483 1492 1548; x_wconf 89' lang='lat' dir='ltr'>proposuere</span> 
     </span>
     <span class='ocr_line' id='line_1_14' title="bbox 144 1556 1492 1638; baseline -0.004 -16"><span class='ocrx_word' id='word_1_119' title='bbox 144 1561 193 1622; x_wconf 87' lang='lat' dir='ltr'>sibi</span> <span class='ocrx_word' id='word_1_120' title='bbox 216 1558 399 1621; x_wconf 73' lang='lat' dir='ltr'>orientalem</span> <span class='ocrx_word' id='word_1_121' title='bbox 421 1559 472 1620; x_wconf 89' lang='lat' dir='ltr'>vel</span> <span class='ocrx_word' id='word_1_122' title='bbox 494 1559 712 1622; x_wconf 88' lang='lat' dir='ltr'>occidentalem</span> <span class='ocrx_word' id='word_1_123' title='bbox 735 1560 867 1633; x_wconf 88' lang='lat' dir='ltr'>limbum,</span> <span class='ocrx_word' id='word_1_124' title='bbox 891 1559 1077 1638; x_wconf 87' lang='lat' dir='ltr'>superiorem</span> <span class='ocrx_word' id='word_1_125' title='bbox 1100 1558 1148 1619; x_wconf 90' lang='lat' dir='ltr'>vel</span> <span class='ocrx_word' id='word_1_126' title='bbox 1163 1557 1335 1620; x_wconf 85' lang='lat' dir='ltr'>inferiorem</span> <span class='ocrx_word' id='word_1_127' title='bbox 1359 1556 1492 1630; x_wconf 91' lang='lat' dir='ltr'>limbum,</span> 
     </span>
     <span class='ocr_line' id='line_1_15' title="bbox 142 1647 1493 1725; baseline -0.004 -14"><span class='ocrx_word' id='word_1_128' title='bbox 142 1659 169 1711; x_wconf 87' lang='lat' dir='ltr'>et</span> <span class='ocrx_word' id='word_1_129' title='bbox 187 1648 309 1711; x_wconf 77' lang='lat' dir='ltr'>addunt</span> <span class='ocrx_word' id='word_1_130' title='bbox 329 1648 381 1710; x_wconf 88' lang='lat' dir='ltr'>vel</span> <span class='ocrx_word' id='word_1_131' title='bbox 404 1648 584 1711; x_wconf 86' lang='lat' dir='ltr'>subtrahunt</span> <span class='ocrx_word' id='word_1_132' title='bbox 614 1649 713 1711; x_wconf 88' lang='lat' dir='ltr'>visam</span> <span class='ocrx_word' id='word_1_133' title='bbox 745 1649 1010 1711; x_wconf 89' lang='lat' dir='ltr'>semidiametrum.</span> <span class='ocrx_word' id='word_1_134' title='bbox 1056 1649 1103 1710; x_wconf 87' lang='lat' dir='ltr'>At</span> <span class='ocrx_word' id='word_1_135' title='bbox 1123 1647 1229 1716; x_wconf 82' lang='lat' dir='ltr'>eodem</span> <span class='ocrx_word' id='word_1_136' title='bbox 1258 1653 1411 1709; x_wconf 91' lang='lat' dir='ltr'>momento</span> <span class='ocrx_word' id='word_1_137' title='bbox 1438 1663 1493 1725; x_wconf 90' lang='lat' dir='ltr'>per</span> 
     </span>
     <span class='ocr_line' id='line_1_16' title="bbox 141 1730 1492 1810; baseline -0.002 -10"><span class='ocrx_word' id='word_1_138' title='bbox 141 1739 274 1800; x_wconf 78' lang='lat' dir='ltr'>diuersos</span> <span class='ocrx_word' id='word_1_139' title='bbox 299 1736 517 1799; x_wconf 79' lang='lat' dir='ltr'>observatores</span> <span class='ocrx_word' id='word_1_140' title='bbox 540 1739 579 1801; x_wconf 89' lang='lat' dir='ltr'>ad</span> <span class='ocrx_word' id='word_1_141' title='bbox 601 1738 800 1800; x_wconf 88' lang='lat' dir='ltr'>instrumenta</span> <span class='ocrx_word' id='word_1_142' title='bbox 823 1738 944 1799; x_wconf 88' lang='lat' dir='ltr'>diversa</span> <span class='ocrx_word' id='word_1_143' title='bbox 967 1738 1133 1799; x_wconf 85' lang='lat' dir='ltr'>collocatos</span> <span class='ocrx_word' id='word_1_144' title='bbox 1157 1731 1210 1810; x_wconf 81' lang='lat'>31:</span> <span class='ocrx_word' id='word_1_145' title='bbox 1227 1733 1280 1810; x_wconf 78' lang='lat'>32,</span> <span class='ocrx_word' id='word_1_146' title='bbox 1296 1731 1350 1809; x_wconf 81' lang='lat'>3³,</span> <span class='ocrx_word' id='word_1_147' title='bbox 1369 1730 1422 1809; x_wconf 71' lang='lat'>34,</span> <span class='ocrx_word' id='word_1_148' title='bbox 1438 1730 1492 1810; x_wconf 79' lang='lat'>35,</span> 
     </span>
    </p>
   </div>
   <div class='ocr_carea' id='block_1_5' title="bbox 141 1823 1491 1909">
    <p class='ocr_par' dir='ltr' id='par_1_6' title="bbox 141 1820 1604 1909">
     <span class='ocr_line' id='line_1_17' title="bbox 141 1823 1491 1909; baseline -0.005 -18"><span class='ocrx_word' id='word_1_149' title='bbox 141 1823 187 1901; x_wconf 79' lang='grc'>36,</span> <span class='ocrx_word' id='word_1_150' title='bbox 210 1824 254 1891; x_wconf 79' lang='grc'>37</span> <span class='ocrx_word' id='word_1_151' title='bbox 280 1826 490 1906; x_wconf 81' lang='lat' dir='ltr'>scrupulorum</span> <span class='ocrx_word' id='word_1_152' title='bbox 522 1828 668 1891; x_wconf 80' lang='lat' dir='ltr'>diameter</span> <span class='ocrx_word' id='word_1_153' title='bbox 696 1827 895 1909; x_wconf 76' lang='lat' dir='ltr'>pronunciata</span> <span class='ocrx_word' id='word_1_154' title='bbox 921 1827 978 1889; x_wconf 86' lang='lat' dir='ltr'>fuit</span> <span class='ocrx_word' id='word_1_155' title='bbox 999 1847 1053 1908; x_wconf 94' lang='lat' dir='ltr'>pro</span> <span class='ocrx_word' id='word_1_156' title='bbox 1083 1825 1298 1887; x_wconf 87' lang='lat' dir='ltr'>constitutione</span> <span class='ocrx_word' id='word_1_157' title='bbox 1328 1824 1491 1886; x_wconf 78' lang='lat' dir='ltr'>obulorum.</span> 
     </span>
    </p>
   </div>
   <div class='ocr_carea' id='block_1_6' title="bbox 140 1909 1585 4941">
    <p class='ocr_par' dir='ltr' id='par_1_7' title="bbox 140 1909 1493 2178">
     <span class='ocr_line' id='line_1_18' title="bbox 140 1909 1493 1998; baseline -0.004 -19"><span class='ocrx_word' id='word_1_158' title='bbox 140 1916 341 1980; x_wconf 87' lang='lat' dir='ltr'>llumentibus</span> <span class='ocrx_word' id='word_1_159' title='bbox 362 1916 443 1977; x_wconf 89' lang='lat' dir='ltr'>cuim</span> <span class='ocrx_word' id='word_1_160' title='bbox 465 1917 560 1979; x_wconf 90' lang='lat' dir='ltr'>oculis</span> <span class='ocrx_word' id='word_1_161' title='bbox 584 1917 680 1997; x_wconf 87' lang='lat' dir='ltr'>major</span> <span class='ocrx_word' id='word_1_162' title='bbox 702 1925 837 1998; x_wconf 87' lang='lat' dir='ltr'>apparet.</span> <span class='ocrx_word' id='word_1_163' title='bbox 883 1918 989 1998; x_wconf 88' lang='lat' dir='ltr'>Itaque</span> <span class='ocrx_word' id='word_1_164' title='bbox 1012 1916 1043 1977; x_wconf 92' lang='lat' dir='ltr'>in</span> <span class='ocrx_word' id='word_1_165' title='bbox 1067 1914 1329 1977; x_wconf 84' lang='lat' dir='ltr'>observationibus</span> <span class='ocrx_word' id='word_1_166' title='bbox 1351 1909 1493 1976; x_wconf 81' lang='lat' dir='ltr'>Lunae2</span> 
     </span>
     <span class='ocr_line' id='line_1_19' title="bbox 141 2000 1492 2088; baseline -0.001 -22"><span class='ocrx_word' id='word_1_167' title='bbox 141 2004 221 2069; x_wconf 72' lang='lat' dir='ltr'>eald</span> <span class='ocrx_word' id='word_1_168' title='bbox 246 2004 463 2085; x_wconf 82' lang='lat' dir='ltr'>scrupulorum</span> <span class='ocrx_word' id='word_1_169' title='bbox 491 2006 632 2088; x_wconf 88' lang='lat' dir='ltr'>frequens</span> <span class='ocrx_word' id='word_1_170' title='bbox 662 2026 746 2069; x_wconf 86' lang='lat' dir='ltr'>error</span> <span class='ocrx_word' id='word_1_171' title='bbox 776 2014 832 2067; x_wconf 85' lang='lat' dir='ltr'>est</span> <span class='ocrx_word' id='word_1_172' title='bbox 877 2006 920 2067; x_wconf 87' lang='lat' dir='ltr'>Et</span> <span class='ocrx_word' id='word_1_173' title='bbox 941 2013 1042 2067; x_wconf 60' lang='lat' dir='ltr'>umen</span> <span class='ocrx_word' id='word_1_174' title='bbox 1070 2004 1115 2066; x_wconf 88' lang='lat' dir='ltr'>ita</span> <span class='ocrx_word' id='word_1_175' title='bbox 1141 2004 1284 2085; x_wconf 82' lang='lat' dir='ltr'>pertinax</span> <span class='ocrx_word' id='word_1_176' title='bbox 1308 2011 1356 2065; x_wconf 89' lang='lat' dir='ltr'>est</span> <span class='ocrx_word' id='word_1_177' title='bbox 1378 2000 1492 2083; x_wconf 86' lang='lat' dir='ltr'>Tycho,</span> 
     </span>
     <span class='ocr_line' id='line_1_20' title="bbox 142 2082 1194 2178; baseline -0.002 -21"><span class='ocrx_word' id='word_1_178' title='bbox 142 2105 169 2157; x_wconf 89' lang='lat' dir='ltr'>ut</span> <span class='ocrx_word' id='word_1_179' title='bbox 187 2094 358 2178; x_wconf 78' lang='lat' dir='ltr'>hypothesi</span> <span class='ocrx_word' id='word_1_180' title='bbox 382 2113 455 2156; x_wconf 86' lang='lat' dir='ltr'>suae</span> <span class='ocrx_word' id='word_1_181' title='bbox 477 2114 568 2177; x_wconf 81' lang='lat' dir='ltr'>aegre</span> <span class='ocrx_word' id='word_1_182' title='bbox 591 2096 740 2159; x_wconf 87' lang='lat' dir='ltr'>tantulum</span> <span class='ocrx_word' id='word_1_183' title='bbox 763 2113 895 2158; x_wconf 89' lang='lat' dir='ltr'>errorem</span> <span class='ocrx_word' id='word_1_184' title='bbox 918 2082 1088 2157; x_wconf 88' lang='lat' dir='ltr'>condonare</span> <span class='ocrx_word' id='word_1_185' title='bbox 1110 2094 1194 2155; x_wconf 88' lang='lat' dir='ltr'>velit.</span> 
     </span>
    </p>

    <p class='ocr_par' dir='ltr' id='par_1_8' title="bbox 143 2175 1493 2712">
     <span class='ocr_line' id='line_1_21' title="bbox 214 2175 1492 2266; baseline -0.006 -17"><span class='ocrx_word' id='word_1_186' title='bbox 214 2185 305 2249; x_wconf 78' lang='lat' dir='ltr'>Mira</span> <span class='ocrx_word' id='word_1_187' title='bbox 329 2202 404 2244; x_wconf 84' lang='lat' dir='ltr'>vero</span> <span class='ocrx_word' id='word_1_188' title='bbox 427 2183 502 2245; x_wconf 87' lang='lat' dir='ltr'>haec</span> <span class='ocrx_word' id='word_1_189' title='bbox 525 2184 618 2247; x_wconf 89' lang='lat' dir='ltr'>habet</span> <span class='ocrx_word' id='word_1_190' title='bbox 640 2185 694 2246; x_wconf 89' lang='lat' dir='ltr'>illa</span> <span class='ocrx_word' id='word_1_191' title='bbox 715 2184 911 2266; x_wconf 88' lang='lat' dir='ltr'>hypothesis.</span> <span class='ocrx_word' id='word_1_192' title='bbox 941 2175 1039 2265; x_wconf 93' lang='lat' dir='ltr'>primo</span> <span class='ocrx_word' id='word_1_193' title='bbox 1061 2184 1092 2244; x_wconf 94' lang='lat' dir='ltr'>in</span> <span class='ocrx_word' id='word_1_194' title='bbox 1120 2183 1201 2244; x_wconf 88' lang='lat' dir='ltr'>veris</span> <span class='ocrx_word' id='word_1_195' title='bbox 1234 2179 1492 2263; x_wconf 88' lang='lat' dir='ltr'>conjunctionibus</span> 
     </span>
     <span class='ocr_line' id='line_1_22' title="bbox 143 2269 1493 2356; baseline -0.004 -21"><span class='ocrx_word' id='word_1_196' title='bbox 143 2271 436 2356; x_wconf 83' lang='lat' dir='ltr'>etoppositionibus</span> <span class='ocrx_word' id='word_1_197' title='bbox 458 2273 685 2354; x_wconf 89' lang='lat' dir='ltr'>simplicissima</span> <span class='ocrx_word' id='word_1_198' title='bbox 716 2281 839 2336; x_wconf 86' lang='lat' dir='ltr'>utuntur</span> <span class='ocrx_word' id='word_1_199' title='bbox 867 2273 1047 2354; x_wconf 82' lang='lat' dir='ltr'>aequatione</span> <span class='ocrx_word' id='word_1_200' title='bbox 1078 2271 1213 2354; x_wconf 90' lang='lat' dir='ltr'>(quam</span> <span class='ocrx_word' id='word_1_201' title='bbox 1205 2291 1236 2333; x_wconf 86' lang='lat' dir='ltr'>ru</span> <span class='ocrx_word' id='word_1_202' title='bbox 1258 2271 1346 2332; x_wconf 90' lang='lat' dir='ltr'>Luna</span> <span class='ocrx_word' id='word_1_203' title='bbox 1367 2269 1493 2352; x_wconf 89' lang='lat' dir='ltr'>perinde</span> 
     </span>
     <span class='ocr_line' id='line_1_23' title="bbox 144 2358 1493 2444; baseline -0.004 -19"><span class='ocrx_word' id='word_1_204' title='bbox 144 2362 205 2426; x_wconf 78' lang='lat' dir='ltr'>nt</span> <span class='ocrx_word' id='word_1_205' title='bbox 230 2360 376 2425; x_wconf 89' lang='lat' dir='ltr'>circellis</span> <span class='ocrx_word' id='word_1_206' title='bbox 399 2363 567 2437; x_wconf 80' lang='lat' dir='ltr'>conficiunt,</span> <span class='ocrx_word' id='word_1_207' title='bbox 591 2371 625 2425; x_wconf 81' lang='lat' dir='ltr'>ut</span> <span class='ocrx_word' id='word_1_208' title='bbox 643 2362 859 2444; x_wconf 79' lang='lat' dir='ltr'>(lopernicus</span> <span class='ocrx_word' id='word_1_209' title='bbox 851 2360 924 2426; x_wconf 77' lang='lat'>1113</span> <span class='ocrx_word' id='word_1_210' title='bbox 944 2361 1159 2443; x_wconf 90' lang='lat' dir='ltr'>superioribus,</span> <span class='ocrx_word' id='word_1_211' title='bbox 1182 2361 1240 2423; x_wconf 92' lang='lat' dir='ltr'>hoc</span> <span class='ocrx_word' id='word_1_212' title='bbox 1263 2367 1313 2421; x_wconf 90' lang='lat' dir='ltr'>est</span> <span class='ocrx_word' id='word_1_213' title='bbox 1335 2367 1368 2420; x_wconf 91' lang='lat' dir='ltr'>ut</span> <span class='ocrx_word' id='word_1_214' title='bbox 1384 2358 1493 2421; x_wconf 90' lang='lat' dir='ltr'>Ptole-</span> 
     </span>
     <span class='ocr_line' id='line_1_24' title="bbox 145 2445 1493 2603; baseline -0.005 -88"><span class='ocrx_word' id='word_1_215' title='bbox 145 2472 231 2515; x_wconf 79' lang='lat' dir='ltr'>maeus</span> <span class='ocrx_word' id='word_1_216' title='bbox 253 2470 316 2532; x_wconf 91' lang='lat' dir='ltr'>per</span> <span class='ocrx_word' id='word_1_217' title='bbox 340 2449 522 2530; x_wconf 87' lang='lat' dir='ltr'>positionem</span> <span class='ocrx_word' id='word_1_218' title='bbox 543 2453 647 2603; x_wconf 82' lang='lat' dir='ltr'>punqti</span> <span class='ocrx_word' id='word_1_219' title='bbox 674 2451 835 2516; x_wconf 89' lang='lat' dir='ltr'>eccentrici</span> <span class='ocrx_word' id='word_1_220' title='bbox 858 2459 890 2513; x_wconf 87' lang='lat' dir='ltr'>et</span> <span class='ocrx_word' id='word_1_221' title='bbox 917 2453 1021 2532; x_wconf 87' lang='lat' dir='ltr'>puncti</span> <span class='ocrx_word' id='word_1_222' title='bbox 1048 2450 1225 2532; x_wconf 83' lang='lat' dir='ltr'>aequantia:</span> <span class='ocrx_word' id='word_1_223' title='bbox 1259 2468 1336 2530; x_wconf 88' lang='lat' dir='ltr'>quae</span> <span class='ocrx_word' id='word_1_224' title='bbox 1360 2447 1439 2510; x_wconf 89' lang='lat' dir='ltr'>ratio</span> <span class='ocrx_word' id='word_1_225' title='bbox 1463 2445 1493 2508; x_wconf 91' lang='lat' dir='ltr'>in</span> 
     </span>
     <span class='ocr_line' id='line_1_25' title="bbox 148 2535 1493 2623; baseline -0.003 -22"><span class='ocrx_word' id='word_1_226' title='bbox 148 2542 263 2623; x_wconf 85' lang='lat' dir='ltr'>physicis</span> <span class='ocrx_word' id='word_1_227' title='bbox 288 2539 464 2612; x_wconf 63' lang='lat' dir='ltr'>furamur).</span> <span class='ocrx_word' id='word_1_228' title='bbox 511 2540 643 2605; x_wconf 79' lang='lat' dir='ltr'>Oirlo</span> <span class='ocrx_word' id='word_1_229' title='bbox 626 2561 750 2604; x_wconf 85' lang='lat' dir='ltr'>osvero</span> <span class='ocrx_word' id='word_1_230' title='bbox 773 2540 951 2603; x_wconf 87' lang='lat' dir='ltr'>variationis</span> <span class='ocrx_word' id='word_1_231' title='bbox 975 2539 1100 2603; x_wconf 88' lang='lat' dir='ltr'>alterius</span> <span class='ocrx_word' id='word_1_232' title='bbox 1125 2538 1271 2619; x_wconf 89' lang='lat' dir='ltr'>incipiunt</span> <span class='ocrx_word' id='word_1_233' title='bbox 1294 2537 1408 2598; x_wconf 81' lang='lat' dir='ltr'>averia</span> <span class='ocrx_word' id='word_1_234' title='bbox 1431 2535 1493 2597; x_wconf 91' lang='lat' dir='ltr'>illis</span> 
     </span>
     <span class='ocr_line' id='line_1_26' title="bbox 155 2625 1493 2712; baseline -0.003 -23"><span class='ocrx_word' id='word_1_235' title='bbox 155 2627 402 2709; x_wconf 76' lang='lat' dir='ltr'>rmiunctionibus</span> <span class='ocrx_word' id='word_1_236' title='bbox 417 2635 449 2690; x_wconf 88' lang='lat' dir='ltr'>et</span> <span class='ocrx_word' id='word_1_237' title='bbox 465 2631 597 2710; x_wconf 90' lang='lat' dir='ltr'>oppositi</span> <span class='ocrx_word' id='word_1_238' title='bbox 641 2631 716 2705; x_wconf 86' lang='lat' dir='ltr'>bus,</span> <span class='ocrx_word' id='word_1_239' title='bbox 735 2650 793 2712; x_wconf 91' lang='lat' dir='ltr'>quo</span> <span class='ocrx_word' id='word_1_240' title='bbox 808 2632 851 2705; x_wconf 89' lang='lat' dir='ltr'>lit,</span> <span class='ocrx_word' id='word_1_241' title='bbox 865 2639 899 2692; x_wconf 91' lang='lat' dir='ltr'>ut</span> <span class='ocrx_word' id='word_1_242' title='bbox 914 2629 1080 2710; x_wconf 90' lang='lat' dir='ltr'>inaequalis</span> <span class='ocrx_word' id='word_1_243' title='bbox 1096 2630 1149 2690; x_wconf 87' lang='lat' dir='ltr'>fiat</span> <span class='ocrx_word' id='word_1_244' title='bbox 1168 2627 1357 2689; x_wconf 90' lang='lat' dir='ltr'>circellorum</span> <span class='ocrx_word' id='word_1_245' title='bbox 1373 2625 1493 2686; x_wconf 88' lang='lat' dir='ltr'>illorum</span> 
     </span>
    </p>

    <p class='ocr_par' dir='ltr' id='par_1_9' title="bbox 148 2712 1494 3069">
     <span class='ocr_line' id='line_1_27' title="bbox 158 2712 1494 2801; baseline -0.004 -20.479"><span class='ocrx_word' id='word_1_246' title='bbox 158 2718 326 2780; x_wconf 81' lang='lat' dir='ltr'>notusld</span> <span class='ocrx_word' id='word_1_247' title='bbox 353 2724 454 2779; x_wconf 85' lang='lat' dir='ltr'>autern</span> <span class='ocrx_word' id='word_1_248' title='bbox 476 2727 510 2780; x_wconf 91' lang='lat' dir='ltr'>ut</span> <span class='ocrx_word' id='word_1_249' title='bbox 531 2720 617 2782; x_wconf 89' lang='lat' dir='ltr'>dolet</span> <span class='ocrx_word' id='word_1_250' title='bbox 638 2721 757 2801; x_wconf 91' lang='lat' dir='ltr'>Tycho,</span> <span class='ocrx_word' id='word_1_251' title='bbox 791 2720 835 2781; x_wconf 88' lang='lat' dir='ltr'>ita</span> <span class='ocrx_word' id='word_1_252' title='bbox 864 2738 919 2799; x_wconf 86' lang='lat' dir='ltr'>ego</span> <span class='ocrx_word' id='word_1_253' title='bbox 951 2720 1057 2781; x_wconf 88' lang='lat' dir='ltr'>laetor.</span> <span class='ocrx_word' id='word_1_254' title='bbox 1103 2718 1212 2779; x_wconf 83' lang='lat' dir='ltr'>Adhuc</span> <span class='ocrx_word' id='word_1_255' title='bbox 1240 2715 1320 2777; x_wconf 91' lang='lat' dir='ltr'>enim</span> <span class='ocrx_word' id='word_1_256' title='bbox 1351 2716 1438 2776; x_wconf 89' lang='lat' dir='ltr'>vinco</span> <span class='ocrx_word' id='word_1_257' title='bbox 1463 2712 1494 2775; x_wconf 94' lang='lat' dir='ltr'>in</span> 
     </span>
     <span class='ocr_line' id='line_1_28' title="bbox 155 2786 1494 2889; baseline -0.004 -21"><span class='ocrx_word' id='word_1_258' title='bbox 155 2826 188 2881; x_wconf 80' lang='lat' dir='ltr'>eo,</span> <span class='ocrx_word' id='word_1_259' title='bbox 208 2807 236 2869; x_wconf 84' lang='lat' dir='ltr'>in</span> <span class='ocrx_word' id='word_1_260' title='bbox 256 2826 321 2889; x_wconf 87' lang='lat' dir='ltr'>quo</span> <span class='ocrx_word' id='word_1_261' title='bbox 357 2786 519 2888; x_wconf 84' lang='lat' dir='ltr'>aliquando</span> <span class='ocrx_word' id='word_1_262' title='bbox 542 2809 583 2870; x_wconf 88' lang='lat' dir='ltr'>ad</span> <span class='ocrx_word' id='word_1_263' title='bbox 603 2827 651 2871; x_wconf 90' lang='lat' dir='ltr'>me</span> <span class='ocrx_word' id='word_1_264' title='bbox 675 2809 815 2873; x_wconf 81' lang='lat' dir='ltr'>Gratiam</span> <span class='ocrx_word' id='word_1_265' title='bbox 849 2809 983 2870; x_wconf 84' lang='lat' dir='ltr'>scribens</span> <span class='ocrx_word' id='word_1_266' title='bbox 1015 2807 1134 2869; x_wconf 91' lang='lat' dir='ltr'>modum</span> <span class='ocrx_word' id='word_1_267' title='bbox 1158 2826 1205 2868; x_wconf 93' lang='lat' dir='ltr'>me</span> <span class='ocrx_word' id='word_1_268' title='bbox 1231 2822 1343 2885; x_wconf 89' lang='lat' dir='ltr'>ponere</span> <span class='ocrx_word' id='word_1_269' title='bbox 1371 2801 1494 2884; x_wconf 86' lang='lat' dir='ltr'>jussisti</span> 
     </span>
     <span class='ocr_line' id='line_1_29' title="bbox 149 2893 1493 2978; baseline -0.005 -19"><span class='ocrx_word' id='word_1_270' title='bbox 149 2895 237 2959; x_wconf 62' lang='lat' dir='ltr'>mum</span> <span class='ocrx_word' id='word_1_271' title='bbox 258 2895 524 2978; x_wconf 83' lang='lat' dir='ltr'>speculationum,</span> <span class='ocrx_word' id='word_1_272' title='bbox 553 2917 591 2959; x_wconf 91' lang='lat' dir='ltr'>ne</span> <span class='ocrx_word' id='word_1_273' title='bbox 615 2899 714 2961; x_wconf 91' lang='lat' dir='ltr'>omnia</span> <span class='ocrx_word' id='word_1_274' title='bbox 737 2901 811 2960; x_wconf 87' lang='lat' dir='ltr'>liant</span> <span class='ocrx_word' id='word_1_275' title='bbox 833 2898 949 2960; x_wconf 89' lang='lat' dir='ltr'>incerta</span> <span class='ocrx_word' id='word_1_276' title='bbox 967 2902 998 2965; x_wconf 87' lang='lat'>(1.</span> <span class='ocrx_word' id='word_1_277' title='bbox 1018 2901 1090 2966; x_wconf 80' lang='lat'>213).</span> <span class='ocrx_word' id='word_1_278' title='bbox 1134 2893 1359 2961; x_wconf 83' lang='lat' dir='ltr'>Contendebam</span> <span class='ocrx_word' id='word_1_279' title='bbox 1382 2899 1493 2967; x_wconf 85' lang='lat' dir='ltr'>sutem,</span> 
     </span>
     <span class='ocr_line' id='line_1_30' title="bbox 148 2984 1033 3083; baseline -0.001 -35"><span class='ocrx_word' id='word_1_280' title='bbox 148 2987 251 3048; x_wconf 73' lang='lat' dir='ltr'>ratium</span> <span class='ocrx_word' id='word_1_281' title='bbox 275 2984 412 3066; x_wconf 87' lang='lat' dir='ltr'>physica</span> <span class='ocrx_word' id='word_1_282' title='bbox 433 2987 659 3083; x_wconf 85' lang='lat' dir='ltr'>aequationes</span> <span class='ocrx_word' id='word_1_283' title='bbox 650 3008 681 3049; x_wconf 90' lang='lat' dir='ltr'>m</span> <span class='ocrx_word' id='word_1_284' title='bbox 704 2986 896 3069; x_wconf 84' lang='lat' dir='ltr'>quadraturis</span> <span class='ocrx_word' id='word_1_285' title='bbox 920 2985 1033 3066; x_wconf 84' lang='lat' dir='ltr'>augeri.</span> 
     </span>
    </p>

    <p class='ocr_par' dir='ltr' id='par_1_10' title="bbox 144 3073 1496 3780">
     <span class='ocr_line' id='line_1_31' title="bbox 215 3073 1496 3158; baseline -0.005 -20"><span class='ocrx_word' id='word_1_286' title='bbox 215 3074 388 3147; x_wconf 85' lang='lat' dir='ltr'>Secundo,</span> <span class='ocrx_word' id='word_1_287' title='bbox 420 3076 593 3158; x_wconf 90' lang='lat' dir='ltr'>quocunque</span> <span class='ocrx_word' id='word_1_288' title='bbox 618 3097 650 3141; x_wconf 91' lang='lat' dir='ltr'>se</span> <span class='ocrx_word' id='word_1_289' title='bbox 678 3084 819 3148; x_wconf 76' lang='lat' dir='ltr'>vertam,</span> <span class='ocrx_word' id='word_1_290' title='bbox 850 3075 1036 3138; x_wconf 88' lang='lat' dir='ltr'>commodius</span> <span class='ocrx_word' id='word_1_291' title='bbox 1066 3074 1108 3136; x_wconf 92' lang='lat' dir='ltr'>nil</span> <span class='ocrx_word' id='word_1_292' title='bbox 1140 3073 1311 3145; x_wconf 79' lang='lat' dir='ltr'>inieniunt,</span> <span class='ocrx_word' id='word_1_293' title='bbox 1344 3089 1434 3151; x_wconf 87' lang='lat' dir='ltr'>quam</span> <span class='ocrx_word' id='word_1_294' title='bbox 1462 3077 1496 3132; x_wconf 84' lang='lat' dir='ltr'>ut</span> 
     </span>
     <span class='ocr_line' id='line_1_32' title="bbox 144 3160 1492 3247; baseline -0.004 -21"><span class='ocrx_word' id='word_1_295' title='bbox 144 3165 294 3226; x_wconf 79' lang='lat' dir='ltr'>omittatur</span> <span class='ocrx_word' id='word_1_296' title='bbox 318 3163 420 3225; x_wconf 80' lang='lat' dir='ltr'>altera</span> <span class='ocrx_word' id='word_1_297' title='bbox 442 3184 535 3226; x_wconf 86' lang='lat' dir='ltr'>causa</span> <span class='ocrx_word' id='word_1_298' title='bbox 558 3166 747 3247; x_wconf 87' lang='lat' dir='ltr'>aequationis</span> <span class='ocrx_word' id='word_1_299' title='bbox 769 3164 923 3246; x_wconf 71' lang='lat' dir='ltr'>temporis,</span> <span class='ocrx_word' id='word_1_300' title='bbox 947 3165 1111 3227; x_wconf 88' lang='lat' dir='ltr'>retineatur</span> <span class='ocrx_word' id='word_1_301' title='bbox 1135 3163 1202 3224; x_wconf 90' lang='lat' dir='ltr'>sola</span> <span class='ocrx_word' id='word_1_302' title='bbox 1225 3163 1287 3234; x_wconf 91' lang='lat' dir='ltr'>illa,</span> <span class='ocrx_word' id='word_1_303' title='bbox 1312 3179 1400 3241; x_wconf 91' lang='lat' dir='ltr'>quam</span> <span class='ocrx_word' id='word_1_304' title='bbox 1418 3160 1492 3222; x_wconf 84' lang='lat' dir='ltr'>Aac.</span> 
     </span>
     <span class='ocr_line' id='line_1_33' title="bbox 146 3246 1495 3336; baseline -0.004 -21"><span class='ocrx_word' id='word_1_305' title='bbox 146 3264 236 3315; x_wconf 78' lang='lat' dir='ltr'>rectae</span> <span class='ocrx_word' id='word_1_306' title='bbox 263 3252 473 3333; x_wconf 84' lang='lat' dir='ltr'>suppeditant</span> <span class='ocrx_word' id='word_1_307' title='bbox 510 3254 680 3318; x_wconf 88' lang='lat' dir='ltr'>Statuunt</span> <span class='ocrx_word' id='word_1_308' title='bbox 671 3263 772 3336; x_wconf 76' lang='lat' dir='ltr'>itaque</span> <span class='ocrx_word' id='word_1_309' title='bbox 787 3262 904 3317; x_wconf 88' lang='lat' dir='ltr'>aestate</span> <span class='ocrx_word' id='word_1_310' title='bbox 875 3249 1088 3326; x_wconf 76' lang='lat' dir='ltr'>t360⁰67¹,</span> <span class='ocrx_word' id='word_1_311' title='bbox 1108 3252 1206 3313; x_wconf 91' lang='lat' dir='ltr'>hieme</span> <span class='ocrx_word' id='word_1_312' title='bbox 1222 3246 1353 3314; x_wconf 68' lang='lat'><strong>36103‘</strong></span> <span class='ocrx_word' id='word_1_313' title='bbox 1376 3248 1495 3336; x_wconf 82' lang='lat' dir='ltr'>aequali</span> 
     </span>
     <span class='ocr_line' id='line_1_34' title="bbox 146 3337 1495 3423; baseline -0.003 -19"><span class='ocrx_word' id='word_1_314' title='bbox 146 3351 273 3423; x_wconf 82' lang='lat' dir='ltr'>tempore</span> <span class='ocrx_word' id='word_1_315' title='bbox 297 3337 345 3404; x_wconf 75' lang='lat' dir='ltr'>tl</span> <span class='ocrx_word' id='word_1_316' title='bbox 366 3341 509 3419; x_wconf 78' lang='lat' dir='ltr'>horarum</span> <span class='ocrx_word' id='word_1_317' title='bbox 531 3344 646 3406; x_wconf 82' lang='lat' dir='ltr'>volvi...·</span> <span class='ocrx_word' id='word_1_318' title='bbox 668 3344 704 3405; x_wconf 90' lang='lat' dir='ltr'>Id</span> <span class='ocrx_word' id='word_1_319' title='bbox 725 3343 801 3405; x_wconf 92' lang='lat' dir='ltr'>nihil</span> <span class='ocrx_word' id='word_1_320' title='bbox 834 3344 917 3405; x_wconf 89' lang='lat' dir='ltr'>aliud</span> <span class='ocrx_word' id='word_1_321' title='bbox 943 3351 991 3404; x_wconf 90' lang='lat' dir='ltr'>est</span> <span class='ocrx_word' id='word_1_322' title='bbox 1022 3342 1138 3415; x_wconf 90' lang='lat' dir='ltr'>dicere,</span> <span class='ocrx_word' id='word_1_323' title='bbox 1171 3360 1261 3421; x_wconf 88' lang='lat' dir='ltr'>quam</span> <span class='ocrx_word' id='word_1_324' title='bbox 1285 3346 1338 3400; x_wconf 90' lang='lat' dir='ltr'>aut</span> <span class='ocrx_word' id='word_1_325' title='bbox 1365 3338 1495 3418; x_wconf 90' lang='lat' dir='ltr'>primum</span> 
     </span>
     <span class='ocr_line' id='line_1_35' title="bbox 145 3430 1496 3514; baseline -0.001 -22"><span class='ocrx_word' id='word_1_326' title='bbox 145 3431 245 3493; x_wconf 90' lang='lat' dir='ltr'>mobile</span> <span class='ocrx_word' id='word_1_327' title='bbox 279 3430 482 3513; x_wconf 70' lang='lat' dir='ltr'>inaequaliter</span> <span class='ocrx_word' id='word_1_328' title='bbox 513 3432 671 3507; x_wconf 88' lang='lat' dir='ltr'>incedere,</span> <span class='ocrx_word' id='word_1_329' title='bbox 703 3435 782 3514; x_wconf 92' lang='lat' dir='ltr'>quod</span> <span class='ocrx_word' id='word_1_330' title='bbox 804 3432 965 3495; x_wconf 85' lang='lat' dir='ltr'>maximum</span> <span class='ocrx_word' id='word_1_331' title='bbox 995 3439 1161 3492; x_wconf 88' lang='lat' dir='ltr'>monstrum</span> <span class='ocrx_word' id='word_1_332' title='bbox 1185 3438 1234 3491; x_wconf 88' lang='lat' dir='ltr'>est</span> <span class='ocrx_word' id='word_1_333' title='bbox 1265 3436 1419 3502; x_wconf 89' lang='lat' dir='ltr'>statuere,</span> <span class='ocrx_word' id='word_1_334' title='bbox 1442 3434 1496 3490; x_wconf 92' lang='lat' dir='ltr'>aut</span> 
     </span>
     <span class='ocr_line' id='line_1_36' title="bbox 145 3516 1495 3602; baseline -0.003 -20"><span class='ocrx_word' id='word_1_335' title='bbox 145 3519 266 3599; x_wconf 79' lang='lat' dir='ltr'>primurn</span> <span class='ocrx_word' id='word_1_336' title='bbox 289 3527 406 3583; x_wconf 86' lang='lat' dir='ltr'>motum</span> <span class='ocrx_word' id='word_1_337' title='bbox 429 3520 583 3584; x_wconf 89' lang='lat' dir='ltr'>volutione</span> <span class='ocrx_word' id='word_1_338' title='bbox 606 3523 718 3584; x_wconf 89' lang='lat' dir='ltr'>Terrae</span> <span class='ocrx_word' id='word_1_339' title='bbox 741 3523 814 3596; x_wconf 81' lang='lat' dir='ltr'>heri,</span> <span class='ocrx_word' id='word_1_340' title='bbox 838 3541 914 3602; x_wconf 91' lang='lat' dir='ltr'>quae</span> <span class='ocrx_word' id='word_1_341' title='bbox 938 3521 1076 3582; x_wconf 85' lang='lat' dir='ltr'>celeriter</span> <span class='ocrx_word' id='word_1_342' title='bbox 1106 3520 1245 3580; x_wconf 90' lang='lat' dir='ltr'>volvatur</span> <span class='ocrx_word' id='word_1_343' title='bbox 1267 3516 1384 3590; x_wconf 85' lang='lat' dir='ltr'>hieme,</span> <span class='ocrx_word' id='word_1_344' title='bbox 1406 3517 1495 3578; x_wconf 83' lang='lat' dir='ltr'>tarde</span> 
     </span>
     <span class='ocr_line' id='line_1_37' title="bbox 146 3604 1495 3685; baseline -0.003 -15"><span class='ocrx_word' id='word_1_345' title='bbox 146 3617 286 3671; x_wconf 67' lang='lat' dir='ltr'>estam·</span> <span class='ocrx_word' id='word_1_346' title='bbox 323 3609 392 3670; x_wconf 84' lang='lat' dir='ltr'>Hoc</span> <span class='ocrx_word' id='word_1_347' title='bbox 422 3611 512 3672; x_wconf 89' lang='lat' dir='ltr'>modo</span> <span class='ocrx_word' id='word_1_348' title='bbox 544 3610 702 3673; x_wconf 91' lang='lat' dir='ltr'>institutos</span> <span class='ocrx_word' id='word_1_349' title='bbox 734 3611 869 3674; x_wconf 82' lang='lat' dir='ltr'>calculus</span> <span class='ocrx_word' id='word_1_350' title='bbox 902 3611 941 3672; x_wconf 85' lang='lat' dir='ltr'>ad</span> <span class='ocrx_word' id='word_1_351' title='bbox 973 3629 1077 3672; x_wconf 88' lang='lat' dir='ltr'>omnes</span> <span class='ocrx_word' id='word_1_352' title='bbox 1110 3607 1338 3670; x_wconf 88' lang='lat' dir='ltr'>observationes</span> <span class='ocrx_word' id='word_1_353' title='bbox 1370 3604 1495 3685; x_wconf 88' lang='lat' dir='ltr'>pulchre</span> 
     </span>
     <span class='ocr_line' id='line_1_38' title="bbox 145 3695 1089 3780; baseline 0.001 -21"><span class='ocrx_word' id='word_1_354' title='bbox 145 3697 315 3778; x_wconf 80' lang='lat' dir='ltr'>respondet,</span> <span class='ocrx_word' id='word_1_355' title='bbox 340 3706 373 3758; x_wconf 89' lang='lat' dir='ltr'>ut</span> <span class='ocrx_word' id='word_1_356' title='bbox 395 3716 465 3762; x_wconf 86' lang='lat' dir='ltr'>raro</span> <span class='ocrx_word' id='word_1_357' title='bbox 488 3695 521 3762; x_wconf 58' lang='grc' dir='ltr'>Δι’</span> <span class='ocrx_word' id='word_1_358' title='bbox 544 3707 598 3762; x_wconf 88' lang='lat' dir='ltr'>aut</span> <span class='ocrx_word' id='word_1_359' title='bbox 619 3697 652 3764; x_wconf 74' lang='grc' dir='ltr'>δ’</span> <span class='ocrx_word' id='word_1_360' title='bbox 675 3700 827 3762; x_wconf 86' lang='lat' dir='ltr'>aberratio</span> <span class='ocrx_word' id='word_1_361' title='bbox 854 3698 1017 3780; x_wconf 85' lang='lat' dir='ltr'>contingat.</span> <span class='ocrx_word' id='word_1_362' title='bbox 1085 3762 1089 3771; x_wconf 24' lang='grc' dir='ltr'><strong>Δ</strong></span> 
     </span>
    </p>

    <p class='ocr_par' dir='ltr' id='par_1_11' title="bbox 143 3782 1495 4296">
     <span class='ocr_line' id='line_1_39' title="bbox 227 3782 1492 3870; baseline -0.008 -20"><span class='ocrx_word' id='word_1_363' title='bbox 227 3785 397 3850; x_wconf 88' lang='lat' dir='ltr'>Circellom</span> <span class='ocrx_word' id='word_1_364' title='bbox 411 3806 503 3850; x_wconf 91' lang='lat' dir='ltr'>unum</span> <span class='ocrx_word' id='word_1_365' title='bbox 516 3789 660 3853; x_wconf 90' lang='lat' dir='ltr'>inducunt</span> <span class='ocrx_word' id='word_1_366' title='bbox 677 3797 801 3870; x_wconf 88' lang='lat' dir='ltr'>propter</span> <span class='ocrx_word' id='word_1_367' title='bbox 816 3782 878 3852; x_wconf 67' lang='lat'>45⁰</span> <span class='ocrx_word' id='word_1_368' title='bbox 899 3788 1062 3851; x_wconf 89' lang='lat' dir='ltr'>distantiae</span> <span class='ocrx_word' id='word_1_369' title='bbox 1079 3788 1104 3858; x_wconf 63' lang='lat' dir='ltr'>J)</span> <span class='ocrx_word' id='word_1_370' title='bbox 1123 3806 1142 3846; x_wconf 89' lang='lat' dir='ltr'>a</span> <span class='ocrx_word' id='word_1_371' title='bbox 1159 3788 1195 3859; x_wconf 85' lang='lat'>00,</span> <span class='ocrx_word' id='word_1_372' title='bbox 1214 3787 1244 3861; x_wconf 63' lang='grc' dir='ltr'><em>ό</em></span> <span class='ocrx_word' id='word_1_373' title='bbox 1266 3789 1336 3844; x_wconf 88' lang='lat' dir='ltr'>ante</span> <span class='ocrx_word' id='word_1_374' title='bbox 1351 3788 1383 3842; x_wconf 90' lang='lat' dir='ltr'>et</span> <span class='ocrx_word' id='word_1_375' title='bbox 1400 3787 1492 3842; x_wconf 85' lang='lat' dir='ltr'>retro</span> 
     </span>
     <span class='ocr_line' id='line_1_40' title="bbox 145 3869 1494 3956; baseline -0.001 -24"><span class='ocrx_word' id='word_1_376' title='bbox 145 3876 216 3938; x_wconf 74' lang='lat' dir='ltr'>Nam</span> <span class='ocrx_word' id='word_1_377' title='bbox 241 3875 288 3937; x_wconf 92' lang='lat' dir='ltr'>ibi</span> <span class='ocrx_word' id='word_1_378' title='bbox 310 3875 539 3956; x_wconf 88' lang='lat' dir='ltr'>deprehendunt</span> <span class='ocrx_word' id='word_1_379' title='bbox 561 3879 753 3942; x_wconf 86' lang='lat' dir='ltr'>anomaliam</span> <span class='ocrx_word' id='word_1_380' title='bbox 765 3879 868 3953; x_wconf 90' lang='lat' dir='ltr'>talem,</span> <span class='ocrx_word' id='word_1_381' title='bbox 891 3885 925 3939; x_wconf 90' lang='lat' dir='ltr'>ut</span> <span class='ocrx_word' id='word_1_382' title='bbox 946 3878 1004 3939; x_wconf 86' lang='lat' dir='ltr'>etsi</span> <span class='ocrx_word' id='word_1_383' title='bbox 1027 3879 1053 3949; x_wconf 60' lang='lat' dir='ltr'>b</span> <span class='ocrx_word' id='word_1_384' title='bbox 1075 3875 1118 3937; x_wconf 86' lang='lat' dir='ltr'>eit</span> <span class='ocrx_word' id='word_1_385' title='bbox 1139 3875 1169 3936; x_wconf 94' lang='lat' dir='ltr'>in</span> <span class='ocrx_word' id='word_1_386' title='bbox 1189 3890 1323 3954; x_wconf 82' lang='lat' dir='ltr'>apogaeo</span> <span class='ocrx_word' id='word_1_387' title='bbox 1345 3870 1395 3931; x_wconf 82' lang='lat' dir='ltr'>rel</span> <span class='ocrx_word' id='word_1_388' title='bbox 1409 3869 1494 3950; x_wconf 91' lang='lat' dir='ltr'>peri·</span> 
     </span>
     <span class='ocr_line' id='line_1_41' title="bbox 144 3959 1493 4050; baseline -0.005 -24"><span class='ocrx_word' id='word_1_389' title='bbox 144 3983 233 4044; x_wconf 77' lang='lat' dir='ltr'>gneo,</span> <span class='ocrx_word' id='word_1_390' title='bbox 268 3963 466 4027; x_wconf 90' lang='lat' dir='ltr'>nihilominus</span> <span class='ocrx_word' id='word_1_391' title='bbox 495 3986 588 4050; x_wconf 89' lang='lat' dir='ltr'>aeque</span> <span class='ocrx_word' id='word_1_392' title='bbox 612 3975 702 4049; x_wconf 88' lang='lat' dir='ltr'>atque</span> <span class='ocrx_word' id='word_1_393' title='bbox 725 3967 803 4029; x_wconf 89' lang='lat' dir='ltr'>alias</span> <span class='ocrx_word' id='word_1_394' title='bbox 826 3966 947 4047; x_wconf 74' lang='lat' dir='ltr'>longius</span> <span class='ocrx_word' id='word_1_395' title='bbox 964 3967 1048 4047; x_wconf 87' lang='lat' dir='ltr'>justo</span> <span class='ocrx_word' id='word_1_396' title='bbox 1071 3966 1152 4040; x_wconf 56' lang='lat' dir='ltr'>ad,</span> <span class='ocrx_word' id='word_1_397' title='bbox 1175 3963 1330 4034; x_wconf 85' lang='lat' dir='ltr'>00distet.</span> <span class='ocrx_word' id='word_1_398' title='bbox 1376 3959 1493 4020; x_wconf 88' lang='lat' dir='ltr'>Lunam</span> 
     </span>
     <span class='ocr_line' id='line_1_42' title="bbox 145 4047 1493 4138; baseline -0.004 -24"><span class='ocrx_word' id='word_1_399' title='bbox 145 4053 242 4136; x_wconf 74' lang='lat' dir='ltr'>itaque</span> <span class='ocrx_word' id='word_1_400' title='bbox 267 4052 381 4116; x_wconf 85' lang='lat' dir='ltr'>nullius</span> <span class='ocrx_word' id='word_1_401' title='bbox 403 4057 568 4120; x_wconf 82' lang='lat' dir='ltr'>excentrici</span> <span class='ocrx_word' id='word_1_402' title='bbox 590 4064 730 4138; x_wconf 84' lang='lat' dir='ltr'>respectu</span> <span class='ocrx_word' id='word_1_403' title='bbox 753 4057 979 4137; x_wconf 88' lang='lat' dir='ltr'>deprehendunt</span> <span class='ocrx_word' id='word_1_404' title='bbox 1001 4051 1160 4116; x_wconf 91' lang='lat' dir='ltr'>celerem</span> <span class='ocrx_word' id='word_1_405' title='bbox 1152 4071 1182 4113; x_wconf 91' lang='lat' dir='ltr'>m</span> <span class='ocrx_word' id='word_1_406' title='bbox 1202 4054 1241 4128; x_wconf 64' lang='grc' dir='ltr'><em>ό</em></span> <span class='ocrx_word' id='word_1_407' title='bbox 1264 4055 1302 4124; x_wconf 80' lang='lat'>00,</span> <span class='ocrx_word' id='word_1_408' title='bbox 1319 4047 1439 4110; x_wconf 84' lang='lat' dir='ltr'>tardam</span> <span class='ocrx_word' id='word_1_409' title='bbox 1462 4047 1493 4111; x_wconf 93' lang='lat' dir='ltr'>in</span> 
     </span>
     <span class='ocr_line' id='line_1_43' title="bbox 143 4135 1495 4229; baseline -0.004 -22"><span class='ocrx_word' id='word_1_410' title='bbox 143 4135 183 4207; x_wconf 80' lang='lat' dir='ltr'>[l</span> <span class='ocrx_word' id='word_1_411' title='bbox 229 4143 301 4206; x_wconf 83' lang='lat' dir='ltr'>Hoc</span> <span class='ocrx_word' id='word_1_412' title='bbox 333 4142 442 4207; x_wconf 81' lang='lat' dir='ltr'>iterum</span> <span class='ocrx_word' id='word_1_413' title='bbox 471 4146 615 4229; x_wconf 84' lang='lat' dir='ltr'>physicas</span> <span class='ocrx_word' id='word_1_414' title='bbox 651 4165 736 4209; x_wconf 87' lang='lat' dir='ltr'>meas</span> <span class='ocrx_word' id='word_1_415' title='bbox 765 4146 900 4209; x_wconf 87' lang='lat' dir='ltr'>rationes</span> <span class='ocrx_word' id='word_1_416' title='bbox 932 4146 1096 4208; x_wconf 84' lang='lat' dir='ltr'>confirmat.</span> <span class='ocrx_word' id='word_1_417' title='bbox 1149 4140 1246 4220; x_wconf 87' lang='lat' dir='ltr'>Vigor</span> <span class='ocrx_word' id='word_1_418' title='bbox 1276 4157 1381 4218; x_wconf 91' lang='lat' dir='ltr'>nempe</span> <span class='ocrx_word' id='word_1_419' title='bbox 1413 4138 1495 4201; x_wconf 86' lang='lat' dir='ltr'>inest</span> 
     </span>
     <span class='ocr_line' id='line_1_44' title="bbox 144 4231 447 4296; baseline -0.003 -1"><span class='ocrx_word' id='word_1_420' title='bbox 144 4232 238 4295; x_wconf 84' lang='lat' dir='ltr'>lineae</span> <span class='ocrx_word' id='word_1_421' title='bbox 263 4231 447 4296; x_wconf 77' lang='lat' dir='ltr'>diametrali.</span> 
     </span>
    </p>

    <p class='ocr_par' dir='ltr' id='par_1_12' title="bbox 145 4257 1529 4494">
     <span class='ocr_line' id='line_1_45' title="bbox 228 4257 1529 4403; baseline -0.005 -19"><span class='ocrx_word' id='word_1_422' title='bbox 228 4323 339 4384; x_wconf 80' lang='lat' dir='ltr'>Motus</span> <span class='ocrx_word' id='word_1_423' title='bbox 355 4321 408 4385; x_wconf 93' lang='lat' dir='ltr'>illi</span> <span class='ocrx_word' id='word_1_424' title='bbox 430 4323 515 4385; x_wconf 89' lang='lat' dir='ltr'>venit</span> <span class='ocrx_word' id='word_1_425' title='bbox 537 4341 575 4385; x_wconf 84' lang='lat' dir='ltr'>ex</span> <span class='ocrx_word' id='word_1_426' title='bbox 597 4322 680 4399; x_wconf 87' lang='lat' dir='ltr'>Sole,</span> <span class='ocrx_word' id='word_1_427' title='bbox 703 4324 759 4385; x_wconf 88' lang='lat' dir='ltr'>sod</span> <span class='ocrx_word' id='word_1_428' title='bbox 782 4323 912 4385; x_wconf 89' lang='lat' dir='ltr'>mediate</span> <span class='ocrx_word' id='word_1_429' title='bbox 931 4340 985 4403; x_wconf 87' lang='lat' dir='ltr'>per</span> <span class='ocrx_word' id='word_1_430' title='bbox 1000 4257 1134 4392; x_wconf 88' lang='lat' dir='ltr'>Terram,</span> <span class='ocrx_word' id='word_1_431' title='bbox 1158 4337 1248 4400; x_wconf 89' lang='lat' dir='ltr'>quam</span> <span class='ocrx_word' id='word_1_432' title='bbox 1271 4315 1493 4392; x_wconf 80' lang='lat' dir='ltr'>circumcurrit3</span> <span class='ocrx_word' id='word_1_433' title='bbox 1526 4388 1529 4395; x_wconf 17' lang='lat' dir='ltr'>q</span> 
     </span>
     <span class='ocr_line' id='line_1_46' title="bbox 145 4404 1492 4494; baseline -0.007 -20"><span class='ocrx_word' id='word_1_434' title='bbox 145 4410 184 4475; x_wconf 86' lang='lat' dir='ltr'>sic</span> <span class='ocrx_word' id='word_1_435' title='bbox 201 4411 276 4473; x_wconf 81' lang='lat' dir='ltr'>sons</span> <span class='ocrx_word' id='word_1_436' title='bbox 294 4408 418 4474; x_wconf 79' lang='lat' dir='ltr'>virtutis</span> <span class='ocrx_word' id='word_1_437' title='bbox 435 4411 582 4487; x_wconf 88' lang='lat' dir='ltr'>metricis,</span> <span class='ocrx_word' id='word_1_438' title='bbox 606 4412 701 4494; x_wconf 91' lang='lat' dir='ltr'>quiin</span> <span class='ocrx_word' id='word_1_439' title='bbox 720 4412 790 4475; x_wconf 90' lang='lat' dir='ltr'>aliis</span> <span class='ocrx_word' id='word_1_440' title='bbox 807 4413 1002 4493; x_wconf 87' lang='lat' dir='ltr'>planetisest</span> <span class='ocrx_word' id='word_1_441' title='bbox 1018 4418 1170 4491; x_wconf 90' lang='lat' dir='ltr'>punctum,</span> <span class='ocrx_word' id='word_1_442' title='bbox 1194 4404 1492 4469; x_wconf 73' lang='lat' dir='ltr'>inL&#39;unaestlinea.</span> 
     </span>
    </p>

    <p class='ocr_par' dir='ltr' id='par_1_13' title="bbox 146 4497 1493 4762">
     <span class='ocr_line' id='line_1_47' title="bbox 227 4497 1492 4580; baseline -0.006 -18"><span class='ocrx_word' id='word_1_443' title='bbox 227 4497 375 4562; x_wconf 83' lang='lat' dir='ltr'>Alterum</span> <span class='ocrx_word' id='word_1_444' title='bbox 406 4501 560 4565; x_wconf 86' lang='lat' dir='ltr'>circellum</span> <span class='ocrx_word' id='word_1_445' title='bbox 591 4500 765 4565; x_wconf 79' lang='lat' dir='ltr'>describunt</span> <span class='ocrx_word' id='word_1_446' title='bbox 794 4502 871 4576; x_wconf 90' lang='lat' dir='ltr'>ita,</span> <span class='ocrx_word' id='word_1_447' title='bbox 887 4511 921 4566; x_wconf 88' lang='lat' dir='ltr'>ut</span> <span class='ocrx_word' id='word_1_448' title='bbox 950 4507 1088 4562; x_wconf 85' lang='lat' dir='ltr'>transeat</span> <span class='ocrx_word' id='word_1_449' title='bbox 1116 4517 1171 4580; x_wconf 89' lang='lat' dir='ltr'>per</span> <span class='ocrx_word' id='word_1_450' title='bbox 1203 4505 1337 4559; x_wconf 89' lang='lat' dir='ltr'>centrum</span> <span class='ocrx_word' id='word_1_451' title='bbox 1370 4497 1492 4568; x_wconf 85' lang='lat' dir='ltr'>Terrae,</span> 
     </span>
     <span class='ocr_line' id='line_1_48' title="bbox 146 4584 1493 4673; baseline -0.004 -23"><span class='ocrx_word' id='word_1_452' title='bbox 146 4589 305 4670; x_wconf 58' lang='lat' dir='ltr'>dinamus</span> <span class='ocrx_word' id='word_1_453' title='bbox 330 4598 463 4654; x_wconf 72' lang='lat' dir='ltr'>cenmum</span> <span class='ocrx_word' id='word_1_454' title='bbox 486 4590 668 4654; x_wconf 91' lang='lat' dir='ltr'>concentrici</span> <span class='ocrx_word' id='word_1_455' title='bbox 691 4591 806 4665; x_wconf 89' lang='lat' dir='ltr'>Lunae,</span> <span class='ocrx_word' id='word_1_456' title='bbox 829 4591 893 4673; x_wconf 92' lang='lat' dir='ltr'>qui</span> <span class='ocrx_word' id='word_1_457' title='bbox 903 4589 924 4654; x_wconf 78' lang='lat'><strong>2</strong></span> <span class='ocrx_word' id='word_1_458' title='bbox 947 4589 1099 4670; x_wconf 89' lang='lat' dir='ltr'>epicyolos</span> <span class='ocrx_word' id='word_1_459' title='bbox 1127 4586 1323 4661; x_wconf 91' lang='lat' dir='ltr'>(admodum</span> <span class='ocrx_word' id='word_1_460' title='bbox 1344 4584 1432 4646; x_wconf 90' lang='lat' dir='ltr'>unius</span> <span class='ocrx_word' id='word_1_461' title='bbox 1456 4601 1493 4645; x_wconf 86' lang='lat' dir='ltr'>ex</span> 
     </span>
     <span class='ocr_line' id='line_1_49' title="bbox 147 4672 1490 4762; baseline -0.007 -20"><span class='ocrx_word' id='word_1_462' title='bbox 147 4675 408 4762; x_wconf 80' lang='lat' dir='ltr'>dauperiorihus)</span> <span class='ocrx_word' id='word_1_463' title='bbox 432 4681 526 4755; x_wconf 84' lang='lat' dir='ltr'>vehit,</span> <span class='ocrx_word' id='word_1_464' title='bbox 548 4699 722 4761; x_wconf 87' lang='lat' dir='ltr'>percurrere</span> <span class='ocrx_word' id='word_1_465' title='bbox 745 4680 830 4743; x_wconf 90' lang='lat' dir='ltr'>illum</span> <span class='ocrx_word' id='word_1_466' title='bbox 852 4679 931 4742; x_wconf 93' lang='lat' dir='ltr'>bis</span> <span class='ocrx_word' id='word_1_467' title='bbox 923 4701 953 4742; x_wconf 94' lang='lat' dir='ltr'>m</span> <span class='ocrx_word' id='word_1_468' title='bbox 972 4697 1091 4753; x_wconf 89' lang='lat' dir='ltr'>mense,</span> <span class='ocrx_word' id='word_1_469' title='bbox 1123 4695 1194 4739; x_wconf 88' lang='lat' dir='ltr'>vero</span> <span class='ocrx_word' id='word_1_470' title='bbox 1217 4677 1248 4739; x_wconf 93' lang='lat' dir='ltr'>in</span> <span class='ocrx_word' id='word_1_471' title='bbox 1271 4672 1490 4737; x_wconf 88' lang='lat' dir='ltr'>antecedentia.</span> 
     </span>
    </p>

    <p class='ocr_par' dir='ltr' id='par_1_14' title="bbox 148 4761 1585 4941">
     <span class='ocr_line' id='line_1_50' title="bbox 227 4761 1493 4845; baseline -0.007 -13"><span class='ocrx_word' id='word_1_472' title='bbox 227 4767 397 4832; x_wconf 67' lang='lat' dir='ltr'>munaus</span> <span class='ocrx_word' id='word_1_473' title='bbox 424 4778 459 4831; x_wconf 88' lang='lat' dir='ltr'>et</span> <span class='ocrx_word' id='word_1_474' title='bbox 486 4769 634 4833; x_wconf 90' lang='lat' dir='ltr'>mirabilis</span> <span class='ocrx_word' id='word_1_475' title='bbox 666 4769 790 4833; x_wconf 84' lang='lat' dir='ltr'>efficitur</span> <span class='ocrx_word' id='word_1_476' title='bbox 822 4778 941 4845; x_wconf 86' lang='lat' dir='ltr'>motus,</span> <span class='ocrx_word' id='word_1_477' title='bbox 972 4766 1101 4830; x_wconf 88' lang='lat' dir='ltr'>difficilis</span> <span class='ocrx_word' id='word_1_478' title='bbox 1133 4785 1205 4829; x_wconf 89' lang='lat' dir='ltr'>vero</span> <span class='ocrx_word' id='word_1_479' title='bbox 1238 4764 1381 4828; x_wconf 75' lang='lat' dir='ltr'>calculus</span> <span class='ocrx_word' id='word_1_480' title='bbox 1431 4761 1493 4826; x_wconf 90' lang='lat' dir='ltr'>Diu</span> 
     </span>
     <span class='ocr_line' id='line_1_51' title="bbox 148 4848 1585 4941; baseline -0.008 -20"><span class='ocrx_word' id='word_1_481' title='bbox 148 4858 330 4940; x_wconf 84' lang='lat' dir='ltr'>multumque</span> <span class='ocrx_word' id='word_1_482' title='bbox 351 4857 488 4922; x_wconf 85' lang='lat' dir='ltr'>laboravi</span> <span class='ocrx_word' id='word_1_483' title='bbox 518 4859 735 4922; x_wconf 82' lang='lat' dir='ltr'>transformare</span> <span class='ocrx_word' id='word_1_484' title='bbox 762 4860 848 4922; x_wconf 93' lang='lat' dir='ltr'>illum</span> <span class='ocrx_word' id='word_1_485' title='bbox 868 4878 923 4941; x_wconf 88' lang='lat' dir='ltr'>per</span> <span class='ocrx_word' id='word_1_486' title='bbox 954 4855 1228 4940; x_wconf 89' lang='lat' dir='ltr'>aequipollentiam.</span> <span class='ocrx_word' id='word_1_487' title='bbox 1273 4852 1408 4916; x_wconf 86' lang='lat' dir='ltr'>&#39;landem</span> <span class='ocrx_word' id='word_1_488' title='bbox 1429 4848 1493 4913; x_wconf 82' lang='lat' dir='ltr'>vidi</span> <span class='ocrx_word' id='word_1_489' title='bbox 1582 4877 1585 4885; x_wconf 95' lang='lat'>·</span> 
     </span>
    </p>
   </div>
   <div class='ocr_carea' id='block_1_7' title="bbox 0 0 1646 5550">
    <p class='ocr_par' dir='ltr' id='par_1_15' title="bbox 0 0 1646 5550">
     <span class='ocr_line' id='line_1_52' title="bbox 0 0 1646 5550; baseline 0 0"><span class='ocrx_word' id='word_1_490' title='bbox 0 0 1646 5550; x_wconf 95' lang='lat' dir='ltr'> </span> 
     </span>
    </p>
   </div>
  </div>
 </body>
</html>
