3278 5550
465 508 542 578 Ergo
563 506 642 578 agite
664 504 826 575 ojuvcnes,
848 506 946 577 quibus
968 510 1013 559 est
1033 504 1113 576 vigor
1134 506 1206 562 acris
1226 514 1258 565 et
1278 511 1357 566 altus

417 587 524 661 Ingenii
544 587 675 659 geniique
696 587 784 652 saror,
807 586 905 658 quibus
927 586 1036 657 inclyta
1055 587 1091 640 ab
1112 593 1175 641 ortu

417 668 518 724 Uranie
539 668 622 721 Dium
643 666 713 719 coeli
735 667 882 737 inspiravit
902 684 1031 729 amorem,

410 752 449 804 Et
468 748 544 802 dedit
563 748 703 801 aethereis
723 749 838 805 Terram
858 754 889 803 et
907 744 1064 803 Terrestris
1083 763 1212 820 quaeque

412 828 612 885 Posthabuisse
633 828 728 881 bonis:
749 828 795 898 qui
816 846 872 882 non
891 827 1045 882 temeraria
1063 827 1143 899 vulgi

412 908 531 973 ludioia,
553 916 606 963 aut
624 908 741 963 tetricas
762 926 843 963 voces
863 906 967 965 curatis
988 906 1124 969 inertum

416 989 549 1046 Obscuris
569 988 663 1058 talpas
684 987 826 1043 mittentes
848 990 952 1061 degere
972 987 1001 1043 in
1021 985 1118 1051 antris,

413 1072 553 1141 Pcrpctuo
574 1076 607 1123 ut
627 1085 728 1122 coccae
748 1077 888 1135 maneant,
909 1070 988 1123 velut
1008 1086 1069 1122 esse
1091 1066 1253 1138 cupiscunt:

415 1154 477 1206 lluc
497 1150 604 1221 spirate
623 1149 751 1213 alacresr
772 1150 876 1221 populo
897 1150 952 1205 buo
972 1154 1037 1219 post
1057 1154 1141 1219 terga
1161 1150 1260 1207 relicto

413 1230 546 1293 Tendite;
568 1247 619 1283 nec
638 1237 765 1295 mentem,
787 1247 859 1302 quae
879 1246 945 1301 pars
966 1237 1012 1284 est-
1030 1228 1136 1299 ontbea
1156 1232 1235 1297 coeli,

412 1314 472 1367 lloc
491 1311 583 1381 patrio
603 1309 713 1380 private
735 1312 823 1372 bono:
845 1309 965 1365 studium
986 1314 1071 1381 atque
1093 1309 1217 1365 laborem

412 1395 475 1448 Huc
495 1390 567 1446 ferte
587 1390 749 1453 unanimes;
772 1390 845 1446 fesso
866 1398 900 1446 ut
919 1407 1078 1445 succurrere
1098 1389 1174 1463 Regi

412 1472 529 1527 Allonso
550 1470 643 1535 liceat,
665 1472 773 1542 pondus
794 1489 849 1526 non
869 1470 974 1527 viribus
994 1468 1092 1542 aequis
1206 1470 1210 1475 '

413 1552 467 1617 Qui
487 1554 565 1607 modo
586 1550 667 1605 ricini
688 1552 794 1607 tulerat
814 1568 956 1607 successor
977 1550 1121 1613 Atlantis3

411 1632 553 1688 Auxilium
574 1632 655 1687 simul
676 1638 708 1687 ut
726 1640 863 1705 promtum
883 1630 1051 1703 Copernicus
1071 1630 1171 1703 ingens

411 1713 537 1775 Sentiat;
559 1713 698 1767 Herculeo
718 1729 762 1778 ne,
784 1713 846 1768 dum
867 1730 898 1767 sc
918 1712 1020 1767 inferre
1040 1710 1132 1766 labori

412 1794 585 1866 aggreditur
604 1794 699 1858 fidens,
721 1792 798 1848 oneri
820 1794 981 1849 succumbat
1000 1790 1111 1863 iniquo:

414 1875 512 1949 Sisque
534 1873 600 1946 poli,
621 1873 747 1928 Atlantis
768 1874 840 1928 cassi
861 1873 1030 1944 Alcidaeque
1051 1871 1192 1942 columnis,

411 1958 565 2027 Ingentem,
584 1954 722 2025 jamjam
742 1960 883 2018 nutantes,
905 1955 978 2009 ferre
998 1952 1132 2007 ruinam·

410 2038 554 2107 Coguntur
573 2036 740 2106 Terramque
762 2034 842 2089 simrd
863 2034 984 2091 statione
1004 2040 1156 2100 moventes,
1166 2028 1197 2103 *)

409 2114 564 2171 Barbariac
584 2114 734 2187 hospitium
755 2110 866 2185 (crassa
885 2113 1046 2189 ignorantia
1066 2114 1136 2169 coeli

410 2198 498 2261 Quam
519 2190 626 2266 pariet)
647 2202 814 2267 cunctosque
835 2195 958 2251 homines
979 2195 1153 2266 pecudesque
1175 2198 1304 2270 ferasque

410 2278 567 2331 Turbautes
588 2292 655 2330 casu
676 2275 790 2347 ancipiti
811 2276 955 2348 coecisque
976 2274 1107 2340 tenebris,

409 2357 586 2428 antiquoque
607 2358 677 2411 chao
698 2356 844 2411 miscentes
866 2357 941 2411 atria
961 2356 1061 2410 mundi.

410 2440 471 2493 Hoc
491 2437 637 2508 prohibete
660 2438 740 2492 nolas
761 2454 902 2508 pronoque
923 2436 1058 2491 oecurrite
1077 2436 1186 2501 damno,

408 2520 446 2573 Et
466 2535 570 2573 mecum
590 2518 732 2573 excelsum
752 2518 851 2573 validis
872 2515 1048 2571 conscendite
1070 2516 1216 2587 Olympum

410 2599 529 2662 Viribus,
551 2606 584 2653 ut
603 2600 683 2653 fissas
704 2606 812 2654 mature
833 2598 978 2653 occludere
997 2595 1089 2661 rimas,

409 2680 448 2733 Et
468 2680 597 2735 stabilire
616 2679 696 2734 novis
715 2680 786 2735 coeli
807 2676 955 2751 laquearia
974 2676 1113 2741 transtris,

409 2762 525 2831 Jamque
546 2759 622 2830 prins
644 2760 738 2827 liceat,
758 2776 842 2831 quam
861 2757 990 2815 machina
1010 2763 1071 2812 tota
1090 2757 1211 2815 fatiscat.

460 2912 562 2982 Ecquis
583 2914 664 2965 adem
682 2910 778 2983 igitur,
800 2911 944 2982 pulchram
964 2909 1028 2964 bino
1048 2909 1180 2966 meruisse
1200 2930 1330 2970 coronam

412 2992 532 3063 Obryao,
554 2991 678 3063 gemmis,
699 2993 784 3046 ebore
805 2998 836 3045 ct
854 2991 990 3047 rutilante
1009 3007 1118 3061 pyropo

410 3072 592 3143 Conspicuam
611 3073 770 3143 lineamque
791 3072 880 3143 magis
901 3071 1056 3142 saeclisque
1077 3087 1225 3141 perennem

330 3189 339 3204 .
411 3152 464 3215 Qui
483 3153 561 3206 volet
580 3160 666 3224 atque
686 3152 785 3207 animis
806 3152 926 3207 animum
946 3151 1053 3206 sociare
1073 3153 1223 3221 supernis?

408 3232 510 3303 Ecquis
530 3234 686 3299 'l'erricplas
707 3233 787 3298 inter,
809 3250 877 3304 quos
899 3231 1023 3287 continet
1043 3231 1117 3286 orbis

409 3314 568 3367 Innumeros
579 3315 708 3378 dabitur,
730 3314 772 3367 cui
795 3322 852 3369 tam
872 3312 1002 3367 sublimia
1022 3311 1117 3366 cordi?

410 3393 510 3464 Ecquis
531 3398 561 3447 et
582 3402 723 3449 auctorem
742 3395 842 3457 mundi,
856 3410 915 3471 per
935 3392 1046 3447 condita
1064 3398 1145 3446 vasto

409 3475 462 3529 Tot
481 3474 607 3529 miranda
625 3476 691 3546 polo
712 3475 864 3546 spectacla.
887 3490 1040 3547 agnoscere
1060 3472 1171 3545 gestit?

406 3554 487 3609 Sicnc
509 3572 601 3610 omnes
621 3554 729 3626 pariter
748 3562 832 3609 tanta
851 3556 888 3609 ad
908 3553 1037 3625 quaesita
1056 3552 1165 3609 siletis?

410 3635 481 3699 Ouid
501 3652 626 3691 mussare
646 3636 745 3706 jurat?
766 3636 866 3689 Manus
888 3642 933 3688 est
953 3633 1110 3687 adhibenda
1129 3635 1226 3700 labori,

409 3715 447 3769 Ut
466 3717 578 3770 tandem
599 3716 720 3770 abstrusi
741 3722 859 3786 pateant
879 3714 1014 3786 mysteria
1033 3712 1112 3767 coeli.

409 3795 526 3866 Siquos
548 3797 671 3861 ambitio,
693 3798 806 3860 lucrum,
827 3794 996 3867 ignorantia,
1019 3795 1111 3857 luxus,

408 3876 476 3929 'lam
497 3875 577 3931 celsis
598 3876 746 3939 retrahunt
766 3874 840 3930 ausis
862 3882 892 3930 et
912 3875 947 3929 ad
967 3874 1060 3928 infima
1080 3875 1210 3928 tundunt:

407 3956 514 4013 Saltem
533 3956 597 4014 aliis
618 3965 737 4028 parcant
756 3973 808 4011 nco
828 3958 968 4013 commoda
987 3970 1094 4011 summa
1112 3957 1263 4013 retardent

460 4108 526 4179 lpse
545 4109 617 4180 Ego,
639 4108 663 4162 si
683 4107 760 4162 facili
781 4106 906 4177 aspirent
925 4106 990 4162 mibi
1011 4105 1123 4162 numina
1142 4106 1230 4171 voltu,

407 4189 447 4245 Et
467 4206 600 4260 superus
621 4190 680 4245 alto
701 4188 828 4243 dederint
847 4189 995 4243 obstacula
1014 4185 1128 4259 quaeris

410 4269 609 4341 Constantique
629 4270 729 4333 animo,
751 4270 830 4323 velut
848 4268 994 4335 bactews,
1024 4266 1148 4327 omnibus
1170 4270 1244 4324 ultro

408 4350 527 4405 Annitar
547 4350 646 4416 nervis,
667 4350 762 4423 magni
781 4349 940 4420 penetralia
960 4349 1030 4403 coeli

408 4430 533 4485 Pandere
553 4430 702 4503 terrigenis
716 4436 865 4501 ,tectosque
886 4428 995 4501 aperire
1015 4446 1148 4486 recessus.

463 4563 504 4617 'lu
523 4554 602 4619 inodo
622 4563 727 4620 mirifici
747 4563 860 4634 sapiens
879 4564 1020 4618 Fundator
1040 4562 1151 4635 Olympi

409 4645 508 4699 Annua
529 4652 560 4699 ot
579 4644 658 4700 adfer
679 4660 768 4715 opem,
789 4650 841 4698 tua
858 4642 937 4698 iacta
956 4645 1094 4714 stupenda
1112 4644 1230 4700 notanti.

217 4826 245 4890 *)
264 4828 428 4895 Subintslliga
437 4827 491 4879 l’cli
503 4834 613 4881 rusam.
625 4828 675 4881 ms
686 4828 753 4881 enlm
764 4828 975 4895 myrteum
986 4828 1160 4901 aprcncmlu
1170 4829 1279 4891 iam
1292 4838 1319 4881 st
1330 4832 1437 4899 ignorari

143 4900 1088 4968 01u;ucnvcrcuypctbesescccentu,'rsuuacwnlsdm
