3278 5550
256 309 321 381 tle
848 311 1009 385 neptunu

255 494 339 575 eique
362 491 465 573 puncti
489 492 575 553 nrodo
600 493 757 573 objicitur,
788 514 823 556 ac
847 496 872 557 si
896 496 1094 577 quantitatem
1117 496 1204 576 hujus
1228 496 1308 558 situs
1332 504 1473 577 respectu
1492 496 1581 561 nullan

254 583 420 644 obtineret:
446 582 524 661 quod
547 582 589 656 lit,
614 583 640 644 si
663 583 717 648 Sol
740 584 854 646 medias
876 587 979 647 Lunae
1003 586 1205 665 longitudines
1220 585 1371 649 obtineat.
1426 584 1493 657 Qua
1512 587 1583 667 igitar

258 691 397 735 mensura
424 677 565 750 punctum
589 671 646 734 hoc
669 672 821 734 enascitur
843 673 873 736 in
896 674 1028 749 lineam,
1058 674 1161 737 eodem
1184 693 1241 754 par
1263 681 1315 736 est
1337 693 1478 737 crescere
1498 684 1526 737 et
1544 695 1583 738 ee-

170 840 173 847 ,
256 760 475 823 centricitatem
494 768 524 822 et
549 763 755 840 aequationes.
802 762 863 825 Sed
887 762 916 824 in
940 763 1056 826 sinuum
1079 762 1268 844 proportione
1294 764 1330 824 lit
1352 761 1444 839 illud,
1466 774 1585 846 qnareet

254 850 310 911 lroc
334 849 362 910 in
384 849 577 930 proportione
601 851 717 913 sinuum
741 850 904 913 distantiae
927 852 1009 915 Solis
1033 875 1052 914 a
1074 852 1182 914 mediis
1204 851 1451 932 longitudinibus
1471 869 1586 915 creseere

254 958 376 1001 necesse
401 947 457 1000 est.

345 1026 543 1107 Transegisse
567 1027 638 1090 mihi
662 1028 786 1090 videbar
808 1029 891 1090 hisce
915 1029 958 1091 sic
981 1028 1164 1091 constitutis.
1200 1029 1372 1110 Atpostea
1386 1049 1434 1091 me
1450 1030 1586 1112 deceptum

253 1117 397 1191 intellexi,
422 1116 550 1178 nondum
574 1118 681 1198 quippe
705 1125 891 1180 transactum
915 1124 981 1179 erat
1004 1119 1032 1179 in
1057 1118 1194 1182 solidum.
1240 1117 1321 1180 Nam
1343 1119 1585 1199 perbssquideu

253 1215 402 1269 extremas
425 1206 552 1285 apogaei
575 1207 678 1269 Lunae
702 1206 892 1269 habitudines
915 1207 954 1269 ad
969 1206 1072 1269 Solem
1095 1206 1242 1285 integmm
1260 1206 1422 1282 fuitmibi,
1444 1209 1584 1270 secundm

254 1297 331 1357 hanc
355 1295 601 1375 inaequalitatem
616 1296 719 1358 Lunae
743 1296 780 1358 ab
804 1314 939 1375 apogaeo
964 1297 1096 1377 ejusdem
1121 1295 1260 1377 incipere,
1284 1302 1380 1377 atque
1403 1295 1450 1359 sic
1471 1306 1583 1360 nutum-

253 1384 341 1453 modo
365 1403 454 1446 unam
477 1391 509 1445 et
532 1384 656 1446 eandem
680 1385 821 1445 virtutem
844 1384 1043 1464 magneticam
1068 1385 1096 1445 in
1120 1403 1243 1464 corpore
1265 1384 1374 1447 Lunae
1398 1404 1524 1467 ponere,
1543 1387 1582 1449 sed
1633 1418 1635 1427 ·

255 1494 320 1536 eam
344 1481 453 1554 postea
476 1472 629 1535 intendere
654 1483 707 1535 aut
729 1474 896 1543 remittere;
929 1482 1018 1554 atque
1041 1474 1192 1553 ingenium
1215 1472 1281 1551 ejus
1305 1473 1370 1535 tale
1394 1484 1461 1549 est,
1496 1477 1580 1537 obser·

254 1562 425 1625 vationibus
450 1563 646 1636 testantibus,
675 1572 750 1624 uta
774 1563 853 1623 linea
876 1581 928 1642 per
952 1563 1053 1625 Solem
1078 1572 1109 1624 et
1131 1562 1268 1636 Terram,
1294 1561 1457 1625 sciliceta
1478 1564 1579 1642 copulis,

253 1653 387 1733 incipiat.
432 1650 513 1713 Fieri
536 1652 613 1713 enirn
637 1661 741 1732 potest
763 1670 815 1730 per
838 1652 914 1713 alios
938 1652 1014 1713 situs
1046 1650 1173 1732 apogaei
1196 1651 1234 1711 ad
1257 1649 1378 1729 Solem,
1403 1661 1438 1715 ut
1458 1653 1578 1715 uullar‘a

255 1740 395 1821 aequatio
427 1740 560 1801 secundo
582 1742 668 1802 Luna
693 1750 778 1801 extra
802 1759 968 1819 apogaeum
992 1749 1150 1813 versante,
1184 1758 1226 1802 sc.
1252 1758 1319 1801 cum
1342 1751 1395 1803 est
1418 1740 1447 1803 iu
1470 1742 1577 1823 copulis:
1618 1783 1621 1787 -

254 1839 286 1893 et
308 1830 442 1892 vicissim
466 1829 592 1903 accidit,
617 1828 650 1891 nt
672 1831 759 1891 Luna
783 1829 811 1891 in
834 1849 968 1908 apogaeo
992 1838 1024 1889 et
1046 1829 1187 1910 perigaeo
1210 1844 1337 1891 versans
1362 1830 1475 1893 babeat
1496 1828 1573 1893 timu

253 1921 386 2000 aliquam
408 1919 617 2000 aequationem
641 1920 818 1980 secundam:
845 1919 920 1999 quod
941 1918 1199 1980 evidentissimum
1213 1926 1281 1979 erat
1300 1927 1514 1999 argumentum,
1531 1938 1569 1983 rvr
1600 1998 1604 2003 ,
1628 1936 1632 1947 ’

253 2029 356 2078 unam,
385 2009 437 2070 sed
469 2009 544 2070 duas
567 2009 596 2069 in
617 2010 704 2070 Luna
727 2027 793 2068 esse
822 2009 949 2069 virtutes
976 2008 1180 2087 magneticas‚
1211 2024 1336 2085 quarum
1352 2008 1442 2089 prior
1461 2009 1569 2085 sitnon·-
1611 1999 1635 2067 Τ

254 2107 351 2172 stans,
375 2097 524 2178 posterior
547 2116 612 2159 cunr
637 2097 771 2158 discessu
795 2098 922 2177 apogaei
944 2097 993 2158 vel
1017 2096 1148 2176 perigaei
1172 2095 1279 2159 aSole
1304 2096 1354 2158 vel
1379 2098 1445 2176 ojus
1459 2095 1562 2176 opposir
1618 2121 1635 2166 t

253 2188 383 2260 deficiat,
407 2196 526 2248 etcum
551 2188 715 2265 quadrante
739 2186 833 2247 distat
857 2205 1022 2266 apogaeum
1046 2207 1064 2247 a
1087 2186 1159 2248 Sole
1181 2185 1271 2264 plane
1295 2185 1485 2248 annihiletur.
1512 2185 1559 2250 Cu

251 2285 351 2339 autem
388 2275 462 2338 haec
491 2277 624 2338 secunda
655 2275 750 2337 virtus
781 2276 866 2355 quasi
898 2275 1069 2353 magnetica
1092 2274 1187 2336 faeiat
1215 2273 1355 2337 similiter
1378 2284 1414 2337 ut
1434 2276 1509 2356 p'rior
1528 2275 1558 2336 illr
1593 2296 1635 2333 ·--;

249 2368 366 2429 Lunam
396 2365 480 2444 sequi
503 2365 627 2426 Terram
649 2365 774 2425 alternis
797 2374 829 2425 et
852 2365 972 2444 fugere,
1003 2365 1226 2442 constituatque
1250 2363 1363 2442 gradem
1392 2383 1513 2426 summos
1529 2381 1557 2423 o·
1596 2367 1628 2435 ξ’.

253 2456 358 2537 quelae
382 2454 429 2514 vel
453 2455 540 2533 fugae
564 2455 593 2514 in
611 2453 742 2533 quadris,
763 2453 837 2533 juga
861 2453 891 2514 iu
913 2454 1043 2532 copulis:
1069 2454 1098 2514 in
1123 2451 1245 2533 quadris
1266 2451 1357 2532 igitur
1371 2453 1560 2516 illamentatus

250 2545 279 2605 in
303 2545 425 2606 Terram
448 2543 592 2623 porriget.
639 2543 683 2603 At
706 2542 734 2602 in
760 2542 880 2620 quadris
904 2542 1032 2604 circulus
1055 2542 1286 2604 illuminatorius
1309 2541 1416 2603 Lunae
1431 2541 1458 2603 in
1473 2542 1558 2603 Terra!
1631 2561 1635 2589 2

249 2631 420 2713 porrigitur,
445 2639 477 2693 ut
499 2651 592 2710 supra
614 2630 736 2703 dictum,
759 2632 849 2712 fitque
873 2641 907 2692 ut
921 2640 1044 2709 uterque
1059 2629 1287 2693 illuminationis
1302 2630 1432 2697 circulus
1445 2630 1558 2694 etbuvrs

251 2730 283 2784 et
305 2722 416 2782 Terrae
447 2721 617 2782 coincidant
645 2720 675 2781 iu
699 2720 778 2781 idem
802 2721 939 2800 planum,
971 2721 1094 2800 perinde
1117 2739 1152 2780 ac
1176 2718 1203 2779 si
1225 2719 1283 2781 duo
1306 2728 1464 2799 magnetes
1486 2720 1559 2799 aptet

251 2811 404 2873 filamenta
444 2809 473 2870 in
511 2810 634 2870 eandem
667 2819 799 2883 rectam,
839 2810 937 2888 capite
969 2809 1056 2871 unius
1085 2817 1157 2889 post
1187 2808 1314 2870 caudam
1337 2808 1463 2872 alterius
1483 2815 1559 2871 shut
1612 2827 1635 2864 ἑ

245 2900 332 2981 Ergo
356 2898 528 2978 conjectura
551 2897 676 2980 physica
698 2897 827 2976 subjecit
840 2898 1019 2978 opinionem,
1043 2898 1184 2960 virtutem
1204 2896 1281 2960 hane
1300 2898 1464 2961 secundam
1477 2894 1561 2961 omnib
1606 2895 1634 2925 ·’

252 2987 417 3050 consistere
441 2987 471 3049 in
496 2987 711 3050 illuminatione
736 3005 891 3066 corporum
914 3008 933 3047 a
957 2984 1043 3060 Sole;
1075 3005 1133 3048 uon
1156 2994 1189 3048 ut
1212 3004 1313 3067 supra,
1347 2996 1494 3067 quatenns
1512 2987 1560 3065 blot
1615 3036 1620 3052 2

250 3075 430 3139 illuminatio
463 3075 604 3137 fortificet
631 3075 760 3155 priorem
790 3076 931 3137 virtutem
964 3076 1179 3156 magneticam,
1218 3085 1250 3137 et
1278 3075 1364 3139 velut
1392 3076 1427 3138 in.
1449 3076 1498 3156 jus
1522 3074 1561 3153 eju

251 3173 402 3240 transeat,
433 3165 487 3227 sed
510 3184 563 3245 per
586 3185 628 3238 se,
654 3182 707 3225 suo
731 3165 826 3242 ipsius
859 3172 998 3244 separato
1022 3165 1093 3226 situ.
1127 3165 1193 3227 Hoc
1217 3164 1296 3226 enim
1317 3164 1420 3245 posito
1443 3164 1562 3247 superiore
1611 3165 1615 3193 ³

250 3275 310 3315 nou
333 3254 554 3315 evertebantur.
600 3255 747 3333 Apogaeo
778 3254 854 3315 enirn
879 3255 982 3315 Lunae
1014 3255 1044 3315 in
1068 3253 1149 3317 Solis
1172 3254 1239 3316 loco
1262 3262 1406 3317 versante
1428 3253 1562 3319 coincidml

251 3343 313 3405 situ
336 3344 431 3406 virtus
455 3352 590 3422 utraque,
615 3342 692 3423 qnod
715 3344 890 3404 tantundem
913 3352 980 3413 est,
1007 3363 1043 3405 ac
1067 3343 1092 3405 si
1115 3353 1150 3404 ut
1171 3363 1262 3423 supra
1281 3342 1391 3419 dicam,
1416 3337 1561 3407 alterand

252 3433 350 3495 altera
373 3432 508 3495 totaliter
532 3431 693 3494 fortificari.

340 3521 420 3594 Quid
443 3540 514 3583 vero
538 3523 576 3582 ad
599 3521 656 3583 hoc
673 3541 774 3582 sumus
796 3521 912 3596 dicturi,
937 3521 1014 3603 quod
1037 3520 1222 3600 experientia
1240 3521 1485 3584 observationum
1497 3521 1563 3588 loca

253 3613 331 3674 banc
355 3611 496 3674 virtutem
521 3612 691 3684 secundam,
716 3609 904 3691 aequatiouis
929 3611 1077 3671 secundae
1088 3609 1279 3684 effectricem,
1303 3610 1454 3673 interdum
1469 3626 1563 3672 evanue

253 3719 320 3762 cere
353 3708 466 3774 totam,
499 3709 532 3763 ut
562 3720 627 3762 cum
651 3708 699 3762 est
721 3718 887 3778 apogaeum
910 3700 975 3761 loco
999 3698 1096 3760 medio
1120 3699 1198 3761 iuter
1221 3697 1303 3761 Solis
1326 3699 1426 3763 locum
1450 3708 1481 3762 et
1500 3705 1564 3780 eppe

252 3791 359 3864 situm;
383 3809 448 3852 cum
472 3797 578 3852 contra
600 3789 674 3852 haec
698 3789 875 3850 illuminatio
899 3807 1053 3870 corporum
1076 3809 1095 3850 a
1114 3785 1186 3850 Sole
1210 3788 1251 3850 sit
1271 3790 1443 3869 perpetua?

247 3900 252 3909 ·
343 3874 467 3941 Scilicet
490 3877 546 3940 hoc
569 3880 689 3957 insuper
713 3878 808 3938 adhuc
833 3878 1034 3950 limitandum,
1058 3876 1306 3939 illuminationem
1329 3898 1385 3940 suo
1412 3878 1564 3960 quidemst*

252 3976 359 4049 parato
388 3968 465 4041 situ,
499 3977 532 4029 ut
558 3969 623 4046 jam
652 3967 781 4046 positum
806 3975 888 4041 erat,
918 3967 996 4028 effici
1023 3966 1204 4041 virtuosam,
1237 3974 1270 4027 at
1292 3984 1351 4027 uon
1374 3987 1408 4030 se
1433 3967 1510 4049 ipss,
1534 3959 1566 4024 sol

254 4065 402 4138 quatenus
426 4077 445 4117 a
467 4057 566 4137 priore
589 4057 700 4118 virtute
724 4056 894 4135 magnetica
907 4074 961 4135 per
975 4055 1206 4136 applicationem
1220 4055 1285 4135 ejus
1300 4055 1368 4136 capi
1384 4057 1392 4073 ’
1414 4057 1473 4137 τε]
1486 4052 1567 4119 caum

253 4145 403 4209 imbuitur.
448 4147 518 4208 Non
548 4146 638 4224 igitur
662 4147 691 4207 in
715 4145 798 4207 illam
823 4146 933 4207 transit
955 4144 1164 4209 fortificatione
1189 4162 1261 4219 sua,
1286 4146 1342 4207 sed
1363 4144 1466 4226 pb'us
1488 4137 1568 4224 aliquid

254 4236 291 4297 de
323 4234 377 4297 illa
401 4233 458 4297 sibi
481 4235 621 4315 privatim
645 4234 829 4314 appropriat.
875 4235 954 4296 Nam
977 4254 1009 4296 se
1022 4234 1090 4315 ipsa
1112 4235 1230 4315 quidem
1253 4233 1392 4314 utrinque
1415 4234 1457 4297 ad
1478 4235 1569 4297 remu

254 4325 421 4402 aequaliter
442 4323 536 4385 habet
558 4323 743 4398 illuminatio,
766 4343 821 4385 nec
845 4343 936 4385 causa
960 4332 1016 4398 est,
1042 4343 1093 4385 cur
1107 4323 1207 4403 potius
1222 4324 1339 4386 Lunam
1354 4344 1374 4385 a
1387 4325 1482 4387 Terra
1497 4324 1570 4404 lugere

255 4412 357 4487 faeiat,
382 4433 469 4494 quam
493 4414 645 4487 accedere,
668 4432 775 4493 curque
800 4415 902 4474 eadem
926 4413 1017 4492 plaga
1035 4413 1100 4492 jam
1124 4412 1234 4491 fugiat,
1253 4412 1319 4492 jam
1342 4414 1497 4496 sequatur.
1536 4406 1572 4474 lll⁸

254 4519 326 4562 vero
344 4502 440 4582 prima
462 4503 558 4563 virtus
581 4503 752 4581 magnetica
776 4502 910 4563 diversas
935 4501 981 4562 sui
1004 4502 1130 4581 plagas,
1155 4510 1246 4583 caput
1269 4508 1301 4563 et
1322 4503 1451 4571 caudam
1474 4494 1572 4566 diensi

255 4590 480 4652 illuminationis
503 4591 602 4670 plagis
626 4590 694 4653 aliis
717 4588 1012 4669 temporibus'aliter
1034 4590 1203 4671 applicans,
1229 4591 1299 4667 illas
1321 4590 1431 4655 imbuit
1452 4590 1571 4654 sindo.

256 4672 261 4679 ’
344 4679 378 4741 Si
409 4680 549 4761 physicus
573 4680 680 4760 aliquis
705 4681 825 4743 credere
848 4700 908 4741 non
931 4687 1042 4760 potest,
1066 4681 1165 4742 lumen
1186 4678 1397 4756 adventitium,
1422 4682 1499 4764 quod
1520 4697 1571 4761 qut·

255 4768 328 4830 litas
353 4776 411 4843 est,
435 4769 552 4850 corpori
560 4770 664 4832 Lunae
687 4789 795 4832 novam
809 4769 967 4832 conciliare
982 4769 1042 4831 vim
1056 4769 1265 4850 magneticam,
1290 4768 1443 4853 imbuique
1456 4792 1485 4833 a
1499 4769 1572 4865 prioft

256 4857 310 4925 illa
340 4857 370 4925 vi
395 4858 581 4941 magnetica,
612 4867 645 4921 ut
668 4859 744 4923 alias
768 4877 893 4943 corpora
914 4859 1014 4926 ferrea
1035 4857 1246 4927 imbouutor'a
1268 4870 1429 4943 corporum
1448 4865 1571 4946 τηρητι-
