3278 5550
443 292 474 345 de
491 292 680 347 manentum
698 290 730 344 ds
748 300 816 346 motu
834 292 923 346 stellas
941 292 1038 346 llsrtls.
1371 290 1415 360 59

5 532 12 541 ,
78 472 176 534 tabulis
199 471 412 553 aequationnm
435 472 566 535 eccsntri
589 480 621 534 et
643 472 855 536 distantiarum
879 470 994 546 aSole,
1020 471 1256 535 accommodatis
1279 471 1318 534 ad
1340 491 1414 551 pro-

6 620 17 630 ,
78 564 160 623 uimos
183 562 373 624 centenarios
400 563 479 624 ultro
509 562 643 642 citroque
676 571 708 625 et
735 563 816 641 aptis
840 561 971 623 Saturno
996 570 1027 622 et
1054 560 1143 635 Jnvi,
1175 570 1209 623 ut
1237 557 1415 639 115161-

5 674 20 731 '-
80 652 182 712 auitae
213 650 330 713 iaciunt
360 651 583 733 aequationem
601 653 733 714 eccentri
764 651 925 713 maximam
949 645 1165 725 6136361
1189 650 1275 729 cnjus
1299 650 1413 715 dimidii

5 796 25 806 -
80 736 108 802 3
130 738 177 801 15‘
203 737 266 803 15⁶¹
291 740 375 801 sinus
398 734 485 803 5618
510 749 558 801 est
588 741 808 803 eccentricitns.
856 740 918 801 Sed
942 739 1011 821 quis
1034 739 1083 801 hic
1111 740 1174 819 eJ‘ns
1202 739 1412 801 eccentricitas

6 878 41 919 s.
81 836 253 907 computatur
276 848 333 889 non
357 849 377 890 a
398 835 504 890 centro
528 828 623 904 Solis,
649 831 703 892 sed
727 851 745 890 a
768 837 888 909 puncto,
914 828 992 908 quod
1015 825 1034 905 11
1059 846 1195 907 apogaeo
1219 837 1267 889 est
1290 829 1412 909 propius

6 922 43 1019 ἰ1
80 937 119 997 per
138 912 257 980 3600
248 936 279 979 ιι
303 902 486 980 dimensione
516 917 592 979 radii
624 919 705 980 orbis
728 919 840 980 Terrae
868 914 1014 991 100000,
1048 917 1104 978 hoc
1137 926 1184 978 est
1215 936 1269 996 per
1292 914 1389 980 360
1382 938 1412 980 ιι

6 1045 32 1084 J
82 1007 249 1069 dimensione
280 1007 358 1094 rad'0
387 1006 469 1069 orbis
492 1002 513 1083 b
540 1004 716 1080 100000(
702 1009 787 1088 (quia
811 1007 836 1068 is
861 1007 924 1069 lere
955 1006 1098 1087 decuplae
1122 1006 1160 1068 ad
1183 1005 1299 1069 radium
1330 1006 1411 1068 orbis

6 1134 25 1170 ς
81 1095 199 1168 letrae),
232 1095 303 1157 ideo
333 1095 437 1157 aufero
470 1090 534 1158 360
567 1096 606 1156 ab
637 1096 864 1158 eccentricitate
896 1094 1066 1169 Pmtenica,
1085 1103 1121 1156 et
1144 1091 1233 1157 5318
1265 1102 1411 1158 remanet

6 1222 31 1258 3-
81 1181 155 1264 Cupio
180 1183 275 1264 igitur
297 1183 441 1246 tabulam.
456 1184 668 1263 aequationuro
692 1205 759 1247 mea
776 1185 919 1246 methodo
941 1191 1145 1246 constructam
1170 1185 1208 1245 ad
1223 1184 1278 1245 has
1302 1202 1412 1246 eccen-

7 1324 19 1343 .-
40 1282 43 1291 '
79 1273 230 1335 mares:
255 1269 355 1345 5200,
380 1270 477 1347 5300,
501 1268 599 1335 5400.

7 1404 30 1435 ..-
143 1361 199 1424 Sic
223 1362 301 1436 1ιο
324 1362 503 1424 Proteuicae
527 1363 641 1425 laciont
660 1363 870 1442 aequationem
889 1356 1277 1423 1111ιιι111ιιιιιιίιιιιιιι5ο
1293 1357 1413 1437 14’0”,

7 1482 24 1522 2
76 1450 141 1530 cujas
165 1451 327 1513 dimidium
350 1446 389 1512 2⁰
411 1447 466 1513 st‘
489 1448 541 1527 0“,
567 1448 690 1532 ejusque
714 1451 796 1513 sinus
820 1448 928 1514 4565ε
945 1468 1062 1530 parum
1085 1450 1133 1512 hic
1161 1448 1325 1512 mutabitur
1348 1450 1412 1511 sive
1429 1480 1449 1512 s

7 1569 21 1609 1
74 1559 101 1601 er
118 1538 192 1602 Sola
216 1540 285 1602 sive
309 1558 346 1601 err
370 1540 430 1602 alio
453 1539 549 1602 lineae
578 1540 715 1620 apsidum
742 1548 853 1620 puncto
881 1546 1089 1619 computetur,
1121 1539 1191 1620 quia
1213 1530 1414 1620 aphelinmll

8 1629 134 1689 est
124 1648 157 1691 m
181 1629 274 1690 initio
298 1639 358 1693 Β.
405 1627 501 1708 Cupio
533 1648 605 1709 ergo
639 1629 773 1691 tabulam
806 1629 1017 1708 aequationurn
1049 1627 1179 1690 eccentri
1208 1629 1246 1689 ad
1278 1627 1414 1711 singulos

69 1718 168 1797 gradus
193 1719 367 1780 anomaliae
391 1719 507 1779 mediae
531 1727 562 1779 et
585 1718 624 1779 ad
652 1718 894 1809 eccentrioitates
927 1718 1035 1778 hasce:
1069 1712 1167 1785 4400,
1191 1714 1287 1790 4500,
1314 1713 1413 1791 4600,

8 1834 19 1957 J
67 1809 102 1868 rel
120 1809 230 1889 potius
256 1802 356 1881 4300,
372 1804 470 1880 4500,
485 1803 581 1882 4700,
608 1815 763 1887 utpostea
785 1800 973 1868 verissimam
996 1806 1261 1887 proportionaliter
1283 1804 1413 1868 investi-

65 1914 123 1976 gare
145 1896 271 1978 possim
294 1913 349 1975 per
373 1915 475 1960 omnes
504 1897 619 1976 gradus
653 1895 830 1958 anomaliae.
876 1895 942 1976 Ego
970 1914 1120 1998 nunquam
1151 1894 1247 1958 adhoc
1276 1892 1413 1975 probavi,

64 1996 149 2048 unum
174 1986 328 2048 excessus
352 1977 523 2088 hujusmodi
556 1985 766 2066 aequationum
797 1984 921 2086 majoris
945 2004 1035 2065 super
1062 1985 1205 2046 minorem
1238 1991 1414 2046 constanter

63 2094 119 2137 sese
140 2074 285 2138 babituri
308 2075 372 2136 sint
394 2075 582 2137 adinvicem
611 2076 641 2137 in
664 2075 857 2155 proportione
887 2074 1020 2149 sinuum,
1054 2073 1132 2136 alias
1155 2073 1307 2153 negotium
1330 2080 1415 2134 esset

63 2164 149 2229 facile.
200 2165 273 2227 Imo
296 2182 370 2225 vero
392 2182 451 2225 non
475 2171 523 2225 e'st
546 2163 602 2225 hoo
635 2164 832 2243 sperandum,
865 2182 933 2224 narn
964 2182 1018 2242 per
1047 2163 1302 2225 eccentricitatem
1329 2160 1413 2226 1800

60 2254 172 2333 perinde
199 2261 253 2315 est
277 2253 474 2335 qualicunque
497 2260 583 2315 utare
607 2252 757 2327 methodo,
783 2272 906 2333 quarum
929 2253 968 2313 ad
991 2251 1099 2332 viginti
1123 2251 1248 2314 tentavi.
1286 2253 1412 2332 Aequa-

62 2344 147 2404 tiones
171 2343 262 2405 enim
286 2361 345 2403 non
368 2343 525 2405 variantur
547 2342 586 2403 ad
610 2338 686 2405 30‘1..
732 2343 778 2404 At
801 2343 830 2404 in
855 2339 1081 2403 eccentricitate
1106 2337 1193 2405 9300
1216 2340 1413 2423 aequationes
1437 2335 1441 2346 '

63 2431 203 2495 rariarnm
229 2431 399 2495 formarum
413 2431 515 2493 multis
529 2431 678 2510 sompulis
697 2430 846 2493 diliemnt.
884 2431 952 2493 Non
971 2430 1065 2508 igitur
1084 2439 1115 2493 nt
1130 2428 1247 2492 Solaria
1271 2429 1412 2511 aequatio

67 2515 119 2582 to·
138 2521 178 2583 ad
199 2521 355 2583 Martiam
378 2516 448 2595 90⁰,
473 2520 516 2581 sic
540 2519 657 2582 Solaris
680 2515 743 2582 450
765 2520 804 2581 ad
817 2519 962 2581 Martiam
976 2519 1110 2598 ejusdem
1130 2520 1250 2599 gradus.
1285 2520 1414 2594 (Vemm

73 2608 179 2686 quidem
196 2610 234 2672 de
264 2617 353 2691 parte
377 2607 564 2689 aequationis
587 2608 722 2692 physica.
760 2609 838 2671 Narn
864 2617 895 2670 ut
914 2609 998 2669 sinus
1022 2608 1151 2670 omniurn
1174 2608 1319 2687 graduum
1343 2614 1414 2671 snut

76 2697 109 2757 ad
129 2697 258 2775 ioricam,
282 2699 330 2761 ita
352 2707 385 2759 et
407 2698 549 2778 planities
580 2697 794 2777 triangulorum
817 2697 904 2759 DAB
930 2702 996 2771 (ιιι.
1018 2703 1063 2765 ιι)
1090 2695 1154 2758 sive
1187 2714 1314 2775 magnae
1347 2694 1412 2759 aive

72 2804 180 2864 parrae.
221 2788 273 2850 At
297 2787 326 2849 in
350 2787 449 2848 altera
470 2796 557 2867 parte
581 2786 771 2866 aequationis
796 2807 853 2849 non
878 2787 960 2849 item.
998 2786 1078 2849 Narn
1101 2785 1143 2848 ibi
1166 2784 1411 2866 prolongationes

69 2884 94 2934 et
114 2876 342 2939 demutationes
365 2876 425 2938 AD
449 2885 524 2954 suut¹
542 2877 660 2957 quidem
685 2875 713 2936 in
736 2876 929 2956 proportione
953 2876 1113 2942 eorundem
1137 2874 1351 2937 sinnmnDBE
1373 2892 1413 2939 ex

65 2963 222 3045 hypothesi,
251 2973 285 3027 et
309 2965 510 3045 multiplicata
523 2965 581 3027 BA
605 2965 634 3026 in
659 2961 702 3029 90
718 2966 800 3026 sinus
824 2973 933 3027 exeunt
948 2965 1053 3027 itidem
1075 2963 1323 3046 proportionalia.
1347 2962 1412 3027 Sed

62 3053 127 3117 baec
149 3055 267 3119 deinde
290 3054 390 3117 divisa
413 3055 442 3116 in
469 3052 530 3118 180
555 3054 650 3119 lineas
673 3055 747 3129 DA,
772 3054 916 3118 amittunt
944 3055 1028 3117 illam
1058 3053 1284 3156 proportionem
1304 3054 1411 3134 (qnare

61 3144 146 3207 etiam
169 3163 264 3207 arcus
287 3143 432 3213 exhibent
455 3163 513 3205 non
527 3142 615 3223 hujus
638 3143 866 3224 proportionis),
890 3144 944 3206 sed
965 3152 1013 3205 est
1027 3162 1127 3206 eorum
1150 3142 1304 3225 proportio
1328 3161 1412 3209 com-

57 3233 153 3312 posita
178 3253 219 3295 ex
243 3233 439 3333 proportione
461 3232 576 3294 sinuum
601 3239 632 3294 et
653 3233 844 3313 proportione
869 3233 1080 3295 distantiarum
1094 3233 1185 3295 AD
1176 3248 1306 3296 inversa.
1340 3231 1408 3304 Quo

58 3322 148 3384 minus
183 3341 260 3403 ergo
282 3321 344 3385 AD
376 3320 530 3393 variantur
562 3331 596 3383 ut
623 3321 653 3384 in
685 3340 781 3403 parva
810 3322 1050 3396 ecceotrioitate,
1075 3322 1132 3384 hoc
1154 3321 1250 3384 miuus
1274 3330 1305 3385 et
1327 3321 1408 3396 illa.)
1513 3319 1517 3328 “

54 3409 182 3472 liam
152 3431 184 3473 ar
207 3429 268 3472 uno
290 3411 431 3491 scrupulo
455 3400 610 3473 aberraret
632 3409 704 3472 mihi
728 3411 879 3490 ignoranti
901 3411 976 3472 haec
1000 3412 1088 3485 ratio,
1111 3411 1144 3472 id
1164 3429 1304 3490 magnum
1328 3419 1413 3473 esset

53 3499 288 3563 incommodum.
340 3501 448 3581 Itaque
489 3500 528 3563 ad
570 3500 733 3587 quamlibet
770 3499 1027 3563 eccentricitatem
1063 3500 1190 3563 seorsim
1226 3499 1409 3579 computatio

52 3589 255 3652 instituenda.
294 3585 357 3652 Sed
380 3598 481 3652 tamen
505 3596 607 3669 potest
628 3589 711 3671 prius
726 3589 791 3651 fieri
813 3589 998 3671 periculum
991 3610 1019 3651 rn
1034 3589 1177 3669 gradibus
1191 3584 1243 3663 90,
1259 3586 1312 3663 45,
1330 3586 1410 3664 135;

50 3698 123 3741 nam
145 3696 257 3740 verum
280 3684 314 3740 et
335 3677 392 3741 hoc
416 3685 482 3740 est:
515 3678 641 3740 multum
671 3679 786 3743 distant
812 3676 896 3743 1800
919 3686 951 3740 et
973 3674 1073 3755 9300,
1107 3679 1207 3759 itaque
1230 3677 1272 3739 nil
1294 3678 1410 3747 ιιὶιιιι

47 3766 245 3831 sensibiliter
272 3768 404 3830 mutari
413 3765 621 3849 proportiones
652 3767 881 3848 aequationum;
914 3776 946 3829 at
973 3762 1061 3830 4300
1090 3777 1122 3830 et
1144 3764 1230 3830 4500
1262 3762 1405 3830 114700

46 3868 123 3921 sunt
146 3857 281 3920 invicem
305 3856 499 3940 propinquae
538 3856 574 3918 In
598 3877 725 3960 summa,
747 3856 886 3920 beaveris
910 3877 957 3919 me
980 3857 1072 3918 missa
1095 3857 1199 3919 tabula
1218 3857 1257 3916 ad
1276 3852 1364 3920 5400
1379 3863 1411 3918 et

45 3944 153 4022 4400,
181 3943 234 4007 ubi
264 3943 374 4028 singuli
408 3945 520 4026 gradum
553 3928 684 4010 eccentri
713 3947 854 4009 methodo
884 3946 1072 4027 praescripta
1103 3944 1264 4008 examinati
1288 3943 1407 4010 luerint.

42 4036 146 4099 Trtuli
172 4033 224 4097 hi:

138 4145 178 4201 ln
198 4142 337 4198 Saturno:
357 4141 556 4198 Eooentrioitas
578 4142 666 4197 5400.
727 4162 730 4169 ·

160 4221 344 4279 Anomalia
363 4221 479 4278 mad-ia
574 4226 686 4277 Anom.
708 4221 867 4279 eccentri.
966 4225 1075 4279 Anom.
1097 4227 1301 4293 coaequata.

213 4304 262 4357 Gr.
282 4301 348 4357 ntia
368 4301 428 4358 Sec.
596 4296 704 4359 Gradus
726 4302 836 4374 integri.
1022 4304 1070 4359 Gr.
1092 4303 1158 4382 hlin.
1179 4303 1240 4359 Sec.

140 4386 179 4441 In
197 4385 286 4439 Jove:
306 4382 506 4439 Eeoentricitss
527 4383 626 4457 4400.Ι

204 4462 353 4521 monum
371 4464 441 4520 med.
529 4492 565 4502 —
658 4462 786 4539 eccentri.
894 4491 932 4502 -
1039 4469 1203 4534 coaequata.

142 4569 256 4651 Spero,
280 4564 556 4652 quidquid'laboris
578 4569 635 4633 hoc
659 4569 732 4645 orit,
766 4567 954 4650 compensari
981 4587 1081 4649 posse.
1127 4569 1163 4630 In
1188 4567 1212 4642 Q
1237 4576 1269 4631 et
1291 4571 1312 4646 11
1334 4578 1408 4649 puto

42 4663 130 4737 illos,
160 4679 240 4740 quos
262 4657 413 4742 epicycloa
433 4658 530 4721 adhuc
551 4659 687 4739 appellat
701 4657 894 4738 Copemicus,
919 4658 1097 4719 statuendos
1111 4656 1305 4734 eccentricos,
1329 4658 1408 4739 quod

39 4754 112 4834 jam
135 4769 180 4812 ex
200 4755 295 4829 parta
302 4745 476 4853 ⁸probatum
495 4747 592 4810 habeo
616 4766 655 4808 ex
677 4748 856 4822 observatis,
881 4755 913 4809 ut
928 4754 959 4808 et
982 4747 1184 4810 constantiam
1207 4747 1407 4809 inclinationis

45 4841 224 4904 orbitarum
247 4836 309 4899 et
301 4855 398 4920 rpsurn
421 4826 563 4920 angulum
584 4835 787 4900 inclinationis
810 4835 958 4899 maximae
983 4836 1181 4901 mediocriter.
1224 4834 1334 4900 Nam
1326 4856 1356 4899 m
1381 4832 1410 4912 9-
