3278 5550
115 294 132 305 ⁶
144 287 207 356 138
675 285 786 352 Epistola
803 285 963 338 dedicatoria.

140 469 170 531 in
204 485 291 547 quem
316 463 404 525 Luna
427 463 563 541 ingressa
588 470 653 539 est,
687 463 787 526 ludere
819 466 898 527 solet
929 464 1092 544 astragalis
1120 465 1218 528 lusum
1242 465 1444 546 trigonicnm;
1468 464 1496 526 in

141 559 254 630 Leone,
281 573 337 634 quo
353 552 407 615 Sol
422 552 514 613 utitur
538 553 678 632 hospitio,
705 555 893 616 familiariter
917 563 1005 616 notus
1030 561 1096 628 est;
1121 556 1175 616 llle
1191 557 1318 636 denique
1333 564 1367 617 et
1381 555 1496 617 Arietis

142 655 191 708 est
228 644 373 716 dominus,
417 641 463 702 cni
505 641 629 702 subesse
669 644 800 706 creditur
825 643 1005 714 Germania,
1038 645 1186 726 planeque
1219 664 1401 708 concurrens
1433 662 1496 705 cnm

141 735 183 797 Sa
212 732 256 796 (3*ι
283 733 342 793 Mas
361 731 410 791 va
432 730 524 791 habet
547 732 712 811 imperium.

233 823 321 882 Hanc
345 819 436 899 igitur
459 819 600 900 triumphi
623 830 741 900 partem
764 822 807 883 illi
832 823 904 885 licet
928 831 1087 902 occupent,
1113 822 1224 884 nullam
1242 822 1317 903 ipsis
1334 830 1400 883 tam
1415 821 1490 882 sesto

143 914 191 975 die
224 909 340 973 rixandi
371 927 494 970 causam
520 909 685 971 exhibebo:
720 921 860 972 transeat
882 912 958 974 haec
983 911 1104 973 licentia
1127 912 1205 973 inter
1223 912 1310 993 jocos
1333 910 1490 973 militares.

142 1002 216 1082 lpse
247 1000 285 1061 ad
318 998 600 1060 astronomiam
633 1008 750 1074 vertar,
789 1020 934 1081 curruque
966 1001 1138 1081 triumphali
1162 1001 1315 1076 invectus,
1349 1000 1492 1081 reliquam

143 1088 256 1170 captivi
280 1087 376 1149 nostri
400 1087 543 1166 gloriam,
576 1087 646 1149 mihi
669 1090 862 1168 peculiariter
885 1098 1004 1161 notam,
1037 1109 1198 1171 omnesque
1222 1091 1297 1152 adeo
1322 1089 1395 1151 belli
1420 1089 1492 1170 gesti

143 1176 331 1257 confectique
355 1176 490 1238 rationes
512 1177 679 1256 explicabo.

229 1268 335 1346 Neque
359 1265 438 1327 enim
462 1265 526 1327 sine
550 1266 661 1329 honore
686 1267 771 1329 nobis
796 1275 843 1329 est
858 1267 1022 1343 habendus,
1039 1287 1126 1350 quem
1146 1277 1286 1330 aeternus
1298 1266 1399 1329 muudi
1410 1264 1489 1346 hujus

141 1357 338 1420 Architectus
378 1354 600 1435 communisque
640 1356 770 1419 siderum
810 1357 1019 1438 hominumque
1052 1359 1169 1419 Pater
1200 1356 1303 1419 Jova
1341 1356 1373 1418 in
1403 1356 1489 1435 prima

145 1464 302 1527 corporum
326 1442 556 1523 aspectabilium
583 1445 697 1507 locavit
720 1436 800 1520 aiie3
829 1455 863 1508 ut
885 1447 1007 1526 perenni
1032 1447 1177 1508 curriculo
1200 1465 1254 1525 por
1277 1444 1419 1524 regiones
1442 1462 1487 1505 ae·

143 1537 266 1598 thereos
300 1532 456 1597 Creatoris
485 1534 532 1595 sui
563 1535 709 1596 militaret
738 1534 872 1615 gloriae:
905 1535 1112 1616 hominumque
1141 1544 1258 1598 mentes
1291 1536 1357 1597 alto
1383 1533 1498 1614 sopitae·

144 1633 269 1686 veterno
292 1622 453 1684 criminosa
481 1621 621 1702 ignaviae
652 1624 900 1705 ignorantiaeque
925 1625 1156 1704 exprobratione
1181 1624 1361 1699 suscitaret,
1390 1641 1489 1685 excur-

147 1713 280 1776 sionibus
305 1712 367 1774 suis
392 1721 556 1787 exerceret,
581 1714 668 1794 inque
693 1715 808 1776 coelum
831 1713 870 1775 ad
886 1711 1060 1777 Conditoris
1080 1715 1126 1778 sui
1145 1714 1251 1776 laudes
1270 1712 1490 1792 investigandas

148 1802 293 1866 irritando
316 1801 514 1882 pertraheret.

237 1891 296 1953 Hic
318 1898 367 1951 est
390 1890 439 1950 ille
458 1889 688 1969 potentissimus
712 1888 916 1953 inventionum
939 1888 1135 1954 lruirrauarum
1149 1891 1303 1953 Domitor:
1329 1889 1378 1972 qui
1404 1887 1492 1951 omni·

151 1982 207 2044 bus
231 1988 467 2043 astronomorum
492 1978 587 2041 irrisis
612 1980 872 2058 expeditionibus,
905 1981 989 2043 elisis
1014 1980 1176 2057 machinis,
1204 1979 1377 2060 profligatis
1406 1977 1494 2059 copiis

51 2098 55 2104 ·
149 2069 323 2144 hostilibus,
347 2076 497 2129 secretum
524 2068 641 2147 imperii
672 2069 717 2129 sui
747 2069 863 2131 cunctis
886 2079 967 2132 retro
991 2071 1101 2133 seculis
1119 2069 1303 2132 custoditum
1318 2069 1496 2149 possederat

150 2179 273 2222 securus
297 2176 461 2237 cursusque
492 2175 562 2219 anos
591 2167 768 2220 exercuerat
791 2159 958 2221 liberrimus
982 2168 1014 2221 et
1036 2159 1329 2238 incircumscriptos:
1356 2166 1391 2221 nt
1408 2168 1498 2238 praei

150 2250 269 2329 cipnam
301 2247 452 2328 querelam
481 2246 648 2308 instituerit
680 2255 794 2329 mystes
823 2248 874 2309 ille
906 2255 1048 2324 naturae,
1081 2249 1257 2310 Latinorum
1285 2245 1508 2311 celeberrimos

153 2336 190 2401 Ο.
215 2337 349 2401 Plinius:
373 2334 513 2397 Martis
537 2336 823 2398 inobservabile
851 2336 959 2399 sidus
983 2358 1081 2400 esse.
1387 2362 1390 2367 ·

238 2428 334 2490 Fama
357 2432 415 2500 est,
440 2423 603 2505 Georgium
617 2424 806 2488 Joachimum
830 2425 1043 2501 Rheticum,
1068 2436 1188 2508 patrum
1205 2425 1352 2488 memoria
1370 2444 1433 2486 non
1452 2422 1500 2486 in:

151 2516 298 2579 celebrem
322 2512 483 2594 Copernici
513 2515 706 2594 discipulum,
739 2525 771 2576 et
799 2515 848 2596 qui
873 2517 1123 2578 restaurationem
1146 2516 1350 2577 astronomiae
1373 2514 1518 2605 primm!-¹

152 2626 243 2669 ausus
266 2603 487 2684 concupiscere,
511 2623 582 2665 mox
603 2624 661 2666 non
686 2606 863 2684 spernendis
887 2604 1147 2668 observationibus
1162 2615 1194 2666 et
1213 2603 1441 2666 inventionibus
1456 2603 1500 2665 ai-

153 2697 336 2772 lectaverat,
360 2694 429 2755 dnm
450 2694 482 2755 in
506 2702 589 2755 motu
611 2694 721 2756 Martis
744 2695 852 2756 haeret
874 2694 1087 2771 mirabundus,
1115 2714 1211 2775 neque
1234 2713 1267 2756 se
1290 2692 1445 2772 explicat,
1465 2690 1515 2754 ai·-

151 2784 243 2848 Genii
274 2783 321 2847 sui
354 2780 510 2845 familiaris
543 2784 695 2846 oraculum
726 2783 918 2863 confugisse,
958 2804 1011 2846 seu
1043 2784 1108 2864 ejus
1141 2782 1338 2845 emditionem
1371 2781 1418 2859 (si¹
1447 2781 1502 2844 diis

148 2874 266 2956 placet)
289 2872 508 2953 exploraturus,
533 2871 596 2934 sive
620 2873 758 2934 veritatis
783 2872 939 2952 impotenti
962 2873 1127 2947 desiderio,
1150 2881 1241 2953 atque
1264 2871 1313 2933 hic
1331 2888 1502 2952 exaspera·

151 2973 214 3026 tum
244 2962 389 3025 immitem
416 2969 591 3040 patronum,
624 2960 783 3040 importuni
817 2961 1016 3022 sciscitatoris
1049 2962 1174 3023 alternis
1213 2959 1357 3040 capillitio
1389 2955 1502 3041 arrepti

151 3059 244 3132 caput
265 3050 305 3111 ad
327 3049 485 3112 imminens
509 3050 633 3129 laquear
656 3049 821 3124 adflixisse,
845 3050 1010 3130 iterumque
1035 3050 1150 3113 dimissi
1173 3069 1281 3131 corpus
1301 3050 1500 3129 inpavimeu-

151 3149 215 3203 tum
236 3138 442 3220 proturbasse,
468 3138 571 3200 addito
594 3157 759 3216 responso:
784 3138 861 3200 hunc
885 3158 953 3200 esse
977 3148 1091 3201 motum
1113 3140 1235 3201 Martis.
1268 3138 1502 3212 Famamalnm,

152 3249 209 3312 quo
236 3246 294 3290 non
323 3227 405 3289 aliud
427 3226 584 3288 nocentius
612 3227 709 3288 bonae
734 3228 848 3302 famae:
877 3236 940 3289 tam
971 3230 1050 3290 enim
1073 3229 1134 3290 ficti
1158 3229 1302 3309 pravique
1326 3235 1423 3290 tenax
1446 3234 1502 3296 est

152 3337 242 3400 quam
264 3317 374 3379 nuncia
395 3316 468 3378 veri.
515 3316 583 3377 lion
608 3325 779 3378 esttamen
803 3316 995 3393 incredibile,
1024 3317 1184 3380 Rheticum
1208 3318 1320 3398 ipsum,
1345 3335 1407 3379 non
1432 3333 1502 3378 snc-

151 3407 327 3471 cedentibus
368 3404 640 3487 speculationibus,
679 3406 859 3468 conturbato
897 3407 1005 3488 spiritu
1042 3408 1265 3469 consurrexisse
1298 3406 1511 3483 furibundum,⁴

152 3504 301 3578 caputque
342 3496 472 3558 allisisse
506 3495 545 3555 ad
574 3494 727 3573 parietem.
775 3492 855 3564 Quid
878 3496 985 3558 mirum
1009 3497 1107 3571 enirn,
1136 3496 1163 3557 si
1190 3497 1298 3557 eadem
1325 3494 1501 3557 acciderunt

151 3586 298 3662 Rhetico,
322 3584 433 3647 Martis
455 3583 663 3664 provocaturi,
693 3603 768 3665 quae
792 3584 862 3645 olim
889 3583 923 3647 O.
949 3584 1080 3647 Octavio
1103 3587 1242 3664 Augusto
1267 3582 1411 3658 Caesam,
1436 3600 1500 3645 oum

150 3678 224 3740 duce
249 3673 395 3746 Quintilio
420 3672 503 3734 Varo
532 3672 658 3752 quinque
681 3673 815 3753 legiones
834 3674 1035 3754 perdidisset,
1060 3675 1097 3737 ab
1116 3676 1204 3736 hoste
1218 3672 1367 3744 Arminio,
1391 3671 1503 3735 Martie

151 3765 248 3829 nostri
272 3760 445 3827 Germanici
467 3761 559 3842 pullo,
583 3763 811 3826 circumventas.
1468 3830 1473 3843 Ι

110 3866 115 3873 “
237 3853 349 3934 Atqui,
381 3859 414 3914 nt
445 3849 475 3911 in
504 3852 613 3914 ceteris
642 3852 789 3932 imperiis,
824 3851 868 3914 sic
896 3852 944 3915 hic
978 3871 1094 3934 quoque
1119 3853 1201 3914 nulla
1223 3870 1256 3914 re
1279 3849 1377 3931 magis
1401 3848 1505 3912 innixa

151 3942 381 4008 sustentabatur
403 3939 501 4003 hostis
523 3940 621 4004 nostri
643 3943 788 4022 potentia,
815 3962 903 4022 quarn
926 3945 1121 4023 persuasione
1146 3949 1178 4004 et
1200 3940 1403 4020 trepidatione
1422 3937 1503 4016 vulgi

152 4033 323 4097 hominnm:
354 4049 443 4111 qnam
475 4037 665 4093 contemnere
699 4050 817 4110 semper
848 4050 904 4111 ego
937 4031 1017 4093 viam
1050 4033 1090 4094 ad
1113 4030 1272 4093 victoriam
1296 4048 1363 4092 esse
1385 4027 1503 4108 putavi.

153 4121 274 4204 Quippe
300 4139 367 4182 cnm
395 4138 493 4181 essem
521 4118 551 4180 in
580 4120 635 4183 hoc
664 4129 790 4183 naturae
819 4121 938 4183 theatro
963 4120 1155 4183 mediocriter
1177 4127 1332 4181 versatus:
1357 4117 1434 4180 illud
1457 4135 1506 4180 me

152 4231 208 4275 nan
231 4209 377 4290 magistro
410 4207 551 4270 didicisse
581 4209 799 4290 persuadebar‚
832 4228 891 4270 non
919 4209 1044 4272 multum
1067 4210 1196 4282 distare,
1231 4217 1265 4270 ut
1290 4207 1444 4269 hominem
1466 4205 1514 4269 ab·

155 4301 284 4377 homine,
308 4298 353 4361 sic
376 4317 471 4378 neque
495 4298 614 4362 stellam
638 4320 657 4361 a
680 4300 778 4374 stella,
804 4299 922 4360 hostem
946 4299 984 4360 ab
1009 4300 1117 4362 hoste:
1141 4317 1232 4378 qnare
1257 4316 1315 4358 non
1339 4295 1431 4359 facile
1455 4315 1505 4359 re·

154 4389 320 4470 cipiendnm
348 4405 530 4461 sermonem,
560 4390 609 4470 qni
638 4390 674 4451 de
705 4388 805 4468 gentis
833 4388 969 4468 ejusdem
996 4388 1149 4451 individuo
1173 4407 1230 4449 uno
1254 4395 1368 4449 temere
1392 4383 1508 4468 aliquid

153 4479 306 4542 insolitum
327 4477 499 4558 sparsisset
606 4496 607 4500 ¹

243 4566 394 4649 Imprimis
416 4584 488 4627 vero
512 4565 664 4628 laudanda
685 4566 733 4628 hic
757 4571 806 4627 est
829 4565 1021 4648 Tychonis
1044 4564 1188 4639 Brahe,
1214 4563 1297 4626 ducis
1320 4563 1351 4624 in
1369 4563 1429 4627 hac
1447 4561 1508 4626 mi·

156 4657 224 4722 litia
245 4657 352 4720 summi
375 4654 550 4734 diligentia3
574 4656 623 4736 qui
645 4653 846 4718 Friderici
869 4656 917 4717 11.
940 4663 972 4715 et
997 4653 1224 4718 Christiani
1246 4652 1365 4727 Daniae
1376 4652 1509 4734 Regum,

157 4749 338 4828 tandemque
370 4753 403 4806 et
424 4742 481 4807 8⁸0
499 4743 558 4808 0⁸0
576 4745 643 4806 Mus
661 4746 723 4808 Vas
750 4742 911 4825 auspiciis,
943 4762 1020 4823 pene
1049 4743 1199 4806 continuis
1231 4742 1339 4822 viginti
1360 4760 1510 4805 annorum

156 4836 304 4916 mch'bna,
322 4852 427 4901 omnes
448 4832 653 4918 nobishostis
676 4834 765 4916 hrq'us
788 4833 1019 4897 consuetudines
1033 4833 1215 4914 exploravit,
1237 4850 1358 4897 omnem
1379 4830 1512 4897 nilidae
