3278 5550
326 176 352 235 o

472 293 1067 350 emmerammenses-raa
1383 300 1445 372 131

111 470 232 546 cidere,
254 471 349 536 etiam
373 472 400 536 si
421 473 521 555 plenis
554 474 691 538 faucibus
713 475 931 538 Ptolemaioam
965 476 1090 540 formam
1122 478 1275 558 spirasses
1307 482 1445 547 aubelus.

111 565 133 625 {e
155 560 250 640 igitur
272 563 355 625 nuda
377 563 466 625 duxit
488 571 607 638 natura,
632 564 723 627 nullis
746 565 895 627 instructa
917 566 1055 629 vestibus
1078 567 1291 648 hypothesium
1298 591 1308 647 ς
1341 579 1375 635 tu
1407 590 1446 637 ex

111 650 234 735 iqnbns
256 651 323 732 ejus
347 652 505 728 membris,
539 673 616 735 quae
638 653 695 716 tibi
723 675 743 715 a
770 674 818 716 me
842 661 1012 717 monstrata
1038 655 1137 719 minus
1160 657 1328 723 laudabilia
1357 662 1445 724 vide-

111 747 207 814 ntor,
240 741 432 804 occasionem
468 743 591 825 cepisti,
623 744 813 824 peregrinam
843 743 888 805 illi
916 751 1032 806 vestem
1061 745 1221 823 induendi,
1255 767 1313 831 quo
1343 751 1442 813 minus

111 839 298 910 noscentur
327 830 461 907 sincere,
495 832 564 914 quin
596 832 699 914 potius
730 834 860 895 lectores
890 833 969 895 inter
995 835 1131 896 membra
1159 842 1191 898 et
1219 845 1338 900 vestem
1364 840 1444 902 hanc

111 937 162 980 iarn
186 920 237 991 (nt
264 919 337 982 olirn
364 921 540 984 Americani
572 921 652 984 inter
684 941 793 1004 equum
822 930 853 984 et
885 922 1086 996 insessorem)
1116 942 1176 986 non
1211 926 1443 1007 distinguerent,

111 1026 187 1089 »rpus
204 1007 352 1083 dicerent,
375 1011 454 1091 quod
469 1010 650 1073 Fabriciana
672 1013 768 1074 vestis
785 1020 850 1073 est:
875 1010 1003 1094 deniqne
1027 1021 1060 1075 ut
1082 1033 1161 1075 novo
1176 1023 1284 1078 ornatu
1307 1017 1444 1098 placeret

111 1096 220 1161 clientis
248 1099 416 1161 nuditatem
439 1099 682 1163 fastidientibus:
707 1101 797 1163 immo
820 1120 893 1164 vero
924 1108 959 1163 nt
980 1121 1034 1183 pro
1057 1106 1183 1178 natura,
1206 1106 1444 1184 generosissima

111 1186 190 1261 sella,
216 1186 452 1251 substitueretur
474 1190 578 1270 spuria
600 1199 654 1252 tua
666 1189 837 1253 meretricio
861 1198 970 1253 omatn
986 1198 1017 1253 et
1038 1191 1172 1254 moribus
1190 1192 1230 1254 ad
1253 1194 1441 1275 voluptatem

111 1277 282 1358 mperatis,
304 1296 364 1340 non
386 1277 427 1340 ad
449 1277 683 1359 ingenuitatem,
707 1280 738 1341 h.
762 1299 789 1341 e.
813 1280 954 1343 Fabricio
978 1279 1158 1361 interprete:
1192 1290 1226 1344 nt
1247 1283 1307 1345 arti
1330 1305 1442 1348 consu-

111 1374 206 1442 ratur,
230 1384 292 1428 non
314 1365 457 1429 alienatis
479 1368 679 1450 philosophis.
726 1368 894 1448 sicigitur
916 1371 985 1451 ipsa
1007 1370 1189 1432 inventionis
1213 1372 1308 1434 series
1331 1373 1441 1453 arguit,

112 1454 268 1535 regrinam
292 1473 361 1517 esse
384 1464 468 1518 tuam
491 1458 683 1539 hypothesin,
706 1477 766 1520 non
788 1460 968 1521 naturalem.

162 1543 295 1620 Deinde,
319 1545 399 1628 quod
421 1545 452 1607 in
475 1565 543 1609 mea
571 1546 700 1630 physica
722 1547 883 1630 hypothesi
913 1548 1107 1610 vehementer
1130 1547 1347 1625 abhorrueras,
1380 1571 1440 1614 non

112 1632 141 1721 ri
162 1633 316 1699 directum
338 1653 532 1721 progressum
556 1637 595 1699 ab
624 1636 777 1700 anomalia
798 1637 899 1699 media
921 1656 1096 1719 quacunque
1119 1638 1160 1698 ad
1188 1656 1293 1702 veram
1316 1659 1440 1722 compe-

112 1730 205 1798 rtem,
241 1724 297 1786 sed
325 1724 476 1805 interponi
505 1725 688 1789 anomaliam
718 1726 848 1788 eccentri
872 1726 1041 1808 quantitate
1072 1725 1298 1802 intermediam,
1331 1748 1350 1789 a
1380 1748 1441 1810 qua

112 1821 237 1895 peretur
262 1812 398 1888 initium,
433 1812 463 1875 id
493 1822 525 1876 ιιι
550 1815 578 1876 in
607 1815 664 1878 heo
692 1824 745 1878 tna
771 1835 831 1877 non
855 1814 981 1895 effugis,
1012 1813 1070 1895 nisi
1101 1832 1168 1876 cnm
1199 1815 1307 1896 majori
1331 1816 1441 1880 damno

112 1901 279 1966 »natantis
307 1901 552 1966 eccentrieitatis.
599 1905 645 1971 Tu
675 1905 755 1969 enirn
782 1905 809 1967 si
837 1904 1031 1967 librationem
1053 1903 1119 1980 Bc,
1143 1902 1172 1966 h.
1199 1923 1225 1967 e.
1251 1905 1441 1988 aequationis

112 1998 189 2057 rtem
214 1986 348 2073 priorem
371 1993 582 2056 accommodas
605 1995 644 2056 ad
667 1994 850 2057 anomaliam
872 1993 1001 2056 mediam
1021 1993 1090 2067 GH,
1115 2012 1265 2074 nunqnam
1289 1993 1440 2075 exprimes

112 2101 169 2147 reru
192 2081 382 2163 hypothesin
398 2089 430 2143 et
452 2085 572 2164 cogeris
595 2085 632 2146 ah
657 2082 931 2159 observationibus,
955 2091 990 2145 ut
1012 2082 1128 2156 fateris,
1152 2082 1272 2145 variare
1287 2085 1439 2146 eccentri-

112 2178 197 2235 atem
223 2171 284 2233 AB
297 2168 533 2250 ἀγιωμιτρηιως.
580 2174 685 2256 ltaque
708 2174 856 2236 hactenus
881 2171 1039 2235 emendavi
1062 2169 1117 2233 tihi
1136 2178 1220 2233 tuam
1243 2172 1435 2254 hypothesin,

121 2261 325 2343 perficeretur
348 2258 469 2322 libratio
491 2259 547 2326 Bc
570 2262 610 2324 ad
632 2261 813 2325 anomaliam
834 2263 910 2338 ΕΙ),
942 2280 1031 2343 quarn
1055 2278 1112 2342 ego
1141 2259 1262 2342 appello
1293 2260 1433 2327 eccentri.
1493 2300 1498 2310 ·
1608 2308 1612 2315 -

113 2369 137 2413 re
154 2368 235 2413 vero
270 2349 298 2410 si
330 2348 424 2411 tueris
456 2369 577 2430 passus,
600 2346 706 2414 eodeni
739 2350 769 2413 in
801 2350 865 2414 luto
896 2370 1013 2415 mecum
1044 2348 1185 2413 haerebis
1216 2369 1278 2413 non
1316 2350 1436 2432 quidem

113 2438 224 2513 hdo,
247 2437 309 2500 nisi
333 2457 372 2500 ex
393 2445 446 2500 tua
468 2440 618 2520 opinione,
642 2440 745 2523 quiin
768 2460 815 2503 me
839 2440 981 2521 cupiebas
1005 2440 1204 2500 emendatum.

157 2527 288 2592 lertio:
313 2546 408 2609 neque
430 2529 467 2601 de
492 2529 779 2613 simplicitateque
801 2531 929 2591 maxime
952 2528 1077 2609 gloriari
1100 2533 1200 2608 putas,
1223 2525 1279 2588 tibi
1300 2527 1441 2591 concedit

113 2634 159 2681 Ι.
193 2619 242 2680 ἰιι
269 2616 404 2697 ejusdem
432 2617 575 2699 trianguli
600 2618 682 2683 CBA
715 2621 825 2700 angulo
849 2618 933 2683 BAC
958 2617 1079 2699 quaeris
1100 2623 1219 2698 partem
1250 2616 1439 2697 aequationis

113 2702 245 2793 lyr‘nm,
265 2705 376 2769 latere
396 2694 470 2770 'iero
493 2705 547 2770 BC
571 2708 732 2772 constituis
753 2709 811 2772 BH
834 2709 873 2769 ad
903 2715 1020 2788 partem
1044 2705 1175 2786 opticam
1197 2704 1286 2767 BHA
1308 2703 1438 2767 investi-

113 2794 221 2871 ἡ,
254 2816 317 2858 una
347 2794 507 2860 libratione
540 2799 631 2879 (qnae
663 2806 765 2860 tamen
797 2798 913 2859 doobns
945 2794 1066 2858 circulis
1101 2793 1344 2866 administretur)
1377 2793 1437 2856 duo
1529 2819 1541 2837 ·

113 2883 219 2960 b'ns,
250 2893 285 2946 et
306 2886 541 2948 coarctationem
571 2887 611 2948 ad
633 2886 732 2950 latera
754 2893 786 2948 et
807 2906 922 2948 moram
952 2886 982 2947 in
1011 2882 1225 2964 superioribus.
1271 2882 1349 2962 Ego,
1381 2883 1438 2945 tibi

113 2994 137 3053 r,
153 2975 248 3039 unius
265 2973 409 3052 trianguli
423 2976 511 3038 ΑΗΒ
526 2995 599 3039 area
620 2984 739 3058 partem
751 2975 918 3058 physicam,
943 2975 1053 3055 angulo
1067 2973 1154 3036 ΑΗΒ
1169 2978 1287 3052 partem
1307 2971 1438 3052 opticam

113 3063 266 3148 gationis
291 3063 417 3145 inquiro,
440 3085 502 3127 una
517 3066 648 3149 naturali
671 3064 832 3128 libratione
854 3065 997 3144 planetae
1017 3064 1047 3125 in
1071 3061 1152 3123 linea
1176 3068 1261 3123 recta
1274 3082 1294 3121 a
1311 3080 1437 3141 corpore

113 3154 155 3219 b
183 3156 236 3227 A,
270 3173 325 3234 per
354 3154 485 3233 spatium
510 3156 636 3237 aequale
666 3155 726 3243 ipsi
748 3155 806 3217 AB
830 3155 964 3216 efficiens
988 3154 1047 3215 duo
1071 3151 1125 3213 illa
1148 3151 1270 3225 eadem,
1304 3168 1380 3231 quae
1403 3158 1437 3213 tn

114 3243 237 3308 ratione
262 3241 362 3304 centri
382 3261 442 3304 non
464 3244 605 3306 naturali.
642 3244 702 3308 Ubi
725 3243 799 3305 mihi
815 3243 853 3304 ad
876 3263 975 3306 meam
998 3240 1189 3304 librationem
1212 3259 1271 3300 non
1295 3246 1343 3300 est
1362 3259 1437 3319 opus

114 3333 206 3408 autb,
231 3339 268 3395 ut
288 3331 362 3393 tibi:
397 3332 510 3395 sufficit
538 3333 617 3395 enirn
644 3333 692 3395 vis
724 3332 896 3414 magnetica
925 3331 1020 3413 ipsius
1051 3328 1186 3410 corporis
1206 3328 1311 3389 Martii
1343 3348 1436 3410 eaque

114 3432 180 3497 uta,
215 3440 285 3485 oum
313 3429 347 3482 tu
375 3426 450 3501 opris
477 3421 591 3485 habeas
615 3422 731 3485 duabus
758 3421 967 3502 intelligentiis
991 3420 1029 3480 ad
1053 3426 1135 3480 tnarn
1164 3416 1356 3479 librationem
1379 3419 1437 3480 ad-

114 3510 321 3575 rrietrandam.
360 3508 496 3581 Quarto:
522 3511 608 3574 labor
629 3530 702 3573 vero
726 3511 783 3573 tihi
805 3511 903 3590 major
921 3508 1066 3572 incumbit
1081 3525 1169 3589 qnam
1183 3504 1265 3567 mihi.
1298 3506 1434 3569 Primum

114 3600 151 3664 ιιι
174 3608 213 3663 ut
234 3600 293 3663 BD
316 3598 355 3660 ad
378 3597 476 3661 sinum
496 3600 591 3675 EBD,
615 3600 660 3663 sic
681 3599 813 3662 maxima
835 3599 982 3662 distantia
1003 3597 1057 3661 BG
1082 3596 1121 3657 ad
1143 3595 1298 3657 modulum
1315 3595 1434 3674 justum

114 3690 183 3773 gulo
205 3689 291 3752 EBD
312 3693 347 3757 (l)
366 3688 602 3752 convenientem.
642 3689 759 3753 Deinde
778 3697 813 3751 ut
824 3690 882 3752 AB
898 3688 937 3749 ad
952 3686 1005 3751 BC
1021 3686 1065 3749 sic
1083 3692 1167 3747 totns
1189 3682 1228 3743 ad
1248 3690 1433 3764 tangentem,

114 3786 293 3859 ataugente
318 3785 366 3839 est
384 3778 590 3859 excerpendus
614 3779 742 3859 angulus
760 3778 855 3842 BAG.
893 3777 971 3839 Mihi
990 3783 1091 3838 manet
1107 3774 1207 3855 prima
1230 3772 1376 3852 operatio,
1401 3783 1435 3836 at

114 3867 279 3934 tsecouda
295 3866 374 3929 idem
393 3867 476 3929 sinus
493 3870 568 3941 (non
582 3869 648 3948 jam
662 3867 754 3930 etiam
773 3868 917 3947 tangens)
938 3867 1040 3946 anguli
1059 3865 1143 3927 EBD
1163 3867 1199 3931 (l)
1216 3861 1432 3941 multiplicatur

114 3956 252 4022 “¹¹⁰¹st
274 3955 383 4017 dlllssi⁰
407 3965 440 4017 ut
463 3956 536 4031 tibl)
558 3958 590 4019 in
612 3976 714 4020 aream
745 3956 869 4019 maximi
892 3955 1045 4035 trianguli,
1075 3953 1234 4034 proditque
1257 3950 1362 4012 statim
1391 3951 1433 4027 id,
1547 3954 1552 3963 '

115 4047 153 4111 od
183 4054 220 4109 tu
251 4063 308 4128 per
335 4052 508 4125 tangentem
538 4045 658 4110 demum
689 4065 849 4127 excerpere
881 4063 1006 4108 necesse
1039 4042 1153 4117 habos,
1171 4039 1357 4102 'discurrens
1379 4059 1433 4122 per

114 4136 210 4201 talam
225 4132 424 4216 tangentium.
441 4135 589 4218 Reliquus
604 4136 692 4199 labor
703 4137 784 4198 circa
798 4135 940 4215 angulum
954 4133 1040 4198 ΑΗΒ
1057 4139 1105 4194 est
1123 4129 1240 4211 utrique
1257 4129 1433 4197 communia

160 4227 251 4289 Haec
276 4224 377 4305 itaque
401 4224 437 4285 de
461 4232 515 4286 tna
536 4225 651 4288 vicaria
666 4229 786 4299 (verum
801 4226 925 4298 nornen)
941 4220 1103 4305 hypothesi
1126 4220 1226 4282 dicere
1249 4218 1342 4281 volui.
1388 4222 1434 4282 Τιι

115 4315 294 4380 mitatem
323 4321 356 4375 et
385 4313 570 4376 hilaritatem
602 4334 700 4377 meam
732 4313 952 4376 inscribendo
980 4311 1052 4373 boni
1076 4308 1207 4371 consule.
1254 4307 1361 4382 Vides,
1386 4327 1432 4370 me

115 4406 198 4469 idem
221 4403 269 4466 illi
291 4401 423 4467 tribuere
451 4403 590 4467 veritatis
613 4403 694 4466 circa
718 4404 870 4476 effectum,
903 4401 958 4463 tibi
980 4419 1052 4463 vero
1076 4397 1203 4479 ingenii:
1237 4404 1269 4459 et
1297 4397 1433 4478 inprimis

115 4494 186 4559 itari
211 4511 302 4574 super
325 4493 446 4554 fortuna
468 4501 588 4556 tuarum
611 4492 849 4574 speculationum
871 4490 985 4573 tibique
1008 4487 1163 4571 gratulari.
1202 4487 1278 4562 Neo,
1302 4487 1328 4549 si
1351 4488 1433 4549 veris

115 4604 160 4649 ιιι
183 4581 337 4646 coloribus
360 4581 491 4661 depinxi,
514 4591 675 4664 propterea
697 4601 832 4662 premere
856 4581 941 4642 illam
963 4587 993 4641 te
1017 4579 1104 4641 volo:
1130 4576 1199 4658 quin
1223 4575 1343 4655 potins,
1373 4576 1433 4638 nisi

115 4693 137 4739 ι
159 4670 308 4754 impedis,
339 4679 455 4751 partem
480 4692 517 4733 ex
541 4673 595 4735 illa
612 4671 727 4734 taciem
751 4669 1042 4736 Commentariorum
1065 4683 1216 4740 meorum,
1239 4672 1273 4727 nt
1294 4664 1431 4747 petiisti:

115 4780 164 4847 pne
189 4761 220 4824 in
247 4760 377 4841 gratiam
407 4778 523 4837 eornm,
548 4764 597 4844 qui
619 4760 730 4845 privati
759 4767 865 4842 captus
889 4777 981 4821 causa
1009 4764 1063 4820 aut
1087 4762 1212 4838 propter
1240 4752 1432 4817 mechanicas

115 4850 247 4917 lotiones
271 4849 488 4914 Ptolemaicam
511 4852 637 4914 formam
659 4858 771 4915 amant
816 4852 929 4914 Fateor
952 4845 1078 4931 quippe,
1100 4854 1184 4921 tuam
1206 4844 1284 4909 hanc
1307 4841 1431 4908 ordina-

1182 4944 1222 4999 ⁰0
