3278 5550
1139 144 1154 181 0

140 267 205 337 m
326 270 332 285 ⁸
628 265 740 334 Epistula
757 265 789 319 de
807 263 871 317 Sole
889 263 994 332 deliquio

141 446 260 512 omnino
284 455 459 527 argueretur
481 447 592 509 erroris
615 445 768 529 quantitas
797 444 903 525 phasis
930 442 1038 505 tertiae
1068 441 1131 518 sic,
1164 448 1203 503 ut
1234 460 1333 523 quam
1363 443 1486 505 macari

140 538 239 600 minus
262 531 283 598 3
306 535 435 616 digitos,
466 555 503 597 ea
532 536 624 599 inerit
649 535 747 598 minus
775 532 796 599 2
820 532 925 613 digiti,
956 531 1007 612 qni
1034 539 1106 593 sunt
1131 530 1314 612 particulae
1346 525 1436 614 187³.
1461 544 1486 594 et

140 624 282 707 scrupula
303 623 385 688 Solis
409 621 440 688 60
467 621 540 688 1300.
584 626 692 704 ltaque
716 622 863 686 distantia
884 627 1055 685 centrorum
1078 617 1132 684 250
1155 616 1236 694 3400,
1265 639 1346 702 qnae
1369 639 1423 701 per
1441 641 1487 684 au·

140 714 228 796 gulos
250 732 342 795 snpra
364 713 546 777 constitutos
569 714 624 775 dat
647 713 870 793 superationem
892 706 947 773 240
971 707 1050 783 5200,
1080 709 1279 773 latitudinem
1305 721 1487 791 apparentem

141 802 173 868 5⁴
196 799 261 867 4900
283 802 369 884 plus,
397 803 476 883 qnod
504 801 644 865 convenit
666 800 811 883 superiori
835 797 1087 882 argumentationi
1110 816 1148 860 ex
1170 799 1320 880 principii
1343 800 1488 862 latitudine

141 892 306 966 deductae;
331 892 409 973 qnod
432 901 481 954 est
502 911 592 954 unum
615 899 831 972 argumentum.
864 889 982 951 Deinde
999 887 1121 968 propius
1141 887 1322 951 accedimus
1345 889 1386 950 ad
1407 889 1488 951 bora-

140 981 215 1043 rinm
238 980 399 1062 Tychonis.
437 982 517 1043 Nam
540 1000 631 1063 supra
654 998 721 1043 cnm
744 985 909 1061 apparente
931 985 1014 1040 motu
1039 995 1076 1038 ex
1099 976 1246 1059 'lychone
1271 974 1329 1041 410
1352 974 1419 1041 2200
1439 997 1489 1041 non

140 1069 297 1132 habuimus
319 1071 387 1151 pius
411 1071 489 1150 qnod
512 1087 762 1149 compararemus,
787 1087 876 1150 qnam
895 1065 949 1132 380
964 1064 1008 1131 200
1030 1065 1107 1145 pius,
1130 1076 1163 1128 et
1183 1063 1328 1131 3904000
1352 1067 1393 1128 ad
1415 1087 1488 1130 snm-

139 1177 228 1221 mum.
274 1158 332 1222 Hic
351 1159 417 1240 jem
439 1178 478 1221 ex
500 1158 554 1222 220
578 1157 622 1223 500
643 1159 711 1240 pins
734 1159 770 1221 fit
791 1153 846 1221 240
869 1154 934 1220 5200
956 1157 1040 1236 plns,
1066 1154 1168 1235 itaque
1197 1153 1231 1218 20
1257 1153 1328 1220 4700
1352 1156 1490 1219 accedunt

139 1256 243 1310 nostro
267 1256 330 1310 tam
353 1267 446 1328 parvo
469 1248 606 1320 horario,
634 1256 668 1309 nt
689 1248 743 1310 fiat
765 1244 820 1310 400
843 1240 909 1319 4900
931 1246 1008 1325 plus.
1054 1245 1158 1307 Tertio
1178 1243 1245 1324 jam
1272 1252 1307 1307 et
1328 1246 1421 1309 tinem
1442 1247 1489 1308 ob

140 1345 293 1399 servatum
307 1345 444 1400 tenemus
458 1338 579 1400 rectius.
614 1334 690 1399 Cum
709 1336 788 1398 enim
802 1336 858 1398 hoc
875 1342 966 1417 pacto
983 1333 1147 1396 subtractis
1166 1330 1221 1397 240
1238 1331 1310 1397 5200
1326 1357 1347 1396 a
1367 1332 1422 1398 310
1439 1332 1489 1399 1800

140 1433 257 1489 restent
279 1422 311 1488 60
335 1422 400 1488 2600
423 1427 535 1501 minna,
565 1430 599 1487 et
620 1425 703 1488 boris
727 1424 757 1488 2.
782 1422 815 1489 80
833 1425 899 1506 jam
922 1424 1088 1486 debeantur
1109 1420 1164 1486 550
1187 1420 1256 1486 3100
1279 1424 1371 1505 plus,
1401 1424 1488 1507 itaque

139 1514 261 1577 residua
283 1515 337 1577 ilia
360 1512 392 1579 60
416 1512 480 1579 2600
502 1515 598 1578 minue
622 1514 772 1594 analogou
795 1514 990 1577 coniiciuntur
1016 1512 1067 1576 150
1094 1513 1211 1587 minna,
1245 1531 1325 1594 quae
1358 1514 1438 1576 adde
1457 1514 1489 1575 ad

138 1602 244 1666 boram
266 1603 388 1666 ultimae
409 1604 540 1685 phaseos
563 1601 593 1667 3.
614 1599 664 1667 130
679 1601 754 1680 3000,
778 1610 943 1684 exsurgunt
964 1601 994 1663 h.
1010 1599 1040 1666 3.
1056 1598 1110 1666 280
1125 1599 1191 1665 3000
1213 1601 1319 1666 minus
1343 1622 1402 1684 pro
1424 1603 1488 1666 tine:

138 1709 177 1752 ex
199 1701 280 1756 voto.
326 1694 362 1755 In
392 1693 449 1757 bac
480 1692 571 1774 igitur
602 1692 812 1757 incertitudine
842 1711 897 1755 nos
926 1690 1047 1772 reliquit
1075 1691 1173 1754 solum
1199 1691 1272 1754 finis
1303 1702 1487 1768 momentum„

137 1779 259 1844 nubium
282 1781 396 1844 invidia
418 1782 504 1846 uobis
527 1789 673 1863 ereptum.

520 1925 657 2004 Quando
673 1927 779 2010 faerit
801 1922 927 2007 eclipsis
947 1922 1109 1987 audiam!

106 2082 109 2087 .
225 2027 360 2092 Medium
389 2028 464 2092 illud
493 2040 558 2104 est,
588 2053 656 2096 cnm
685 2042 819 2097 centrum
840 2032 945 2095 Lunae
975 2037 1101 2112 apparet
1129 2028 1161 2093 in
1184 2030 1301 2095 circulo
1326 2032 1488 2097 latitudinis

121 2120 191 2199 ‘per
214 2126 348 2181 ceutmm
371 2117 454 2182 Solis
478 2123 628 2186 traducto.
1200 2188 1205 2196 .

59 2260 93 2295 .,
225 2205 473 2291 Quandoquidem
497 2211 589 2291 igitur
611 2213 641 2274 b.
661 2213 687 2275 1.
710 2208 765 2274 400
787 2206 851 2274 2000
874 2210 961 2272 Luna
984 2207 1041 2270 fuit
1059 2214 1129 2270 ante
1143 2207 1249 2272 Solem
1273 2228 1331 2291 per
1355 2209 1410 2278 150
1423 2209 1487 2287 5700,

47 2298 53 2311 “
135 2292 289 2379 igiturex
312 2298 453 2379 analogia
476 2309 585 2376 motus,
610 2301 659 2382 qui
683 2300 740 2362 init
762 2299 939 2363 observatus
962 2297 991 2360 in
1016 2297 1174 2360 intervaiio
1193 2298 1304 2378 primo,
1331 2300 1399 2364 ista
1419 2301 1486 2364 resi-

22 2426 25 2431 ·
80 2374 102 2421 ⁴⁶
123 2372 195 2447 'dna
221 2382 272 2450 150
296 2383 361 2449 5700
384 2388 466 2450 inere
490 2391 629 2453 coniecta
652 2387 706 2453 370
731 2387 806 2459 3200,
830 2408 905 2470 qnae
929 2386 1034 2450 addita
1056 2386 1095 2448 ed
1121 2384 1147 2449 1.
1164 2382 1217 2451 400
1233 2385 1301 2451 2000
1329 2392 1487 2454 ostendunt

135 2472 263 2537 inedium
285 2475 315 2536 h.
340 2474 370 2538 2.
399 2474 459 2541 180.
472 2476 506 2552 ¹⁸)

222 2564 353 2628 Duravit
374 2566 466 2646 igitur
494 2589 513 2628 a
541 2566 688 2649 principio
720 2568 871 2646 bucusque
901 2585 956 2646 per
978 2566 1007 2629 b.
1034 2561 1062 2626 1.
1090 2561 1152 2640 120,
1182 2565 1264 2647 qnod
1293 2575 1349 2630 est
1380 2577 1486 2650 tempus

134 2648 337 2729 incidentiae;
370 2655 418 2718 cni
448 2656 475 2718 si
499 2656 624 2739 aequale
648 2656 832 2720 constituero
855 2665 972 2736 tempus
995 2653 1190 2728 emersiouis,
1221 2655 1293 2718 tinia
1324 2657 1484 2721 recidetin

79 2800 87 2817 ,
133 2739 163 2803 h.
193 2736 224 2804 3.
249 2738 304 2806 300
311 2763 320 2819 ;
354 2745 409 2807 sed
444 2745 514 2827 quia
541 2745 667 2809 celerior
696 2746 824 2823 emersio
855 2764 943 2827 qnam
974 2742 1156 2819 incidentia,
1187 2743 1258 2806 finis
1290 2745 1393 2827 igitur
1422 2755 1483 2809 ante

132 2827 164 2891 b.
187 2827 217 2895 2.
243 2828 312 2906 300,
337 2835 415 2913 qnod
437 2854 555 2898 mrsum
577 2836 748 2913 confirmat,
775 2854 823 2898 me
846 2835 949 2898 ultimo
973 2831 1086 2896 vidisse
1108 2852 1167 2897 nnu
1191 2829 1211 2896 3
1235 2834 1292 2897 sed
1318 2832 1342 2898 2
1367 2836 1480 2918 digitos

131 2916 259 2984 Duratio
283 2921 384 3005 itaque
405 2923 436 2986 h.
460 2920 492 2987 2.
517 2921 581 2990 220.
1292 2928 1295 2933 ’

486 3074 568 3154 Quia
589 3095 681 3138 uerae
703 3074 929 3159 eonjuaouoais
950 3071 1128 3137 artimus!

218 3176 267 3239 Ex
289 3179 426 3242 doctrina
448 3181 535 3261 primi
557 3182 678 3244 mobilis
701 3190 733 3244 et
754 3182 829 3244 meis
849 3180 967 3262 Opticie
991 3180 1019 3242 b.
1045 3177 1075 3242 2.
1103 3177 1154 3244 180
1183 3182 1302 3244 coelum
1332 3185 1479 3249 mediabat

130 3259 260 3330 240290
282 3279 327 3346 ιιι,
352 3269 504 3332 oriebatur
526 3269 589 3333 220
602 3276 636 3348 ᾖ
659 3278 691 3333 ει
714 3268 774 3334 220
796 3280 843 3338 2
865 3270 1077 3350 nonagesimus
1101 3268 1139 3330 ab
1162 3278 1239 3346 ortu,
1265 3269 1373 3356 itaque
1396 3275 1477 3337 lumi·

129 3354 218 3417 naria
240 3355 269 3418 in
293 3358 472 3421 occidentali
496 3360 671 3440 quadrante.
713 3359 878 3434 Quaeritur
899 3357 1075 3440 pareliaxia.
1112 3357 1208 3437 Igitur
1231 3362 1366 3441 angulus
1390 3364 1477 3445 eclip-

129 3441 209 3506 ticae
233 3453 264 3508 et
287 3447 442 3511 meridiani
465 3448 515 3510 hic
538 3457 586 3511 est
605 3447 646 3512 25
654 3446 673 3499 ⁰·
686 3447 747 3525 110,
771 3447 903 3512 titularis
925 3448 1017 3529 igitur
1038 3446 1203 3529 parallaxis
1227 3449 1430 3531 longitudinis
1451 3454 1476 3514 in

46 3564 55 3577 =
127 3530 284 3599 horizonte
313 3544 361 3599 est
385 3531 439 3599 240
463 3534 528 3602 5400
559 3540 627 3618 (per
654 3539 780 3601 totalem
807 3535 861 3601 580
885 3534 984 3613 3300),
1016 3545 1047 3599 ει
1075 3536 1145 3618 quia
1170 3537 1260 3600 Luna
1289 3541 1383 3605 abest
1406 3539 1477 3606 3'a

127 3624 341 3704 nonagesimo,
372 3627 438 3690 ideo
468 3629 577 3709 parali.
602 3628 682 3707 long.
707 3628 736 3689 in
761 3646 898 3690 occasum
922 3634 971 3690 est
995 3624 1024 3689 10
1051 3624 1113 3691 1800
1120 3647 1129 3701 ;
1162 3636 1292 3709 apparet
1320 3650 1396 3695 vero
1424 3632 1474 3695 hoc

127 3722 279 3776 momento
298 3715 403 3795 juncta
425 3715 501 3792 Soli,
524 3725 573 3780 est
595 3716 686 3798 igitur
708 3735 762 3797 per
788 3713 899 3780 101800
922 3735 991 3779 vere
1015 3716 1095 3778 nitra
1118 3714 1231 3793 Solem,
1257 3735 1333 3799 ergo
1358 3719 1391 3785 30
1413 3728 1474 3783 ante

128 3798 185 3865 init
207 3821 276 3866 vera
300 3803 330 3866 in
353 3806 463 3869 circulo
487 3805 656 3870 latitudinis
679 3825 732 3888 per
754 3805 866 3871 Solem.
913 3806 949 3869 Id
972 3804 1030 3868 tuit
1051 3805 1126 3868 bora
1149 3803 1179 3871 2.
1208 3803 1273 3871 150.
1283 3802 1343 3884 ⁸⁸)

127 3973 210 3984 ,-
380 3981 443 3991 *-

216 4065 243 4128 0)
262 4067 364 4136 Kepieri
382 4085 458 4124 mauu
475 4073 501 4125 iu
518 4073 630 4171 margine
648 4071 728 4171 ‘educti
745 4079 786 4125 ta:
811 4072 860 4126 Per
876 4071 999 4125 herman
1017 4070 1146 4137 bobonis.

550 4143 585 4337 :Z
612 4142 710 4339 {323
747 4213 1469 4283 ae.srqnsamsaumpumsumaeseamemae

199 4358 245 4422 ”i
263 4360 299 4415 K·
318 4365 345 4417 in
362 4379 457 4436 marg.:
475 4366 551 4419 Phasi
568 4322 680 4420 mcunda
697 4375 752 4421 arat
769 4360 797 4433 D
816 4363 1001 4492 anpffla
1017 4382 1061 4433 per
1081 4363 1194 4489 1ζὶΐο

1001 4454 1062 4491 com.
1116 4474 1123 4489 .

1260 4570 1268 4595 Ι

548 4595 618 4650 nan
637 4598 660 4649 1.
679 4596 722 4648 to.
743 4595 778 4649 30

679 4665 722 4720 34.
741 4667 777 4720 28
