3278 5550
586 252 729 320 suarem
747 251 890 306 sameas
1351 220 1419 325 '705
1473 300 1496 343 ,-

64 428 311 492 transformatio
335 446 402 491 mea
424 429 498 492 nihil
522 429 603 491 aliud
634 430 705 504 fuit,
738 451 826 511 quam
857 431 991 511 ejusdem
1022 431 1223 495 restitutionis
1253 436 1418 516 ampliatio,

65 527 103 581 ut
135 518 371 599 intelligeretur,
403 518 530 582 diversis
561 519 777 601 hypothesibus
807 521 885 583 idem
915 520 1073 601 praestari.
1121 524 1166 584 Tu
1188 523 1254 602 ipse
1278 527 1420 601 affirmas,

65 609 175 671 modos
198 609 252 671 tibi
281 627 335 670 sex
359 626 526 689 superesse.
573 608 650 687 Mihi
678 628 748 672 vero
778 610 816 671 ad
844 604 945 673 meum
969 611 1137 672 institutum
1167 615 1341 675 necessaria
1363 616 1420 677 fuit

66 698 308 772 transformatio,
331 705 366 759 ut
388 697 419 758 id
443 697 620 770 obtinerem,
644 697 723 778 quod
747 700 887 778 agebam,
913 700 1028 761 scilicet
1051 707 1085 761 ut
1107 701 1253 763 calculum
1277 704 1418 784 trianguli

65 787 156 850 unius
178 788 210 850 iu
233 786 355 849 tabulas
378 785 568 866 conjicerem.
614 787 733 849 Poterit
755 788 831 850 alius
856 789 983 850 forsitan
1011 788 1091 850 idem
1120 798 1276 869 praestare
1300 802 1420 854 retenta

10 946 13 953 ,
64 875 228 959 hypothesi
252 875 466 958 Tychcuiaua:
500 894 556 956 ego
585 885 655 938 tunc
685 877 803 957 quidem
826 885 888 939 tarn
913 878 985 939 felix
1012 897 1070 939 non
1099 879 1155 951 fui,
1185 888 1218 940 et
1245 880 1419 944 inclinatum

10 982 15 1029 ἱ
63 986 114 1028 me
139 967 237 1028 fateor
259 965 299 1027 ad
322 966 446 1027 formam
470 965 634 1046 physicam,
660 984 748 1047 quam
764 968 929 1045 amplector
947 985 1020 1047 prae
1040 967 1158 1042 ceteris,
1182 968 1300 1048 quoties
1323 990 1418 1051 aeque

64 1075 103 1118 ac
135 1063 254 1119 ceteras
288 1053 415 1116 officium
448 1054 528 1116 facit.
573 1054 622 1115 Ex
649 1055 837 1134 praefatione
867 1056 905 1117 ad
928 1056 1114 1117 Hervartum
1145 1057 1256 1136 aliquid
1287 1059 1417 1125 fortasse

10 1147 20 1199 'i
62 1146 167 1225 possit
186 1144 315 1223 excerpi,
340 1143 417 1223 quod
432 1142 643 1205 refutationem
663 1144 711 1205 vel
731 1145 851 1206 omnino
870 1144 1122 1207 insimulationem
1145 1146 1277 1226 aliquam
1301 1149 1415 1228 sapiat:

63 1235 154 1316 quasi
178 1234 306 1296 obscura
328 1231 370 1293 sit
383 1232 560 1314 hypothesis
575 1240 607 1293 et
625 1233 710 1313 quasi
734 1234 856 1295 tabulae
881 1254 938 1294 non
963 1233 1122 1295 sublevent
1145 1235 1291 1297 calculum
1314 1238 1417 1300 labore

61 1322 256 1402 triangulari.
293 1322 338 1383 At
360 1321 485 1401 primurn
509 1340 564 1400 ego
588 1322 670 1384 illam
688 1323 905 1402 praefationem
927 1323 971 1383 ita
988 1323 1153 1398 immutavi,
1177 1334 1212 1385 ut
1232 1326 1417 1406 Teugnaglio

59 1412 199 1497 placuit;
223 1411 330 1473 deinde
353 1410 426 1471 nihil
451 1430 488 1472 ex
511 1431 558 1472 me
579 1410 651 1484 dixi,
676 1410 730 1472 sed
750 1411 786 1473 ab
806 1412 875 1473 aliis
891 1420 922 1472 et
943 1412 1152 1475 abHervarto
1172 1412 1277 1475 adme
1301 1415 1417 1495 scripta

15 1518 18 1523 ·
60 1501 215 1576 assumsi,
249 1508 283 1563 ut
315 1499 411 1561 literis
441 1509 594 1562 auctorum
622 1500 717 1562 cuivis
748 1501 853 1581 quovis
886 1509 1020 1581 tempore
1049 1501 1254 1564 demonstrare
1285 1514 1416 1584 possum.

60 1594 111 1656 uu
132 1608 223 1666 vero,
246 1589 273 1650 si
296 1587 417 1650 dubitas
441 1609 487 1650 me
510 1589 555 1650 sic
578 1589 607 1649 in
631 1590 820 1668 praefatione
844 1591 941 1671 loqui,
972 1600 1040 1669 pete.
1064 1590 1145 1651 illam
1170 1613 1188 1651 a
1210 1593 1416 1673 Tengnagli03

59 1688 170 1744 exstat
192 1679 271 1759 apud
295 1678 378 1740 illum
400 1698 488 1739 manu
512 1678 662 1741 Matthiae
686 1686 818 1750 (Serrani)
842 1680 906 1741 sine
937 1679 1055 1760 quidem
1085 1681 1267 1755 mutatione,
1299 1682 1418 1762 qualem

58 1772 248 1853 scripseram
276 1786 314 1829 cx
345 1787 391 1828 une
419 1766 504 1847 ipso,
537 1787 597 1830 nou
630 1769 748 1848 qualern
778 1788 815 1830 ex
846 1769 996 1830 sententia
1019 1770 1198 1849 Teuguaglii
1221 1771 1416 1834 immutatam.

61 1861 271 1937 Posteaquam
296 1857 457 1937 acceperis,
484 1856 593 1917 addam
618 1877 674 1937 ego
698 1878 774 1939 quae
799 1856 910 1919 fuerint
932 1865 1057 1921 mutata.
1095 1858 1179 1921 Nihil
1203 1878 1275 1938 ergo
1297 1860 1329 1921 iu
1352 1879 1418 1923 mea
1534 1874 1543 1889 ·

60 1947 334 2013 transformatione
357 1954 419 2020 est,
451 1945 530 2026 quod
553 1955 703 2009 mereatur
725 1965 832 2008 nomen
856 1946 1059 2008 refutationis.
1211 1949 1279 2011 Non
1304 1950 1418 2029 opinor,

60 2046 96 2102 te
121 2036 153 2099 iu
177 2036 317 2117 epistolio
341 2054 408 2097 meo
432 2035 558 2114 legisse,
588 2037 666 2115 quod
690 2036 883 2098 vehementer
905 2035 978 2098 mihi
1001 2035 1183 2116 applaudam
1207 2037 1244 2097 de
1268 2038 1418 2101 transfor·

60 2135 153 2193 mata
173 2125 335 2208 hypothesi
358 2124 552 2207 Tychoniaua
574 2124 687 2186 Lunae.
734 2128 841 2205 ltaque
868 2143 926 2188 non
950 2142 1040 2203 aegre
1063 2124 1137 2186 mihi
1161 2126 1276 2187 faciunt
1297 2127 1340 2189 tui
1365 2146 1418 2189 sex

61 2216 149 2281 modi
172 2215 242 2289 alii;
272 2213 344 2275 mihi
372 2214 411 2274 ad
441 2213 611 2275 institutum
641 2233 725 2275 meus
755 2214 862 2275 modus
890 2214 1008 2275 sutfecit
1031 2232 1066 2275 ac
1090 2214 1216 2277 forsitan
1241 2215 1319 2277 idern
1343 2236 1419 2279 unus

63 2326 106 2369 ex
128 2304 189 2367 tuis
212 2322 267 2366 sex
287 2303 388 2366 fuerit.
421 2300 501 2373 Quin
521 2302 578 2364 hac
596 2304 876 2366 commemoratione
894 2322 942 2364 me
961 2321 1089 2364 excusas
1113 2303 1149 2363 de
1174 2323 1210 2364 ea
1234 2322 1418 2384 supervaca-

62 2414 127 2459 nea
150 2412 249 2475 opera,
275 2392 360 2472 cujus
384 2410 431 2455 me
454 2390 693 2454 insimulaveras.
740 2394 818 2454 Nam
841 2392 867 2454 si
891 2392 947 2453 tibi
970 2391 1087 2471 placuit
1109 2411 1163 2452 sex
1186 2393 1281 2455 modis
1304 2390 1418 2471 ludere,

60 2480 182 2567 placuit
204 2481 330 2544 etmihi
353 2501 423 2544 unc.
470 2482 544 2559 Nec·
558 2489 606 2542 est
629 2484 724 2562 major
747 2482 854 2562 gloria,
879 2481 957 2561 quud
983 2489 1014 2542 tu
1039 2481 1095 2542 hoc
1118 2482 1148 2542 iu
1171 2483 1292 2562 proprio
1316 2483 1418 2546 labore

61 2570 238 2653 suscepisti,
265 2590 320 2650 ego
345 2570 374 2631 in
398 2570 506 2634 alieno.
545 2571 624 2632 Nam
649 2589 724 2651 quae
749 2570 860 2651 publici
878 2570 957 2650 juris
981 2577 1060 2642 sunt,
1084 2571 1184 2632 aliena
1208 2572 1336 2651 amplius
1359 2590 1418 2635 nou

59 2670 146 2727 suut.
193 2663 242 2724 Ita
264 2659 432 2722 Ptolemaei
457 2659 618 2721 observata
642 2658 827 2741 Oopernicas
861 2656 889 2721 in
919 2678 1003 2720 snam
1030 2659 1211 2740 hypothesin
1240 2661 1419 2736 transfudit,

60 2755 112 2816 ita
127 2750 269 2829 Maginus
289 2748 499 2829 Copernicaua
522 2749 550 2809 in
575 2750 715 2830 antiquas
733 2750 935 2812 Ptolemaicas
959 2749 1152 2831 hypotheses.
1190 2750 1297 2830 Itaque
1320 2750 1348 2812 si
1369 2750 1419 2813 hic

61 2849 115 2905 est
138 2838 311 2920 scriptionis
334 2846 404 2900 tuae
428 2855 547 2917 scopus,
571 2846 604 2899 ut
627 2839 720 2914 dicas,
744 2858 791 2900 me
814 2837 888 2900 nihil
912 2838 1012 2917 magui
1036 2838 1236 2917 praestitisse,
1259 2839 1364 2920 aequis
1387 2848 1419 2902 te

60 2929 188 2995 auribus
212 2927 320 2989 audio:
345 2946 496 3008 nunqnam
520 2927 689 3005 maguifeci.
727 2927 870 3007 Allegavi
894 2928 1050 2989 Hervarto
1075 2946 1133 2989 non
1158 2946 1246 2990 unam
1270 2922 1419 3008 privatam

61 3019 244 3090 utilitatem,
277 3036 366 3098 quarn
394 3036 431 3077 ex
455 3017 511 3077 hoc
535 3016 677 3078 exercitio
700 3017 830 3098 percepi.
876 3018 945 3078 Non
969 3016 1069 3097 magni
1092 3025 1193 3078 tamen
1223 3017 1319 3093 facio,
1348 3017 1441 3101 quia'

61 3127 125 3174 uun
151 3106 282 3187 imprimi
305 3106 407 3168 curavi
431 3106 586 3180 hacteuus,
611 3125 666 3167 uec
690 3106 906 3169 communicavi
931 3104 1035 3167 amicis
1059 3105 1146 3167 enixe
1169 3102 1371 3191 petentibus?¹
1394 3152 1422 3193 ·.·

156 3197 201 3259 At
223 3196 279 3257 boc
302 3203 392 3276 pacto
416 3214 473 3256 nou
497 3194 617 3274 probas,
642 3215 689 3257 me
706 3196 916 3257 refutationem
931 3194 1083 3276 'lychonis
1097 3195 1276 3270 instituisse,
1302 3195 1429 3267 scilicet·
1455 3240 1474 3251 .-

62 3290 125 3351 hoc
149 3287 245 3365 ipsum
269 3285 394 3347 refutas.
441 3284 519 3345 illud
543 3284 659 3346 enixius
683 3286 763 3365 agis,
792 3293 826 3347 ιιι
848 3283 920 3345 mihi
944 3301 1067 3364 scopum
1094 3284 1283 3364 potissimum
1306 3282 1417 3367 eripi'a's
1448 3274 1452 3285 ’

63 3375 261 3455 triangularis
290 3372 403 3437 laboris
427 3373 548 3435 sublati.
594 3373 724 3436 Primum
756 3374 818 3449 ais,
849 3375 986 3435 consulto
1018 3374 1128 3435 factum
1153 3394 1172 3434 a
1195 3374 1354 3456 Tychoue,
1385 3383 1418 3437 ut

63 3484 161 3530 causa
184 3471 276 3538 esset,
300 3483 352 3526 cur
368 3463 576 3524 adolescentes
597 3462 755 3543 triangulis
776 3481 896 3543 operam
917 3463 1030 3524 darent.
1069 3461 1104 3523 Si
1126 3463 1338 3542 disputandum
1360 3464 1418 3526 hcc

64 3546 226 3629 sumerem,
251 3553 355 3625 credo,
379 3561 413 3613 ut
435 3560 484 3629 est
505 3551 728 3633 probabilitatis
752 3552 913 3631 ingenium,
938 3550 1063 3613 dicendo
1088 3552 1176 3612 facile
1201 3554 1361 3626 efficerem,
1384 3561 1419 3615 ut

62 3654 99 3707 tu
123 3642 306 3706 contrarium
330 3642 357 3703 ei
381 3643 520 3716 sentires,
544 3642 623 3721 quod
639 3642 741 3723 Tycha
760 3641 865 3703 sensit.
904 3640 966 3702 Sed
989 3659 1047 3701 non
1067 3649 1116 3702 est
1131 3660 1215 3720 opus,
1239 3640 1418 3720 praesertim

61 3732 147 3814 apud
161 3740 202 3807 te,
227 3732 276 3813 qui
296 3730 367 3806 scis,
392 3731 466 3792 artis
486 3738 608 3792 nostrae
626 3730 812 3810 ignoratione
829 3730 900 3804 lieri,
925 3737 960 3791 ut
972 3729 1072 3809 potius
1093 3730 1195 3791 decem
1215 3730 1418 3793 astronomiae

61 3821 236 3884 valedicere
269 3821 382 3897 velint,
415 3839 503 3901 quam
533 3829 566 3880 ut
598 3839 673 3882 uuus
702 3822 740 3883 ad
768 3818 920 3899 triangula
948 3817 1050 3880 veniat
1078 3819 1283 3881 astronomiae
1313 3838 1416 3884 causa.

61 3911 148 3975 Illud
170 3910 279 3973 saltem
302 3910 411 3984 dicam,
433 3908 620 3989 propositum
644 3910 700 3972 hcc
724 3910 796 3970 mihi
820 3909 857 3969 ab
881 3909 947 3987 ipso
971 3908 1158 3987 'lengnaglio
1182 3909 1416 3989 suppeditatum.

61 4000 144 4066 cam
167 4000 245 4061 enim
268 4007 399 4061 sumeret
418 3999 566 4061 Matthias
591 4018 668 4060 auno
695 3996 788 4062 1602.
814 4016 936 4078 operam
960 3996 1110 4059 scribendi
1125 3996 1328 4078 Ephemerida
1349 4015 1416 4060 mc-

60 4100 149 4154 tuum
163 4089 266 4151 Lunae
290 4089 328 4149 ad
348 4107 458 4150 aunum
481 4096 664 4168 sequentem,
688 4087 880 4167 triangularis
904 4086 989 4149 labor
1011 4087 1100 4166 plane
1124 4086 1248 4149 multum
1272 4087 1416 4166 temporis

61 4178 215 4242 insumsit.
262 4179 367 4258 Itaque
391 4185 423 4239 et
444 4176 648 4256 Tenguaglins
672 4188 704 4239 et
725 4176 875 4240 Matthias
897 4176 954 4238 hoc
985 4176 1083 4256 questi
1111 4184 1200 4251 sunt,
1231 4186 1280 4250 et,
1310 4183 1417 4251 contra

60 4286 155 4352 quarn
177 4274 210 4329 tu
229 4268 303 4347 jam,
329 4266 405 4327 satis
420 4267 538 4347 quidem
554 4286 586 4327 sc
603 4269 784 4329 exercitatos
801 4285 869 4328 esse
888 4273 1032 4346 putarunt
1046 4266 1076 4326 in
1101 4264 1415 4345 triangularilabore,
1514 4264 1526 4295 ’·

58 4352 200 4421 sednon
225 4355 301 4417 satis
325 4355 469 4436 temporis
492 4363 523 4416 et
547 4355 668 4417 nimium
689 4355 783 4418 taedii
807 4375 838 4418 se
864 4354 974 4416 habere
1003 4363 1189 4435 agnoverunt
1219 4354 1258 4415 ad
1289 4354 1414 4418 eandem

58 4446 145 4509 viam
168 4446 260 4507 toties
284 4445 419 4505 eandam.
467 4445 612 4506 Dicebam
641 4464 696 4525 ego
721 4444 886 4519 Matthiae,
917 4443 1088 4506 existimare
1116 4463 1178 4519 me,
1207 4443 1295 4507 citius
1323 4461 1414 4524 posse

58 4535 156 4600 scribi
185 4534 324 4609 tabulas,
356 4553 444 4614 quarn
474 4534 559 4596 unius
587 4534 657 4596 anni
681 4535 890 4615 Ephemerids.
938 4533 1012 4607 llle,
1044 4534 1121 4594 idern
1151 4533 1209 4595 sibi
1232 4533 1347 4608 videri,
1377 4552 1414 4599 ac

57 4624 198 4710 perinde,
222 4624 248 4685 si
272 4623 403 4685 director
426 4642 492 4684 esse
517 4622 615 4699 velim,
640 4625 769 4705 abrupta
790 4623 1006 4704 Ephemeride,
1031 4642 1063 4684 se
1088 4621 1208 4685 tabulas
1230 4622 1313 4703 prius
1336 4640 1411 4686 cou-

59 4715 205 4777 diturum.
250 4712 313 4777 Sed
336 4713 446 4774 facturn
471 4720 517 4774 est
541 4713 695 4775 simultate
718 4720 835 4787 nostra,
861 4721 894 4775 ιιι
916 4721 948 4773 et
970 4711 1173 4792 Tenguaglius
1196 4730 1250 4774 suo
1273 4711 1411 4775 ministro

60 4804 148 4868 scius
167 4801 213 4864 uti
232 4800 322 4865 malle
338 4801 489 4865 videretur
512 4801 607 4875 (idern
630 4802 706 4864 enim
730 4803 913 4883 perlibenter
936 4823 955 4864 a
977 4820 1024 4864 me
1048 4800 1152 4877 audiit,
1176 4819 1266 4880 posse
1289 4800 1410 4864 tabulas

115 4905 352 4959 ιηιοιιομιιιιι.
1167 4902 1201 4957 ιι
