3278 5550
192 274 258 349 dbd
800 280 841 334 D·
857 279 939 333 uma

285 461 434 524 Discussa
453 460 510 523 hac
532 461 700 540 objectione
720 461 784 540 jam
808 466 894 521 tauto
918 459 1036 521 facilius
1059 460 1151 523 etiam
1171 460 1269 523 aliam
1284 462 1462 542 expedimus
1476 482 1537 524 cau·

194 551 316 624 tionem,
343 559 374 611 et
396 549 571 630 corrigimus
589 558 641 612 aut
659 550 866 612 confirmamus
885 548 1044 629 inceptum.
1083 549 1198 615 Verum
1213 559 1275 625 est,
1301 552 1384 633 qnod
1402 552 1537 633 proportio

194 640 326 720 partium
349 639 431 720 plani
457 640 624 718 composita
648 639 689 700 sit
711 657 748 699 es
770 637 1012 718 proportionibus
1028 638 1153 712 duabus,
1177 660 1239 702 uua
1264 659 1393 705 arcuum
1417 642 1538 713 eoeeau

174 726 297 789 ¹altera
329 728 550 790 distantiarum.
602 731 648 790 At
678 727 761 808 prius
793 727 971 789 elementum
1002 748 1061 790 nou
1093 729 1200 791 minuit
1228 749 1392 792 numerum
1418 729 1540 793 horarum

196 817 394 897 promotionis
413 815 539 888 Solaris,
564 818 618 878 sed
636 825 735 897 auget,
754 817 904 897 posterius
923 835 995 878 vero
1011 817 1125 891 minuit,
1149 819 1221 898 quia
1240 818 1451 881 revolutiones
1470 819 1540 898 ipsas

195 913 277 967 totas
304 901 346 967 24
364 906 504 966 horarum
521 906 683 984 prolongat
698 907 727 966 in
747 913 889 996 tempore.
927 905 974 966 Ac
998 925 1063 968 cum
1087 907 1147 968 siut
1171 907 1329 970 elementa
1353 908 1541 988 proportion'a

195 994 382 1074 compositae
409 995 547 1074 aequalia
571 996 724 1075 proxime,
756 995 809 1055 sed
837 994 934 1055 altera
962 994 1095 1069 directa,
1128 996 1227 1059 altera
1255 1005 1453 1077 permutata,
1482 1014 1540 1077 ergo

194 1084 277 1144 valet
300 1084 520 1162 compensatio,
550 1085 675 1163 gignens
707 1083 928 1163 proportionem
951 1083 1154 1163 aequalitatis.
1201 1085 1315 1167 ltaque
1340 1086 1468 1149 arcubus
1487 1094 1538 1147 tau

195 1171 398 1252 superioribus
432 1192 519 1252 quam
549 1172 736 1234 inferioribus
768 1178 941 1252 competunt
972 1172 1096 1234 dimidia
1117 1174 1322 1254 promotionis
1347 1174 1479 1249 Solaria:
1503 1192 1536 1236 sc

180 1258 217 1322 ,1
237 1257 277 1325 3⁰
289 1257 322 1322 d‘
338 1257 412 1323 30¹⁴.
447 1261 528 1338 Ergo
544 1280 596 1341 per
611 1281 711 1323 arcum
727 1262 908 1341 superiorem
930 1261 1107 1342 contingunt
1127 1262 1339 1341 revolutiones
1370 1270 1435 1331 181.
1455 1273 1480 1330 7.
1499 1270 1533 1338 ll,

196 1351 213 1404 1.
234 1369 259 1407 e.
281 1352 310 1405 h.
335 1346 360 1407 3.
381 1348 410 1405 0¹
428 1348 500 1413 48⁰.
523 1360 553 1405 et
577 1353 604 1407 h.
630 1341 649 1405 1'
676 1344 709 1404 3⁰
730 1348 758 1405 d‘
781 1346 838 1405 30⁰
860 1351 877 1406 i.
898 1369 923 1406 e.
944 1353 1029 1406 revol.
1051 1346 1077 1407 2.
1098 1354 1125 1408 h.
1149 1348 1193 1408 15.
1216 1352 1247 1407 4‘
1270 1350 1332 1410 30¹¹
1357 1354 1474 1424 junctim
1489 1371 1533 1409 ror.

199 1426 263 1486 186.
285 1431 312 1486 h.
336 1426 380 1486 18.
403 1426 430 1485 5‘
455 1426 520 1487 18“.
559 1436 600 1486 At
619 1432 665 1487 via
685 1432 791 1486 usitata
811 1438 841 1484 et
861 1431 994 1501 simplici:

406 1504 479 1565 360⁰
500 1528 544 1566 an.
566 1513 649 1568 med.:
677 1507 744 1567 ³65.
768 1513 794 1566 6.
815 1509 833 1569 9
855 1512 968 1565 dies=
991 1506 1063 1568 184⁰
1083 1510 1111 1569 7.
1134 1508 1172 1568 32
1192 1530 1240 1570 an.
1263 1516 1383 1570 med.:i

1092 1589 1340 1598 ...κῃ-..ι-

212 1646 216 1653 .
318 1618 322 1629 ·
405 1586 1249 1668 Vmorem
1487 1615 1490 1619 ’

195 1683 559 1757 uesp.=3.u.ss50.5.
579 1685 625 1743 58.
652 1683 831 1744 15:186.
852 1691 879 1744 h.
905 1685 1019 1746 ta-32.
1041 1687 1067 1747 2.
1091 1685 1137 1747 23.
1163 1684 1341 1747 18-186.
1364 1682 1571 1749 1118518.

197 1764 282 1902 nl:
302 1761 351 1903 t:
371 1767 419 1903 ii:
442 1764 489 1904 ii:
510 1765 554 1905 11,

168 1980 174 1993 ,
286 1925 478 1989 Revertimur
502 1928 592 1989 etiam
612 1927 655 1989 'sic
672 1926 864 1989 adnumeres
887 1926 1013 2007 priores,
1039 1946 1080 1990 sc.
1106 1926 1176 2009 quia
1198 1935 1309 2005 toturn,
1335 1948 1394 2011 quo
1417 1930 1527 2011 superior

195 2015 278 2096 plani
302 2034 372 2094 pars
397 2016 548 2090 abundat,
577 2017 761 2079 detrahimus
789 2016 987 2096 promotioni,
1016 2035 1091 2098 quae
1115 2017 1260 2099 competit
1283 2018 1435 2099 superiori
1458 2019 1528 2081 seni·

196 2104 307 2164 circulo
331 2105 498 2166 anomaliae
523 2114 703 2188 coaequatae
728 2106 888 2167 secundum
913 2105 992 2166 viam
1016 2105 1167 2166 usitatam.
1212 2105 1297 2187 Ergo
1322 2108 1529 2189 amplius'con-

197 2192 315 2267 sidera,
350 2213 388 2255 an
420 2195 476 2255 hoc
506 2196 559 2257 liat
586 2204 678 2257 recte.
726 2193 801 2258 Cum
831 2213 970 2256 numerus
993 2194 1208 2256 revolutionum
1233 2190 1298 2258 365
1325 2205 1384 2259 etc.
1410 2196 1530 2259 dividitu

197 2282 277 2343 iuter
292 2282 496 2346 semicirculos
510 2283 677 2346 anomaliae
692 2302 806 2365 coaeq,
830 2291 900 2344 tunc
925 2282 953 2344 vi
973 2283 1060 2362 hujus
1077 2282 1235 2345 divisionis
1259 2284 1439 2348 dividuntur
1460 2288 1530 2351 edan

148 2436 152 2443 ,
197 2374 473 2451 supernumerariae
500 2374 604 2435 eadem
635 2372 845 2452 proportione,
875 2379 909 2433 ut
937 2371 1023 2433 detur
1054 2370 1198 2452 superiori
1220 2371 1252 2435 b.
1279 2368 1302 2435 1¹
1332 2371 1373 2437 4ο
1397 2371 1452 2439 31‘
1476 2371 1528 2447 11”1

196 2461 360 2523 secuudum
375 2462 594 2542 proportionem
612 2461 740 2542 partium
756 2460 857 2541 plani:
881 2460 1069 2541 poniturque,
1094 2460 1170 2540 quod
1186 2469 1300 2543 quanto
1316 2462 1441 2543 lougius
1458 2464 1531 2527 distet

196 2569 268 2629 pars
293 2570 311 2611 a
327 2548 408 2624 Sole,
433 2560 518 2613 tauto
543 2551 634 2613 etiarn
651 2551 754 2631 plures
770 2550 861 2611 horas
878 2550 1019 2630 aequales
1034 2549 1071 2610 de
1087 2549 1186 2612 Solari
1211 2550 1333 2632 quidem
1355 2554 1529 2634 proportione

197 2639 291 2700 Terra
314 2639 344 2701 in
368 2659 404 2700 eo
427 2649 565 2703 moretur.
613 2640 748 2721 Atquin
773 2639 838 2718 jam
867 2639 1079 2717 supponimus,
1109 2645 1219 2720 quanto
1248 2639 1319 2720 plus
1347 2659 1424 2721 pars
1447 2642 1529 2719 distet

198 2734 284 2790 tauto
308 2728 400 2791 etiam
422 2730 564 2793 lentiores
588 2746 654 2790 esse
678 2729 782 2801 horas,
808 2735 920 2808 quanto
943 2727 1035 2806 igitur
1061 2727 1163 2806 plures
1186 2747 1254 2789 ease
1278 2729 1439 2793 debebant
1458 2732 1529 2795 hora

200 2817 353 2899 aequales,
378 2825 463 2880 tanto
487 2820 630 2881 lentiores
654 2823 724 2879 suut
746 2815 837 2878 horae
857 2816 1030 2895 inaequales
1047 2816 1284 2896 depromotioue
1302 2819 1426 2898 quidam
1441 2818 1530 2884 Solari

198 2903 319 2976 Quanto
343 2907 484 2970 lentiores
507 2927 597 2982 vero,
621 2914 706 2969 tanto
730 2915 761 2966 et
784 2904 950 2985 pauciores.
995 2903 1076 2985 Ergo
1100 2912 1210 2985 quanto
1233 2906 1338 2987 plures
1362 2929 1436 2972 esse
1458 2909 1530 2972 debe·

198 2995 272 3057 bant
295 2996 453 3075 aequales,
483 3004 568 3059 tanto
591 2995 748 3078 pauciores
771 3001 842 3055 suut
865 2993 1054 3074 inaequales,
1085 3013 1173 3074 quam
1196 2995 1350 3076 aequales.
1400 2996 1531 3071 admetiri

197 3083 289 3163 igitur
319 3085 461 3148 debemus
493 3086 574 3148 arcui
606 3083 763 3147 eccentrici
794 3083 885 3145 horas
917 3083 953 3144 de
985 3083 1169 3163 promotione
1194 3082 1297 3147 Solari
1329 3085 1530 3168 proportionali

198 3191 338 3247 numero,
372 3176 425 3235 sed
459 3175 639 3256 inaequales.
686 3171 770 3236 Nihil
800 3171 909 3233 attinet
941 3171 1015 3232 haec
1046 3172 1245 3255 inaequalitas
1277 3175 1425 3240 horarum
1455 3177 1530 3258 ipsius

196 3262 353 3324 ecceutrici
379 3283 499 3339 arcuum
524 3263 778 3345 inaequalitatem,
802 3268 834 3322 et
855 3258 889 3322 lit
909 3278 963 3339 per
980 3261 1130 3349 accidens,
1153 3270 1240 3324 utet
1264 3283 1391 3326 numero
1415 3276 1449 3329 et
1468 3276 1529 3328 tou-

195 3349 277 3430 poris
295 3352 430 3431 aequalis
446 3373 561 3413 suurma
576 3353 636 3414 iltis
651 3351 863 3430 respondeant.
902 3346 977 3412 Cum
1002 3368 1073 3430 ergo
1097 3369 1184 3412 uuam
1208 3370 1332 3414 causam
1355 3355 1529 3426 remittimus,

195 3438 372 3502 distantiam
395 3461 436 3503 sc.
461 3442 588 3504 alteram
620 3439 799 3513 retinemus,
833 3437 1032 3520 quantitatem
1064 3457 1169 3515 arcus,
1203 3440 1399 3505 dimidiamus
1430 3445 1528 3508 omnio

198 3530 422 3610 suprapositam
446 3532 620 3593 summulam
646 3527 841 3592 differentiae.

280 3620 356 3693 Ergo
372 3638 450 3676 arcus
466 3623 618 3684 eccentrici‚
634 3622 801 3691 respondens
816 3617 962 3690 quadranti
974 3624 1147 3688 coaequatae
1161 3618 1296 3688 superiori
1310 3627 1357 3676 est
1371 3613 1428 3678 91·
1442 3614 1528 3680 1’53”.

193 3698 221 3754 Si
253 3707 328 3756 totus
358 3703 525 3757 ecceutricus
557 3699 615 3758 360
644 3703 720 3755 valet
749 3716 889 3753 numerum
919 3699 1047 3752 horarum
1076 3698 1262 3771 inaequalium
1291 3689 1316 3756 2⁸
1349 3695 1384 3756 6⁰
1408 3698 1454 3768 9‘,
1481 3701 1528 3775 quil

197 3773 222 3835 1.
248 3773 273 3838 1.
294 3776 353 3835 531
394 3784 444 3837 R.:
467 3776 515 3836 21‘
537 3778 596 3838 41”
617 3764 666 3835 dm
687 3776 778 3836 50““.
819 3780 896 3850 Ergo
924 3779 957 3832 de
978 3778 1148 3848 promotione
1168 3778 1258 3834 Solari
1277 3784 1452 3851 respondent
1471 3780 1527 3838 arcti

193 3861 339 3918 essentem
362 3855 386 3919 t.
410 3859 435 3918 3.
457 3862 503 3918 tv.
526 3857 563 3919 52
585 3867 640 3931 (er
660 3864 712 3916 tre
731 3867 776 3916 sm
797 3861 911 3929 nows
931 3859 1110 3916 31032‘15‘¹
1136 3864 1238 3932 (quasa
1259 3870 1423 3931 possessa
1444 3863 1526 3922 sorau

95 4004 101 4011 ⁸
192 3965 228 3991 =
247 3943 295 3999 31⁰
313 3946 356 3998 53¹
375 3948 440 4009 56”,
468 3950 549 4013 dupl.:
577 3949 599 3997 l.
619 3946 644 3998 3.
665 3946 708 3997 tr.
729 3944 784 4008 52).
820 3943 859 3993 At
886 3937 1040 3995 anomaliae
1068 3939 1174 3995 mediae
1195 3940 1223 3993 h.
1248 3934 1326 3997 1.1.
1349 3937 1397 4000 31.
1422 3938 1458 3999 ll
1480 3942 1525 3997 (idi

193 4037 272 4075 arem
299 4022 446 4093 superioris
473 4021 519 4078 13.
541 4017 596 4085 22;
625 4039 674 4092 pro
700 4023 853 4092 quadrante
879 4019 940 4074 dim.
962 4013 1007 4076 21.
1030 4015 1076 4073 di.
1116 4020 1204 4075 Porro
1229 4037 1359 4077 uumerus
1381 4025 1524 4080 minutam

192 4100 363 4157 horariarum
383 4109 514 4173 estpars
536 4103 620 4157 tertia
646 4109 676 4155 et
702 4100 880 4173 sexagesima
904 4099 1009 4153 numeri
1035 4099 1199 4154 minutorum
1219 4103 1398 4172 aequatiouis
1419 4100 1522 4160 ecosnm

192 4181 280 4237 Ecce:
305 4177 330 4236 1.
357 4178 381 4238 i.
403 4178 439 4238 53
462 4199 524 4254 aeq.
546 4201 602 4237 eoc.
685 4183 781 4252 ltaque
802 4199 838 4235 ex
859 4179 969 4234 minutis
991 4180 1165 4250 aequatiouis
1185 4180 1306 4235 eceentri
1332 4183 1418 4239 facile
1439 4174 1521 4253 eupit

306 4256 474 4335 ’2οζᾟῖ
482 4279 577 4334 Τθηὶ,
686 4261 768 4330 hujus
789 4260 890 4315 tertiae
911 4258 999 4328 partis
1021 4260 1193 4330 aequatiouis
1214 4260 1345 4317 babetur.

221 4436 224 4449 Ι
356 4353 380 4416 i.
423 4353 590 4431 2sexages.

333 4451 378 4513 21.
400 4454 447 4514 40.

284 4613 529 4696 Comparatio
555 4613 789 4677 Variatiouis
813 4620 849 4674 et
871 4612 976 4692 hujus
1001 4613 1237 4694 aequatiouis
1262 4615 1455 4696 temporis.

283 4739 377 4800 Terra
399 4759 483 4802 sunm
514 4739 608 4820 ipsius
639 4757 745 4819 corpus
776 4736 872 4800 volvit
902 4737 1052 4809 cominus,
1084 4737 1200 4800 Lunam
1228 4737 1410 4820 circumagit
1431 4738 1522 4803 emunt

194 4847 247 4908 per
265 4828 397 4909 speciem
419 4829 465 4892 sui
484 4828 774 4909 corporisrotatam.
812 4829 846 4890 In
870 4832 995 4909 utroque
1012 4846 1101 4910 opere
1117 4825 1172 4891 Sol
1193 4827 1286 4893 mittit
1310 4826 1522 4913 ilti'snppetio

194 4919 248 4983 sed
271 4917 377 5003 quibus
399 4917 454 4983 illa
475 4917 569 4983 utitur
591 4917 738 4984 arbitratu
761 4936 825 4981 suo.
