3278 5550
564 307 626 363 rm
642 309 736 360 rarus
772 308 854 375 crpus
871 308 984 363 xxxru.
1384 302 1445 375 301

119 485 211 546 ondus
222 505 282 567 quo
295 487 420 568 lougius
442 496 533 550 exeat
546 487 584 549 ab
607 486 827 569 hypomochlio,
843 488 901 550 hoc
917 485 1002 550 reddi
1016 485 1233 565 ponderosius;
1259 505 1317 548 nou
1334 506 1367 548 se
1380 485 1448 567 ipso

119 575 148 634 ed
170 584 295 656 propter
317 577 461 641 uirtutem
483 577 598 640 bruchii
624 577 823 639 sustentantis
847 578 876 640 in
899 579 957 639 hac
981 575 1133 636 distantia.
1181 577 1329 657 Utrinque
1361 596 1449 638 nam-

119 683 159 735 ne,
185 673 216 726 et
239 665 321 726 hic'
312 687 344 727 ιιι
368 675 483 729 statera
507 687 565 729 seu
584 675 670 728 vecte
693 672 725 728 et
747 666 837 729 illic
830 687 860 728 ιιι
883 674 965 729 motu
987 665 1185 748 planetarum,
1210 666 1286 775 haec
1308 666 1450 729 debilitas

119 752 230 834 equitur
253 755 478 837 proportionem
501 755 722 818 distantiarum.

181 841 346 914 Quodnam
370 853 470 909 autem
493 864 600 925 corpus
624 845 654 906 in
679 853 782 906 centro
806 846 864 919 sit,
888 844 1056 917 nullumne,
1080 852 1113 905 ut
1136 845 1233 924 apud
1239 843 1448 924 Copemicnm,

119 931 214 993 nando
239 941 410 1014 computat,
442 942 474 996 et
495 935 574 1014 apud
598 935 771 1016 Tychonem
795 955 832 995 ex
855 941 959 1014 parte3
984 955 1023 994 an
1046 934 1156 1007 Terra,
1184 941 1226 996 ut*
1240 934 1320 1013 apud
1342 934 1450 995 Ptole-

119 1039 212 1083 aenm
237 1030 270 1084 et
293 1024 464 1106 Tychonem
488 1043 526 1085 ex
548 1033 634 1104 parte
642 1045 651 1099 ;
683 1043 721 1085 an
744 1024 871 1105 denique
896 1023 951 1085 Sol
975 1024 1056 1104 ipse,
1090 1023 1167 1103 qnod
1200 1023 1289 1097 mihi,
1319 1023 1398 1105 qnod
1421 1030 1459 1103 et&

119 1108 276 1192 opernioo,
300 1115 371 1175 dnm
395 1115 581 1195 speculatur,
604 1113 721 1194 placet:
746 1113 777 1174 id
799 1121 886 1193 parte
908 1113 1005 1192 prima
1028 1111 1195 1174 rationibus
1217 1113 1351 1194 physicis
1367 1112 1452 1193 coepi

119 1197 260 1263 incutere.
307 1202 352 1265 lbi
376 1203 510 1265 enimin
534 1202 748 1283 principiorum
771 1221 893 1264 numero
916 1202 1013 1282 posui,
1038 1201 1117 1282 quod
1136 1202 1288 1282 jamcap.
1313 1202 1450 1264 XXXII.

119 1306 131 1350 r
150 1291 298 1370 professo
322 1299 353 1353 et
366 1292 547 1372 geometrice
564 1292 802 1354 demonstratum
823 1299 884 1353 est:
909 1292 1062 1371 planetam
1081 1292 1195 1352 moveri
1212 1291 1361 1367 debiliter,
1385 1308 1452 1352 cum

119 1378 225 1440 'acedit
249 1400 269 1441 a
291 1390 413 1484 puncto,
435 1381 513 1443 unde
538 1381 603 1459 ejus
627 1388 816 1459 computatur
839 1380 1057 1442 eccentricitas

180 1467 232 1529 Ex
256 1469 314 1531 boc
337 1470 483 1551 principio
507 1478 733 1551 argumentatus
757 1490 822 1532 sum
849 1469 1060 1549 probabiliter,
1085 1469 1187 1531 Solem
1210 1488 1249 1550 po
1251 1468 1312 1535 tius
1339 1468 1369 1529 in
1398 1468 1452 1531 illo

119 1563 204 1618 uncto
230 1567 264 1620 et
286 1569 390 1621 centro
420 1560 521 1622 mundi
549 1576 633 1634 esse,
666 1561 716 1621 rel
738 1559 913 1622 Ptolemaeo
941 1559 1080 1633 Terram,
1113 1578 1201 1640 quam
1225 1557 1307 1619 aliud
1331 1548 1453 1662 aliquod

119 1654 238 1708 unctum
262 1667 387 1751 corpqre
411 1668 546 1710 vacuum.
595 1608 702 1710 Liceat
725 1668 795 1727 ergo
820 1649 912 1710 etiam
935 1648 992 1710 hoc
1015 1647 1128 1727 capite,
1160 1648 1398 1709 demonstrato
1384 1666 1451 1751 Jam

119 1742 198 1797 ostro
221 1737 390 1817 principio,
423 1739 503 1799 idem
526 1745 734 1817 argumentum
755 1738 912 1818 probabile
934 1745 1078 1817 repetere.
1125 1737 1242 1799 Deinde
1272 1735 1453 1811 memineris,

119 1842 141 1887 re
164 1824 396 1889 demonstrasse
420 1834 506 1908 parte
531 1827 678 1901 secunda,
710 1826 916 1907 phaenomena
939 1827 994 1888 sub
1016 1826 1148 1889 noctium
1172 1834 1309 1888 extrema
1331 1825 1454 1905 pulchre

119 1913 191 1995 iqui,
215 1915 245 1976 si
269 1916 475 1996 oppositiones
498 1916 609 1978 Martis
633 1935 699 1978 curn
722 1915 880 1996 apparenti
897 1916 979 1979 Solis
1003 1915 1033 1977 in
1056 1915 1215 1977 consilium
1238 1914 1452 1977 adhibeamus:

119 2021 152 2065 so
174 2003 260 2067 iacto
289 2004 380 2068 simul
403 2005 658 2068 eecentricitatem
681 2014 713 2067 et
731 2004 893 2067 distantias
917 2025 954 2065 en
978 2004 1044 2084 ipsu
1060 2004 1195 2085 corporis
1211 2005 1328 2068 Solaris
1351 2012 1454 2066 centro

119 2093 299 2169 struimus3
323 2101 358 2157 ut
380 2096 424 2156 ita
443 2098 560 2157 rursum
576 2095 630 2158 Sol
653 2095 718 2175 ipse
736 2095 766 2156 in
786 2103 920 2156 centrum
934 2093 1036 2156 mundi
1053 2092 1251 2173 (Copernico)
1271 2093 1318 2153 vel
1343 2094 1454 2156 saltem
1568 2098 1570 2103 ’

119 2200 131 2245 ι
157 2190 297 2244 centrum
328 2185 503 2265 systematis
537 2185 699 2263 planetarii
732 2183 897 2265 (Tychoni)
930 2184 1041 2244 veniat.
1095 2182 1156 2245 Sed
1188 2184 1293 2244 horum
1323 2182 1450 2244 duorum

119 2280 348 2352 rgumentorum
363 2269 490 2335 alterum
506 2274 611 2335 nititur
633 2274 852 2354 probabilitate
869 2273 1004 2354 physica,
1029 2272 1158 2334 alterurn
1180 2272 1317 2351 procedit
1330 2292 1349 2332 a
1362 2270 1455 2353 posse

119 2358 240 2423 desse.
280 2362 387 2443 Itaque
411 2363 502 2424 tertio
518 2364 549 2424 in
572 2371 662 2443 capnt
683 2364 749 2425 LII.
775 2362 889 2436 distuli,
915 2362 952 2423 ob
968 2370 1074 2441 captus
1088 2361 1303 2435 difficultatem,
1327 2362 1454 2423 demon-

119 2456 196 2513 hrc
215 2469 257 2510 ex
276 2451 457 2527 observatis,
481 2452 560 2533 quod
583 2454 647 2513 fieri
670 2453 758 2515 aliter
780 2470 838 2514 non
861 2453 969 2531 possit,
994 2451 1064 2530 quin
1087 2451 1242 2530 planetam
1261 2451 1454 2529 Martemad

120 2534 281 2619 ”centia
305 2539 387 2602 Solis
411 2541 479 2602 loca
502 2542 677 2616 referamus,
703 2551 733 2603 et
748 2542 861 2602 diamet
849 2548 926 2602 trum
951 2540 1097 2620 apsidum,
1125 2558 1200 2619 quae
1216 2522 1456 2619 bisecate'ecen7

121 2622 213 2703 b,
241 2625 340 2691 talem
352 2629 512 2692 'admittere
532 2629 668 2717 velimus,
693 2650 769 2711 quae
783 2629 865 2690 nullo
889 2637 977 2708 pacto
993 2650 1011 2690 a
1025 2628 1231 2708 parallaxibus
1256 2630 1336 2693 orbis
1364 2607 1456 2690 annui

119 2704 255 2779 'theut
296 2719 405 2798 Legat
408 2719 466 2780 hac
482 2720 519 2781 de
534 2738 576 2794 re,
600 2741 627 2781 ει
641 2740 707 2801 quis
722 2739 836 2781 moram
856 2720 915 2781 fert
902 2717 1152 2819 timpatieutius,
1168 2725 1258 2798 caput
1245 2719 1344 2793 t;LII
1362 2736 1454 2821 euque

119 2798 227 2893 ψ
202 2827 249 2868 src
272 2808 396 2869 tandem
418 2808 468 2871 hic
499 2768 624 2888 le'geirdo
647 2808 865 2889 progrediatur.
912 2808 996 2870 Nihil
1024 2807 1107 2868 enim
1132 2802 1172 2869 ibi
1200 2807 1363 2879 assumitur
1395 2806 1455 2869 nisi

119 2904 201 2959 mc
225 2895 466 2960 obseruationes.
514 2898 652 2961 Similem
675 2897 1003 2987 demonstrationem
996 2897 1130 3001 invenies
1162 2906 1263 2978 parte
1283 2897 1386 3003 quinta
1418 2914 1456 2957 ex

119 2978 297 3047 bucinum
316 2976 494 3069 rationibus.
1138 3024 1141 3029 -
1476 2994 1480 3001 '

155 3068 298 3136 Sole
289 3074 345 3154 rgit
346 3095 381 3137 ur
409 3076 439 3138 in
469 3083 602 3139 centrum
633 3083 780 3157 systemat
782 3076 808 3136 is
831 3082 1038 3154 competente,
1071 3075 1138 3136 iens
1168 3074 1290 3137 virtutis
1320 3073 1456 3136 motricis

119 3178 147 3225 rx
161 3164 224 3242 jam
249 3163 497 3227 demonstratis
490 3186 520 3227 ιιι
543 3166 645 3228 Solem
669 3172 835 3265 competet,
860 3183 927 3225 cum
950 3165 1067 3245 eipso
1092 3162 1123 3224 iu
1145 3170 1247 3226 centro
1270 3163 1371 3225 mnndi
1390 3164 1455 3244 jam
1480 3222 1487 3237 ,

119 3252 190 3313 nodo
208 3260 354 3332 repertus
378 3254 427 3316 sit.
474 3255 606 3318 Sanesr
630 3253 824 3334 hoc1psum,
855 3250 965 3341 quodj
969 3273 1017 3314 am
1041 3274 1058 3314 a
1081 3254 1243 3333 posteriori
1267 3255 1321 3325 (ex
1350 3254 1457 3316 obser-

119 3341 291 3414 vationibus)
315 3361 368 3421 per
391 3344 609 3424 longiusculam
632 3343 841 3426 deductionem
864 3336 1082 3416 demonstravi,
1116 3342 1142 3403 si
1171 3343 1281 3417 hoc,
1273 3361 1410 3424 mquam,
1439 3364 1458 3403 a

119 3429 196 3511 pieri
220 3432 275 3503 (ex
305 3431 454 3512 dignitate
484 3427 523 3496 et'
545 3434 734 3514 praestantia
757 3433 854 3507 Solis)
879 3432 1144 3495 demonstrandum
1175 3432 1392 3511 suscepissem,
1422 3438 1458 3501 nt

119 3516 184 3581 ilem
208 3520 251 3581 sit
273 3518 342 3581 fons
365 3521 446 3583 vitae
469 3523 571 3586 mnndi
595 3525 686 3602 (quae
715 3521 778 3583 rita
807 3522 837 3583 in
860 3531 942 3584 motu
971 3521 1102 3582 siderum
1127 3518 1308 3600 spectatur),
1333 3520 1382 3600 qui
1410 3527 1458 3582 est

122 3609 255 3682 streis,
288 3628 345 3690 quo
370 3611 466 3673 totins
489 3611 645 3673 machinae
669 3617 790 3672 constat
813 3620 953 3685 ornatus,
986 3612 1035 3690 qui
1059 3609 1164 3670 itidem
1187 3619 1218 3671 et
1240 3610 1366 3683 caloris,
1399 3628 1456 3689 qno

123 3697 206 3773 unia
229 3707 424 3791 vegetantem
457 3709 529 3781 puto
553 3707 600 3763 me
610 3700 728 3804 ‘aequis
753 3701 875 3763 auribus
899 3699 995 3761 audiri
1018 3699 1173 3761 meruisse.
1220 3699 1333 3760 Videat
1357 3705 1456 3759 autem

123 3780 172 3865 hee
194 3787 299 3868 Tycho
322 3780 470 3865 Braheus,
495 3811 547 3853 sen
571 3791 638 3871 quis
662 3789 781 3890 estqui
806 3789 887 3852 illius
911 3789 1081 3869 generalem
1104 3788 1283 3870 hypothesin
1307 3788 1456 3848 secundae

124 3870 334 3957 inaequalitatis
358 3878 442 3958 sequi
465 3880 566 3954 malit,
596 3899 654 3960 qua
677 3877 741 3940 veri
765 3878 865 3959 specie
888 3879 965 3940 hanc
988 3878 1142 3959 physicam
1166 3877 1397 3940 concinnitatem
1421 3896 1458 3937 ex

125 3965 267 4041 potissima
294 3973 382 4046 parte
414 3977 564 4050 receptam
589 3970 673 4042 (nam
704 3976 735 4029 et
764 3968 821 4049 ipsi
852 3987 906 4048 per
938 3967 1162 4046 usurpationem
1194 3966 1253 4028 loci
1284 3965 1457 4047 apparentis

128 4049 191 4115 Solis
219 4054 274 4117 Sol
303 4055 443 4117 recidit
435 4077 465 4119 ιιι
489 4066 622 4121 centrum
626 4057 821 4141 systematis
844 4056 1020 4137 planetarii)
1039 4064 1125 4141 parte
1149 4077 1208 4118 nna
1231 4056 1339 4118 iterum
1361 4076 1380 4115 a
1404 4074 1459 4115 sua

127 4136 268 4223 hypothesi
287 4143 429 4225 repellat

197 4232 320 4295 Etenim
344 4252 382 4309 ex¹
405 4236 494 4298 dictis
517 4243 659 4323 apparet,
691 4235 819 4298 alterum
843 4234 960 4296 omnino
985 4234 1086 4314 sequi.
1121 4242 1184 4294 aut
1207 4240 1245 4294 ut
1267 4208 1391 4292 virtus
1421 4231 1459 4293 in

128 4315 199 4384 Sole
223 4323 424 4400 residens,
452 4345 545 4407 quae
567 4326 749 4407 planetas
773 4343 900 4386 omnes
923 4331 1059 4397 movet,
1091 4323 1216 4384 eadem
1240 4330 1276 4381 et
1299 4316 1457 4382 Terram

127 4422 275 4487 porcat:
299 4420 364 4475 aut
386 4414 514 4490 utSol,
539 4413 674 4494 illique
697 4415 852 4493 persim
878 4434 979 4474 suam
1001 4413 1192 4474 matricem
1217 4411 1458 4472 concatenati

125 4498 297 4577 planetae,
318 4523 338 4563 a
359 4501 503 4569 virtute
526 4503 666 4585 aliqua,
684 4523 775 4585 quae
799 4502 1003 4563 inTellure
1028 4502 1169 4577 se'deat,
1193 4501 1457 4569 circaTerram

125 4591 308 4656 vehantur.
335 4574 363 4635 ²¹

194 4682 279 4747 Nam
300 4680 471 4742 realitatem
488 4680 602 4743 orbium
625 4680 780 4761 Tycho'
771 4700 837 4760 rpse
860 4680 929 4740 dest
916 4679 1024 4754 trunit3
1048 4677 1181 4740 vicissim
1204 4676 1260 4757 ego
1280 4684 1457 4758 aequantem

119 4768 246 4845 inSolis
270 4789 327 4833 seu
349 4771 462 4832 Terrae
485 4770 603 4831 theoria
626 4788 694 4830 esse
724 4769 834 4831 invicte
853 4768 1146 4852 demonstravihac
1175 4775 1261 4847 parte
1290 4767 1396 4828 tertia:
1421 4785 1458 4826 ex

119 4880 167 4946 quo
189 4862 345 4949 seqnitur,
378 4859 472 4941 ipsius
494 4877 610 4945 quoqne
633 4857 731 4936 Solis,
765 4858 800 4922 si·
815 4864 965 4951 rpqvetur,
999 4856 1113 4932 intendi
1135 4863 1167 4918 et
1180 4855 1308 4925 ,remitti
1334 4862 1457 4941 motum,
