3278 5550
540 296 603 351 Pur
620 296 715 352 Tertia
752 301 834 369 caput
849 302 965 357 mm.
1364 297 1429 367 291

109 493 180 537 emus
203 482 305 538 autem
329 476 366 539 do
389 477 575 557 longitudine
603 477 698 557 ipsius
725 502 772 556 αη
807 479 996 559 potissimum
1023 478 1285 542 observationibus
1309 473 1333 552 ζ,
1354 501 1378 558 y,
1393 482 1428 553 θ,
1542 554 1547 565 Ι

107 585 148 625 am
178 566 271 627 etiam
300 566 332 628 in
359 567 475 645 vulgari
507 567 623 628 ratione
647 569 835 630 mensurandi
860 569 1021 631 distantias
1044 588 1142 632 rerum
1167 569 1197 630 in
1222 569 1335 640 Terra,
1372 587 1429 647 quo

107 654 194 733 lugius
227 655 396 718 distiteriut
417 676 437 716 a
460 676 493 716 so
516 665 617 719 mutuo
642 660 804 731 stationes,
830 659 886 719 hoc
910 652 1021 720 ce'rtius
1044 658 1173 720 habetur
1196 657 1273 735 sigui
1292 656 1427 719 remotio.

107 763 116 804 ι
145 744 208 804 loco
240 762 313 805 vero
345 744 402 806 sub
424 745 547 808 zodiaco
572 744 726 808 credemus
750 747 849 826 potius
874 746 1044 809 observatis
1067 747 1095 808 in
1120 752 1190 821 a‚d,
1223 745 1340 825 quiesi
1365 747 1430 825 quis

107 840 127 893 st
147 834 314 895 errorcnlus
338 833 367 894 iu
389 833 575 912 longitudine
599 857 652 912 αη,
677 835 702 897 is
727 835 803 898 visui
826 835 856 897 in
880 858 904 909 a,
926 842 943 897 d
966 836 1124 898 admodum
1148 835 1266 916 oblique
1291 834 1430 915 objicitur

107 940 131 982 ec
157 922 298 1001 angulum
329 923 482 985 evidenter
511 931 617 986 mutat.

162 1010 227 1072 Nec
255 1011 327 1072 illud
351 1012 601 1086 obliviscendum,
627 1012 723 1092 ipsam
747 1034 791 1090 αη
813 1012 892 1073 intra
912 1013 1042 1095 spatium
1066 1032 1209 1075 annorum
1233 1010 1263 1087 7,
1287 1010 1325 1074 ab
1350 1031 1428 1073 auno

107 1099 192 1161 :ilicet
227 1096 310 1163 1583
340 1101 371 1162 in
402 1098 501 1171 1590,
530 1101 602 1163 nihil
630 1101 803 1182 prolongari
834 1101 1018 1164 sensibiliter
1041 1103 1078 1164 ob
1103 1102 1212 1182 aphelii
1236 1120 1429 1181 progressum

107 1188 292 1250 udissimum.

161 1277 295 1339 Summa.
341 1276 431 1340 Auno
458 1275 542 1343 1590
566 1279 595 1341 d.
621 1277 674 1343 31.
700 1278 770 1342 Oet.
795 1280 824 1341 h.
850 1273 911 1359 6¹1,
938 1299 1024 1342 mane
1049 1280 1134 1341 Mars
1158 1285 1241 1339 motu
1260 1276 1428 1339 eccentrico

108 1366 129 1427 it
151 1367 179 1427 in
205 1364 244 1429 8⁰
271 1366 320 1432 19‘
344 1366 408 1430 20¹¹
433 1378 481 1454 op,
514 1388 580 1430 cum
611 1378 774 1448 reponatur
797 1388 850 1448 per
872 1369 1053 1451 hypothesin
1078 1387 1115 1430 ex
1139 1366 1326 1448 acrouychiis
1350 1384 1426 1428 con-

108 1456 210 1517 itutam
235 1457 265 1517 iu
288 1455 328 1520 8⁰
353 1453 404 1520 19¹
427 1455 492 1522 29“
515 1469 557 1545 lp.
604 1458 761 1519 Distentis
784 1459 849 1538 ejus
876 1456 1019 1534 160180,
1049 1477 1125 1540 quae
1148 1455 1356 1536 prolonganda
1380 1463 1428 1517 est

108 1545 333 1699 [filgigudinem
357 1558 391 1608 ut
412 1548 467 1609 fiat
488 1567 526 1608 ex
550 1566 586 1608 ea
610 1546 704 1626 ipsius
727 1548 860 1627 corporis
879 1548 989 1610 Martis
1013 1568 1032 1609 a
1055 1555 1158 1610 centro
1181 1543 1263 1607 Solis
1280 1543 1427 1613 distantia

108 1657 112 1691 ι
227 1645 355 1700 circiter.

172 2207 346 2269 methodos
368 2207 552 2270 casmenas·
574 2207 747 2270 distantiae
770 2205 858 2269 Solis
879 2215 909 2270 et
933 2207 1055 2269 Terrae
1077 2225 1118 2268 ea
1140 2206 1318 2288 coemtione
1389 2255 1396 2261 .

623 2297 872 2359 eccentricitatia.

154 2435 243 2497 Satis
268 2437 372 2516 opinor
395 2436 600 2500 confirmatum
624 2446 680 2511 est,
706 2437 868 2500 distantias
891 2436 972 2499 Solis
996 2443 1028 2496 et
1046 2436 1156 2496 Terrae
1177 2434 1375 2497 exstruendas
1390 2453 1428 2496 ex

109 2524 276 2586 nidiatione
312 2526 545 2588 eccentricitatis
578 2548 597 2586 a
619 2527 758 2608 Tychone
790 2536 946 2605 repertae,
986 2524 1064 2605 quod
1094 2524 1186 2585 etiam
1219 2543 1257 2584 ex
1289 2522 1427 2585 diametri

109 2614 150 2675 δι
171 2614 295 2674 aestiva
318 2624 349 2677 et
371 2616 497 2677 hiberna
520 2616 729 2677 observatione
750 2616 853 2679 crebro
869 2617 1069 2682 confirmatur,
1094 2623 1126 2674 ut
1143 2613 1171 2673 in
1184 2611 1296 2691 Optica
1310 2612 1423 2673 Astro-

109 2702 181 2764 u'ae
220 2714 307 2783 parte
336 2705 454 2766 ostendi
487 2705 586 2785 capite
616 2707 673 2768 XI.
735 2705 797 2768 Sed
830 2713 861 2765 et
888 2705 1069 2787 Mystorio
1103 2701 1426 2780 Cosmographico

109 2788 187 2855 lance
229 2794 418 2855 confirmatur
452 2815 516 2875 cap.
539 2795 611 2856 XV.
641 2797 692 2856 fol.
726 2793 768 2859 53
794 2800 910 2863 (1157)
941 2794 970 2854 in
1001 2792 1163 2860 laterculo,
1198 2791 1249 2851 ubi
1279 2789 1424 2869 prostha-

109 2900 231 2943 laereses
255 2883 382 2957 Martis,
419 2884 562 2959 Veneris,
594 2885 734 2945 Mercurii
764 2885 942 2963 interpositu
965 2882 1095 2944 Lunaris
1125 2880 1206 2942 orbis
1237 2878 1425 2952 deficiebant,

109 2970 228 3033 u'ssioue
258 2973 323 3050 ejus
352 2973 548 3034 excedebant.
595 2974 665 3034 Jam
692 2974 784 3052 igitur
811 2983 929 3035 retento
961 2971 1032 3033 orbe
1056 2971 1177 3046 Lunae,
1215 2968 1332 3031 bisecta
1354 2987 1425 3029 vero

109 3061 296 3122 ceutricitate
321 3060 419 3135 Solis,
444 3082 532 3141 quam
556 3064 688 3141 proxime
708 3064 810 3141 justae
834 3062 1020 3142 provenient.

155 3152 257 3229 Atque
282 3150 361 3212 idem
384 3169 471 3230 porro
496 3152 617 3232 saepius
641 3153 792 3232 multoque
816 3152 982 3214 clarissime
1007 3146 1238 3216 confirmabitur,
1262 3146 1312 3208 ubi
1335 3164 1424 3208 usur-

109 3238 188 3300 tioue
224 3240 328 3301 harum
362 3240 574 3302 distantiarum
608 3260 645 3301 ex
676 3241 841 3302 bisectioue
866 3239 1074 3320 prodeuntium
1113 3238 1162 3311 (ut
1190 3236 1255 3315 jam
1287 3235 1423 3315 proximo

110 3327 166 3406 pite
191 3331 348 3407 coeptum)
368 3329 529 3391 viderimus
553 3330 760 3408 phaenomena
784 3332 878 3412 sequi.
926 3328 1026 3400 Quare
1056 3335 1089 3390 ut
1116 3327 1173 3387 hee
1197 3325 1361 3387 distantiae
1385 3324 1425 3385 ad

110 3424 181 3478 turos
207 3437 278 3478 usus
302 3419 389 3479 nobis
412 3419 442 3480 in
465 3429 584 3498 promtu
608 3419 677 3494 sint,
702 3420 825 3491 docebo,
851 3419 997 3501 quomodo
1011 3418 1099 3479 facile
1115 3414 1281 3495 computari
1294 3413 1424 3494 possint,

110 3507 252 3568 emetrica
277 3507 535 3568 demonstratione
559 3528 640 3570 usus.

156 3597 190 3657 lu
224 3596 305 3657 linea
337 3601 380 3658 ad
408 3602 473 3669 (lig.
494 3601 541 3664 8³)
571 3597 613 3658 sit
642 3620 662 3658 α
697 3614 805 3676 corpus
835 3597 918 3660 Solis
954 3595 1017 3668 (vel
1051 3594 1161 3656 Terrae
1191 3590 1344 3673 Tychoni‚
1374 3590 1425 3652 vel
1536 3585 1540 3592 ’

112 3692 204 3746 etrum
234 3685 386 3749 affimnis
418 3686 544 3767 epicycli
573 3687 785 3759 Ptolemaeo):
817 3689 837 3762 β
865 3693 1000 3747 centrum
1030 3679 1091 3761 ζόη
1123 3680 1282 3743 eccentrici
1311 3681 1424 3740 Terrae

112 3773 135 3833 el
156 3773 240 3837 Solis
265 3784 296 3836 et
318 3775 400 3836 orbis
429 3775 519 3837 annui
543 3776 693 3857 Tychoni‚
727 3776 774 3836 vel
800 3775 926 3857 epicycli
949 3773 1157 3845 Ptolemaeo):
1189 3778 1221 3831 et
1250 3769 1425 3831 continuata

110 3863 221 3925 lsecet
245 3865 446 3925 ecceutricum
470 3863 499 3924 in
523 3869 549 3938 d,
574 3888 596 3937 a,
623 3865 666 3925 sic
690 3875 723 3925 ut
747 3871 764 3926 d
787 3865 828 3926 sit
855 3863 1008 3944 aphelium
1031 3863 1079 3922 vel
1103 3877 1279 3941 apogaeum,
1303 3882 1317 3919 a
1340 3857 1424 3939 peri-

110 3950 179 4013 rlium
204 3972 257 4013 seu
281 3953 473 4034 perigaeum:
499 3963 530 4014 et
553 3955 606 4014 fiat
628 3954 687 4033 ipsi
710 3956 754 4028 αβ
777 3953 912 4035 aequalis
928 3955 982 4031 βγ,
1008 3951 1106 4032 sitque
1130 3972 1145 4029 γ
1166 3957 1300 4010 centrum
1324 3954 1424 4007 motus

110 4041 354 4122 inaequalitatis,
380 4038 459 4121 a'pud
483 4044 563 4124 quod
586 4042 679 4104 Terra
703 4042 747 4114 (in
770 4043 947 4104 Ptolemaeo
971 4048 1105 4104 centrum
1129 4037 1271 4120 epicycli,
1306 4036 1335 4096 in
1360 4034 1423 4115 Ty-

111 4146 164 4191 roue
180 4130 234 4192 Sol
258 4139 290 4192 et
312 4139 454 4211 punctum
477 4132 627 4194 affixionis
651 4131 884 4193 eecentricornm
908 4131 1053 4203 omnium)
1078 4128 1254 4209 aequalibus
1277 4124 1424 4205 tempori-

111 4237 134 4277 ιι
151 4221 291 4300 aequales
315 4221 443 4299 angulos
466 4221 630 4283 constituit
669 4220 774 4302 Sitque
793 4245 834 4299 ay
857 4241 895 4281 ex
918 4219 1087 4283 observatis
1102 4217 1253 4299 Tychonis
1269 4221 1301 4276 et
1318 4214 1424 4275 Laud-

111 4306 295 4373 111360οι
321 4311 366 4387 αβ
391 4328 460 4370 vero
484 4311 646 4372 secuudum
669 4329 767 4372 meam
789 4309 986 4372 mutationem
1008 4310 1156 4371 hactenus
1185 4306 1425 4366 demonstratam

111 4392 127 4453 it
144 4396 232 4462 1800.
271 4400 392 4478 Agatur
415 4408 516 4460 autom
539 4419 592 4480 per
615 4426 635 4462 α
658 4400 715 4480 ipsi
732 4405 768 4460 da
792 4398 1047 4479 perpendicularis
1071 4393 1124 4474 ζη,
1149 4414 1257 4457 secans
1281 4392 1425 4456 circulum
1514 4440 1522 4457 .

111 4480 198 4563 qu3
221 4507 275 4568 per
299 4487 378 4550 idern
401 4507 507 4550 veroa
531 4490 657 4550 ducatur
681 4496 764 4549 recta
778 4494 828 4563 θι,
852 4489 1117 4568 quomodocunque
1137 4484 1291 4558 inclinata,
1318 4501 1424 4544 secans

111 4569 344 4640 bmlerentian
376 4576 406 4637 in
429 4583 463 4651 0,
487 4604 496 4639 ι
504 4599 513 4653 ;
547 4588 578 4639 et
610 4585 825 4641 connectantur
858 4586 984 4659 quatuor
1013 4584 1126 4658 puncta
1149 4579 1190 4649 0,
1214 4599 1236 4649 ι,
1262 4568 1329 4650 ζ,η
1359 4590 1425 4632 cum

111 4672 179 4727 mtto
199 4668 226 4742 β.
274 4666 323 4729 Sit
355 4667 455 4727 autem
478 4676 511 4728 et
533 4667 590 4728 hoc
621 4668 706 4728 initio
739 4668 889 4747 positum,
920 4667 979 4728 etsi
1002 4668 1098 4728 Terra
1122 4663 1192 4737 (Sol
1216 4662 1263 4723 vel
1286 4662 1425 4741 planeta)

111 4754 238 4831 simliter
261 4763 398 4817 moretur
422 4755 530 4836 circay
553 4756 679 4837 ideoque
703 4756 901 4838 inaequaliter
924 4757 1005 4819 circa
1019 4758 1049 4833 β,
1071 4763 1173 4816 tamen
1196 4769 1317 4815 manere
1342 4749 1425 4810 illam

112 4839 220 4907 loirculi
239 4845 311 4923 exli
334 4842 478 4926 descripti
501 4845 752 4933 circumferentia.
791 4847 850 4913 Per
870 4844 1133 4929 aequipollentiam
1149 4850 1249 4904 autem
1267 4840 1367 4922 capite
1381 4838 1424 4900 Π.

1157 4943 1214 5000 is·
