3278 5550
145 311 211 387 uae
313 272 316 278 “
813 322 978 393 enm

233 501 355 582 Conjice
378 503 408 564 in
431 486 687 565 unam'summam
712 486 952 566 semidiametros
975 503 1175 581 luminarium,
1195 501 1375 585 parallaxiu
1391 501 1474 564 Lunae

143 591 356 654 horizontelem
380 599 413 654 et
435 593 591 656 semissem
615 592 651 653 de
674 593 824 672 parallaxi
843 593 925 658 Solis
949 593 1158 667 horizontalis,
1181 592 1369 656 conflabitur
1384 610 1476 656 summ

143 681 427 744 semidiametrorum
451 682 526 746 disci
549 689 581 743 et
603 682 796 761 penumbree.

667 825 868 888 Theerema
889 824 962 888 XII.

142 929 362 992 Parallaxis
390 930 515 993 Lunae
553 929 806 993 horizontalis
843 931 876 993 iu
914 932 1080 1013 quolibet
1111 937 1253 1011 puncto
1286 927 1473 994 distantiae

193 1020 290 1100 ejus
326 1020 487 1082 aTerra
524 1021 695 1101 aequalis
732 1028 800 1083 est
838 1021 1114 1084 semidiametro
1153 1019 1271 1083 disci
1299 1021 1443 1083 Terrae

699 1111 935 1189 apparenti

228 1198 307 1261 Nam
345 1198 414 1280 quia
445 1197 667 1277 proportionem
696 1200 864 1279 quaerimus
893 1200 1180 1263 semidiametrorum
1209 1198 1289 1260 disci
1319 1198 1425 1260 Terrae
1451 1204 1474 1254 et

142 1288 339 1370 perumbrae‚
369 1289 495 1366 angulos
515 1287 621 1361 etiem,
658 1289 765 1368 quibus
796 1298 920 1370 utraque
949 1298 1087 1371 apparet,
1125 1289 1234 1351 eodem
1264 1288 1332 1350 loeo
1354 1282 1473 1348 constitui

143 1384 271 1458 oportet.
323 1376 417 1458 Atqui
445 1376 624 1456 perumbrae
655 1389 687 1439 et
722 1378 844 1440 umbrae
873 1378 999 1457 angulos
1027 1379 1198 1441 necessarie
1233 1374 1434 1440 constituimus
1450 1373 1473 1433 iu

33 1526 39 1538 ,
142 1468 242 1540 Luna,
273 1466 381 1546 quippe
411 1485 429 1525 a
457 1484 516 1545 qua
544 1466 688 1531 dilatatur
715 1466 880 1546 penumbra
910 1468 1046 1542 (MKN).
1093 1465 1195 1538 Quare
1229 1467 1323 1529 etiam
1353 1462 1473 1527 semidie-

144 1567 238 1619 meter
262 1555 337 1617 disci
361 1556 472 1615 Terrae
495 1554 674 1617 subtendere
704 1556 795 1618 debet
817 1558 957 1637 angulum
980 1558 1010 1619 in
1035 1559 1130 1620 Luna.
1178 1555 1224 1618 Ae
1247 1574 1337 1638 quem
1359 1554 1387 1615 iu
1407 1551 1475 1614 Luna

143 1644 299 1708 suliteudit
331 1644 554 1706 semidiameter
582 1644 693 1707 Terrae
723 1646 878 1725 angulum,
911 1647 938 1709 is
970 1654 1019 1709 est
1050 1647 1243 1728 parallaxeos
1271 1645 1377 1708 Lunae
1408 1639 1473 1703 bori-

141 1735 279 1797 zoutalls.
1057 1793 1062 1804 ,

658 1824 868 1886 Thoorema
888 1823 977 1886 XIII.

143 1930 280 1993 Lineae
314 1938 431 1992 motus
462 1928 764 2008 longitudinis)
790 1951 810 1990 a
833 1927 873 2008 Θ
903 1931 960 1992 vel
988 1930 1205 1993 latitudinis
1235 1928 1278 1990 ab
1308 1925 1473 2008 ecliptica

141 2020 176 2081 in
210 2021 360 2101 planum
393 2018 488 2081 disci
517 2019 652 2081 Terrae
690 2018 895 2098 projectae,
940 2028 1029 2082 suut
1056 2020 1120 2082 sub
1149 2018 1300 2100 augulis
1331 2016 1365 2080 iu
1392 2016 1475 2079 Luna

141 2110 420 2191 proportionem
443 2127 519 2169 eam
538 2107 764 2170 habentibus
784 2108 827 2170 ad
846 2109 1017 2189 angulos,
1043 2109 1173 2190 quibus
1194 2107 1302 2189 ipsae
1321 2106 1478 2167 videutur

209 2217 254 2261 ex
282 2199 414 2275 Terra,
450 2217 546 2279 quae
575 2206 637 2259 est
669 2216 808 2259 summa
837 2197 1082 2277 parallaxeon
1113 2198 1237 2260 Lunae
1265 2194 1425 2260 etSolis

517 2287 563 2348 ad
592 2286 815 2367 parallaxin
839 2286 963 2349 Lunae
993 2287 1122 2351 solam.

234 2378 268 2438 Iu
292 2376 445 2438 schemate
469 2374 499 2439 2.
525 2374 565 2437 sit
587 2377 603 2439 I
625 2383 765 2457 punctum
790 2375 906 2438 orbitae
931 2377 1033 2437 Lunae
1058 2376 1226 2454 subjectum
1250 2374 1419 2457 eclipticae,
1442 2368 1475 2433 II

144 2485 232 2529 arcus
257 2465 441 2539 latitudinis,
478 2467 603 2528 ducatur
626 2466 683 2528 AL
707 2473 738 2526 et
761 2465 950 2527 continuetur
972 2465 1001 2527 in
1026 2467 1050 2528 Z
1071 2474 1215 2547 puuctum
1239 2464 1268 2526 iu
1292 2463 1384 2545 plano
1405 2456 1474 2523 disci.

144 2556 203 2617 Est
238 2554 329 2635 igitur
355 2563 390 2616 ut
412 2557 458 2618 AI
486 2556 523 2616 ad
547 2553 603 2628 IL,
638 2555 681 2616 sic
703 2554 760 2617 AB
784 2554 822 2617 ad
846 2554 909 2617 BZ.
962 2551 1024 2616 Sed
1052 2555 1108 2619 AB
1132 2561 1180 2617 est
1202 2553 1243 2616 ad
1265 2546 1474 2633 A1utpsrd

141 2643 219 2706 laxis
241 2646 268 2718 )
294 2652 325 2706 et
349 2640 388 2722 Θ
414 2645 451 2706 ad
475 2644 643 2726 parallaxiu
667 2644 771 2706 Lunae
795 2643 973 2718 solitariam,
998 2663 1027 2726 q.
1052 2663 1076 2706 e.
1102 2644 1130 2707 d.

667 2803 870 2865 Problema
894 2805 965 2865 VII.

561 2910 757 2973 Horarium
780 2909 853 2973 rite
878 2910 1069 2991 ampliare.
1493 2958 1499 2968 ..

231 3000 393 3064 Dividetur
415 2999 580 3087 parallaxis
603 3001 629 3072 b
655 3018 709 3080 per
731 2999 901 3080 paralluxIn
927 2997 978 3078 Θ,
1003 2997 1140 3080 quotiens
1164 2992 1285 3057 dividat
1307 2988 1468 3080 aroumlati·
1494 3001 1499 3057 i

145 3089 257 3152 tudinis
281 3090 328 3153 vel
352 3089 503 3151 horarium
527 3088 630 3152 Lunae
656 3096 688 3151 et
711 3088 759 3150 bic
784 3089 921 3170 quotiens
945 3089 1102 3170 adjiciatur
1125 3084 1191 3147 toti.
1491 3108 1493 3113 ·

664 3248 866 3312 Theorema
886 3249 977 3312 XIV.

144 3357 293 3419 Duobus
322 3355 482 3417 circulis
511 3355 611 3417 iuter
639 3374 676 3415 se
708 3355 967 3434 inaequalibus
996 3374 1032 3416 se
1061 3358 1182 3414 mutuo
1204 3338 1495 3419 secantibus,ei·

143 3457 247 3510 recta
268 3465 335 3526 per
357 3454 488 3508 centra
510 3444 707 3526 utriusque
732 3444 842 3506 ducta
865 3454 903 3506 et
921 3442 1150 3505 continuata
1170 3440 1213 3500 ad
1230 3437 1499 3501 circumferor-w

144 3536 418 3616 tiasutriuque
452 3543 557 3597 secta
593 3534 708 3596 luerit
736 3552 799 3614 per
827 3544 968 3597 rectam
991 3529 1203 3594 sectionum
1227 3525 1465 3624 circumiereq·

143 3627 298 3688 tiarum:
338 3625 523 3707 siquidem
563 3631 732 3685 centrum
768 3622 922 3684 mineris
962 3620 1074 3684 fuerit
1109 3620 1142 3682 in
1182 3617 1465 3680 circumferente

142 3715 314 3796 majoris,
346 3715 564 3795 quadratum
602 3711 871 3775 semidiametri
900 3710 1055 3773 minoris
1086 3707 1267 3788 aequabit
1299 3713 1465 3781 reetaugu·
1494 3763 1497 3768 .

187 3806 256 3867 lum
281 3804 345 3866 sub
369 3812 452 3866 tota
476 3805 664 3867 diametro
687 3800 820 3880 majori
843 3808 880 3862 et
907 3801 990 3881 ejus
1014 3804 1205 3879 segmento
1230 3794 1363 3858 minori
1384 3808 1440 3874 per
1483 3819 1499 3913 ιν

564 3900 708 3955 rectam
732 3889 939 3952 sectionum
965 3890 1073 3950 lacto.
1258 3935 1262 3941 .
1485 3918 1490 3965 f

684 3977 733 4041 Sit
764 3978 890 4041 circulus
919 3978 1014 4058 major
1034 3975 1138 4050 ΑΚΝ,
1162 3992 1248 4056 quem
1282 3979 1368 4036 secet
1387 3967 1465 4035 utun
1494 3997 1499 4034 r

594 4078 697 4130 centro
727 4068 757 4130 A
786 4069 814 4130 in
845 4067 1083 4130 circumferentia
1113 4064 1238 4144 majoris
1269 4072 1391 4124 stante:
1420 4073 1467 4118 see·
1496 4069 1499 4126 *j

592 4158 691 4237 tiones
715 4157 776 4219 sint
795 4157 833 4231 V,
849 4158 890 4232 X,
916 4167 948 4219 et
970 4176 1024 4237 per
1045 4174 1096 4216 eas
1120 4155 1247 4216 ducatur
1268 4162 1363 4223 recta,
1388 4158 1467 4211 secet·

595 4246 715 4328 ductam
739 4265 793 4327 per
816 4255 919 4308 centra
941 4245 978 4321 E,
997 4247 1038 4320 A,
1063 4253 1095 4309 et
1117 4243 1326 4320 continuatam
1348 4238 1384 4301 ad
1405 4224 1468 4309 B.I

594 4335 869 4398 circumferentias:
909 4335 1002 4399 sectio
1040 4333 1081 4395 sit
1109 4331 1149 4395 D.
1202 4330 1280 4393 DIco
1318 4327 1468 4411 quadrato!

423 4440 425 4452 ·
507 4493 508 4496 ¹
594 4424 809 4487 semidiametri
841 4425 963 4491 minoris
991 4425 1047 4487 AB
1078 4419 1200 4501 aequari
1230 4416 1404 4497 rectaugulo
1429 4408 1469 4475 sel

593 4511 649 4575 YA
673 4520 705 4574 et
726 4513 795 4575 AD.
821 4545 861 4555 —
888 4511 1092 4576 connectatur
1115 4529 1143 4572 u.
1167 4517 1305 4571 centrum
1327 4507 1357 4569 Δ
1378 4490 1474 4567 cumd-

595 4603 738 4664 sectinne.
786 4598 865 4672 Quia
896 4598 987 4683 igitur
1016 4599 1073 4680 ipsi
1101 4599 1156 4661 AB
1186 4596 1323 4679 aequalis
1352 4602 1399 4656 eet
1418 4586 1468 4657 AI·

148 4724 152 4728 ²
595 4701 627 4754 et
649 4691 709 4754 DX
731 4692 985 4771 perpendicularis
1010 4691 1053 4752 ad·
1072 4688 1141 4763 AY,
1165 4676 1225 4749 'erit
1244 4693 1280 4747 ot
1299 4685 1358 4749 DA
1378 4668 1468 4745 e'dAI

148 4787 192 4857 nia
207 4786 271 4849 Ax
294 4778 332 4840 ad
347 4778 415 4841 AY.
453 4783 486 4844 Iu
499 4780 772 4862 proportionalibus
791 4797 861 4843 vero
881 4780 1019 4843 continue
1043 4776 1223 4860 quadratum
1243 4774 1362 4853 mediae
1381 4768 1467 4854 aeq&

147 4870 352 4958 recteugulum
375 4869 430 4934 sub
452 4864 615 4948 extremis,
637 4888 668 4954 q.
692 4888 718 4932 e.
742 4869 771 4934 d.
1176 4892 1195 4949 ,-
