3278 5550
207 256 270 327 176
686 261 727 316 De
743 261 852 315 Motibus
871 260 965 315 Stellae
982 262 1070 316 Mares

205 448 238 505 et
267 441 359 506 aliter
382 440 500 523 quidem
524 439 732 520 explicandum
756 459 793 502 ex
817 438 983 503 Pnrbachio
1009 439 1171 503 secundum
1195 436 1377 503 Aristotelis
1399 436 1533 521 principia

205 532 295 595 aliter
321 530 412 595 etiam
436 530 647 612 ex.Tychone.
729 578 732 583 <
1435 575 1437 578 ι

294 620 490 684 Ptolemaeus
517 619 611 688 nudos
640 618 725 680 nobis
755 619 845 680 hosce
877 617 1004 682 circulos
1032 617 1206 700 descripsit,
1251 617 1358 699 quales
1387 616 1533 698 geometri

208 709 380 773 observatis
411 709 564 790 applicata
595 708 718 770 indicat
769 707 955 770 Purbachius
988 707 1106 769 modum
1131 706 1302 780 constituit,
1326 726 1384 788 qno
1410 706 1533 771 decem

206 807 319 873 rentur,
331 808 464 862 -sectttus
486 797 697 872 Aristotelem,
721 797 770 877 qui
793 798 849 859 hoc
873 797 982 858 idem
976 816 1004 857 ιιι
1028 796 1146 858 Eudoxi
1170 804 1202 858 et
1218 795 1337 876 Calippi
1351 793 1533 876 geometrica

205 888 443 973 suppositiones,
480 887 586 969 quibus
620 886 832 948 astronomiam
863 887 1068 957 tradiderant,
1104 886 1278 948 attentavit.
1301 881 1343 959 ²⁷)
1376 885 1454 949 Cum
1477 885 1533 948 enin

206 987 344 1039 auctores
377 978 422 1040 illi
459 977 547 1039 orbes
576 972 618 1038 25
653 975 829 1036 adhiberent
859 977 897 1037 ad
926 976 1189 1037 demonstrandam
1224 993 1342 1037 omnem
1364 976 1533 1055 planetamn

204 1066 461 1149 inaequalitatem,
487 1064 740 1139 Aristoteles,
765 1064 870 1125 solidis
894 1065 1015 1126 orbrbus
1030 1066 1144 1126 coelum
1159 1065 1300 1126 refertum
1315 1065 1453 1138 credens
1476 1063 1533 1125 aliu

204 1151 246 1220 24
278 1156 468 1217 revolventes
498 1154 615 1216 censuit
638 1153 889 1232 interponendos3
918 1160 953 1216 nt
976 1153 1092 1215 scilicet
1114 1153 1236 1215 inferior
1259 1151 1384 1233 quisque
1409 1151 1490 1215 orbis
1510 1170 1533 1214 et

206 1251 312 1324 raptu,
337 1263 424 1324 quem
448 1252 572 1324 propter
595 1243 822 1322 contiguitatem
846 1244 1065 1323 superficierum
1090 1251 1157 1304 erat
1180 1264 1198 1303 a
1221 1241 1374 1322 superiore
1398 1259 1533 1320 pessuma

204 1332 394 1396 liberaretur.
441 1331 554 1412 Igitur.
586 1351 651 1394 curn
676 1332 706 1393 in
731 1331 900 1393 universum
924 1332 1012 1395 orbes
1035 1327 1078 1394 49
1102 1331 1181 1405 (sive
1205 1331 1367 1392 secundum
1392 1328 1533 1413 Calippu

204 1419 245 1486 53
271 1430 324 1483 aut
348 1421 406 1496 55)
430 1422 658 1497 accumulasset,
685 1420 810 1500 singulis
834 1420 969 1501 singulos
992 1430 1124 1482 motores
1149 1420 1283 1494 addidit3
1314 1438 1439 1499 quorum
1462 1418 1533 1499 quili

203 1510 257 1573 bet
292 1510 358 1572 orbi
390 1529 445 1571 sno
484 1519 514 1572 et
537 1511 674 1573 omnibus
698 1510 903 1580 inferioribus,
937 1529 1011 1590 qnos
1036 1511 1086 1572 ille
1109 1516 1192 1571 esset
1214 1509 1403 1588 complexus,
1441 1517 1533 1571 notan

205 1598 481 1681 aequabilissimum
504 1600 534 1662 in
559 1601 630 1662 orbe
654 1600 806 1680 superiore
830 1601 933 1662 orbem
955 1619 1040 1662 suum
1064 1599 1197 1680 proxime
1212 1599 1385 1671 ambeunte,
1411 1606 1533 1678 tanqum

203 1688 234 1751 in
259 1690 325 1750 loco
349 1689 487 1768 quodam,
510 1697 694 1769 praestaret,¹
712 1697 744 1750 et
766 1708 785 1750 a
809 1707 865 1768 quo
885 1698 916 1751 et
932 1689 1051 1770 plagae,
1074 1688 1104 1750 in
1128 1708 1216 1768 quam
1239 1700 1338 1749 motus
1362 1686 1436 1749 ferri
1459 1687 1533 1749 debs

202 1778 267 1853 bat,
291 1785 323 1839 et
346 1778 530 1853 celeritatis,
561 1798 620 1858 qua
642 1786 725 1840 esset
750 1779 830 1840 orbis
854 1779 892 1840 ad
916 1798 1001 1841 snum
1024 1777 1198 1858 principium
1221 1776 1443 1851 restituendus,
1480 1794 1533 1839 con

204 1875 291 1928 stans
313 1866 392 1928 ratio
415 1868 602 1946 procederet.
647 1869 695 1931 Ac
718 1887 784 1929 cum
807 1867 972 1946 placuisset
994 1867 1037 1931 illi
1056 1866 1243 1947 philosopho,
1269 1874 1382 1928 motum
1398 1873 1533 1943 aeterum

204 1975 286 2029 esse,
319 1965 451 2017 ruotores
475 1975 591 2037 quoqne
616 1965 757 2018 aeternos
781 1956 924 2031 statuit:¹
943 1956 991 2038 qui
1015 1975 1082 2018 cum
1107 1956 1219 2017 infinito
1244 1964 1379 2035 tempore
1402 1958 1533 2019 moveant

197 2043 362 2107 ,infinitatis
393 2063 464 2106 vero
488 2046 600 2109 nullum
624 2047 816 2107 materiatum
839 2064 936 2124 capax
959 2064 1028 2109 esse
1052 2046 1160 2118 sciret,
1187 2043 1408 2106 immateriatos
1440 2061 1533 2125 quoqa

204 2141 236 2195 et
266 2133 414 2214 principia
447 2144 608 2214 separata,
641 2154 733 2215 quare
762 2134 925 2197 immobilia
952 2154 1020 2196 esse
1048 2135 1152 2198 voluit.
1207 2133 1253 2196 Aa
1286 2151 1352 2195 cum
1385 2144 1426 2195 ex
1458 2139 1533 2197 mot!

203 2221 384 2285 aeternitate
408 2222 549 2285 mundum
572 2224 773 2285 exstruxisset
796 2234 960 2299 aeternum,
985 2233 1124 2304 essetque
1148 2223 1224 2286 haec
1248 2221 1366 2284 duratio
1392 2221 1533 2285 essentia

206 2311 299 2373 totius
323 2311 423 2373 mundi
442 2312 563 2374 bonitas
586 2321 618 2374 et
640 2314 793 2393 perfectio,
819 2314 961 2393 opposita
983 2313 1124 2389 interitui,
1148 2312 1198 2392 qui
1221 2313 1319 2373 malus
1343 2320 1448 2385 esset3
1474 2310 1533 2390 prii

206 2399 293 2481 cipiis
322 2399 382 2462 illis
404 2400 618 2480 perfectionem
649 2421 796 2464 summam
824 2403 944 2476 tribuit,
978 2402 1100 2483 ejusque
1131 2401 1366 2463 intellectionem
1391 2407 1424 2461 et
1447 2401 1533 2463 exio

205 2490 332 2552 tellectu
356 2490 433 2551 hono
458 2491 644 2553 voluntatem
668 2491 697 2553 id
720 2492 934 2572 prosequendi,
965 2511 1001 2552 ne
1030 2492 1138 2553 bonum
1162 2510 1219 2552 non
1243 2491 1318 2550 bene
1343 2488 1479 2562 faceret;
1503 2506 1533 2571 qt

204 2587 297 2659 pacto
322 2586 438 2641 mentes
462 2587 630 2659 separatas,
654 2581 780 2662 denique
798 2582 870 2642 deos
887 2581 972 2641 uobis
996 2580 1170 2655 introduxit,
1196 2588 1294 2640 motus
1317 2578 1533 2659 coelorumpm

203 2668 290 2731 ermis
323 2667 526 2733 administros.
573 2669 766 2732 Addidemnt
794 2678 825 2730 et
849 2670 981 2731 animam
1004 2669 1172 2744 motricem‚
1203 2668 1323 2731 orbibus
1347 2667 1465 2730 arctius
1489 2666 1533 2731 alt

204 2765 309 2837 getam
333 2777 447 2839 eosque
467 2758 693 2832 informantem,
718 2768 752 2821 nt
776 2779 859 2821 mens
884 2767 1001 2821 tantum
1026 2760 1177 2821 adstaret:
1201 2758 1249 2819 vel
1274 2758 1352 2837 quod
1375 2774 1533 2821 movensv

205 2846 318 2908 mobile
346 2847 504 2909 convenire
532 2849 562 2909 in
594 2848 692 2930 aliquo
721 2867 845 2910 necesse
875 2849 1040 2918 videretur,
1081 2848 1129 2909 vel
1163 2847 1241 2926 quod
1269 2845 1410 2927 potentia
1438 2847 1533 2910 ratior

206 2934 298 3014 spatii
327 2934 497 3013 trajiciendi
521 2956 579 2998 non
602 2936 719 2998 infinita
742 2946 839 3010 esset,
864 2938 907 2998 uti
930 2957 1025 3018 neque
1049 2945 1148 2998 motus
1171 2936 1248 2998 ullus
1272 2934 1406 2996 infinitus
1421 2944 1483 3004 est,
1505 2954 1533 2998 se

205 3023 339 3085 dimenso
372 3032 507 3104 tempore
537 3044 591 3105 per
614 3025 780 3087 dimensum
804 3025 944 3106 spatium.
991 3027 1078 3088 Hanc
1101 3025 1202 3104 itaque
1225 3024 1395 3103 potentiam
1419 3042 1533 3086 movent

207 3110 479 3191 transscripserunt
502 3114 629 3189 animae,
654 3133 747 3194 eoque
771 3116 888 3176 nomine
912 3115 1062 3195 tantisper
1080 3115 1270 3176 materiatam
1289 3132 1357 3174 esse
1371 3112 1459 3192 passi
1479 3128 1533 3176 sunt

205 3210 239 3263 ut
261 3201 291 3261 in
316 3200 464 3262 coelorum
490 3203 610 3264 orbibus
634 3203 813 3266 inhaereret.

296 3287 397 3370 Atque
426 3290 500 3353 haec
523 3291 632 3354 mentis
656 3302 688 3354 et
711 3294 827 3355 animae
851 3293 1001 3372 copulatio
1026 3312 1097 3355 sane
1121 3309 1264 3371 perquam
1288 3296 1533 3352 consentaneam

204 3377 436 3459 particularibus
461 3386 697 3443 astronomorum
722 3382 1045 3444 animadversionibus:
1080 3379 1214 3462 quamvis
1237 3376 1484 3460 philosophorum
1501 3394 1533 3443 m

205 3468 390 3549 gumentatio
423 3469 523 3548 potius
556 3470 765 3552 metaphysica
797 3472 847 3533 sit.
898 3472 978 3533 Nam
996 3480 1039 3538 „ut
1067 3471 1096 3531 iu
1125 3469 1242 3532 homine
1266 3469 1399 3531 aliaest
1423 3467 1533 3529 faculas

204 3576 342 3632 movens,
368 3556 429 3618 alia
451 3567 588 3621 movente
614 3561 758 3622 facultate
783 3571 880 3634 utens,
904 3560 1052 3634 voluutas,
1077 3559 1239 3620 secuudum
1263 3556 1373 3619 indicia
1403 3571 1533 3627 seusun!¹

206 3646 254 3729 qui
292 3654 324 3727 et
352 3645 560 3711 instrumentis
590 3667 610 3709 a
642 3648 787 3711 facultate
817 3658 954 3712 movente
985 3648 1125 3711 differunt
1147 3657 1179 3709 et
1202 3647 1333 3710 fabricae
1355 3640 1533 3725 praestanti.

203 3754 280 3818 qnae
311 3734 342 3799 iu
375 3755 515 3799 sensuum
543 3737 666 3824 organis
690 3744 738 3800 est
761 3737 964 3801 admirabilior
987 3758 1077 3819 quam
1105 3738 1136 3799 in
1160 3735 1316 3799 facultatis
1339 3734 1475 3797 metricis
1496 3748 1533 3795 rt·

204 3824 327 3889 hionlis.
352 3823 406 3901 ita,
430 3825 456 3887 si
479 3825 566 3887 hos'
559 3846 641 3906 rpsos
665 3827 752 3891 orbes
774 3827 988 3891 Aristotelicas
1008 3827 1047 3889 ad
1061 3816 1324 3906 contemplandum
1342 3841 1457 3904 propon

205 3915 263 3977 duo
287 3912 374 3976 nobis
398 3924 572 3978 occurrent:
605 3916 660 3979 vis
691 3915 830 3979 matrix
853 3917 917 3978 orbi
940 3917 1067 3978 rotundo
1091 3914 1257 3992 sufficiens,
1282 3933 1320 3975 ex
1342 3836 1533 4062 οιῄιιειῇ

205 4011 236 4066 et
258 4003 414 4066 constanti
435 4004 608 4067 fortitudine
634 4012 753 4086 tempus
785 4005 996 4068 revolutorium
1027 4005 1135 4078 oritur,
1170 4012 1201 4065 et
1229 4005 1371 4083 plaga,
1406 4021 1435 4063 m
1465 4018 1484 4081 q

203 4091 352 4155 eundum:
377 4111 500 4176 quarum
521 4094 575 4156 illa
586 4094 707 4156 animali
724 4095 861 4158 facultati
876 4094 986 4157 rectius
1001 4094 1236 4168 transscribitur,
1252 4092 1327 4153 haec
1342 4109 1414 4153 vero
1428 4074 1533 4171 natmfl'

204 4180 385 4262 intelligenti
423 4190 478 4244 ant
512 4183 645 4247 memori.
701 4185 781 4247 Nam
812 4184 870 4246 etsi
904 4183 1021 4264 quidem
1053 4202 1108 4263 per
1130 4183 1207 4244 hanc
1231 4181 1416 4244 soliditatem
1439 4168 1533 4251 arbl-

205 4269 340 4332 omnibns
363 4272 481 4334 omnino
505 4273 635 4334 motibus
658 4292 711 4336 seu
735 4273 921 4354 apparentiis
945 4273 1125 4336 coelestibus
1148 4272 1192 4334 ita
1214 4279 1406 4351 prospectum
1430 4274 1493 4342 est,
1501 4266 1533 4359 q

205 4357 418 4440 providentiae
442 4361 614 4441 praesidum
637 4362 829 4426 motoriomm
852 4362 1037 4444 relinquatur
1065 4358 1153 4429 nihil,
1187 4359 1283 4422 omnis
1314 4376 1386 4421 vero
1421 4356 1533 4420 varient

205 4456 337 4511 motuum
369 4468 408 4512 ex
439 4450 636 4532 dispositione
670 4459 702 4513 et
724 4451 901 4554 pluralitate
930 4451 1043 4513 orbium
1067 4449 1286 4530 proficiscatur,
1317 4466 1371 4512 uec
1395 4447 1533 4551 quicqpa!

205 4535 287 4599 aliud
309 4538 488 4642 requiratur,
516 4559 604 4620 quam
628 4548 661 4601 ut
684 4540 801 4602 animae
825 4540 964 4603 motrices
989 4540 1140 4619 accipiant
1154 4548 1185 4601 et
1197 4538 1349 4600 retineant
1365 4532 1533 4617 ⁸11qu

132 4688 137 4712 ,
204 4645 286 4703 rem,
319 4636 350 4691 et
379 4647 399 4688 a
421 4628 515 4708 primo
549 4629 710 4691 creationis
742 4630 827 4692 initio
857 4632 886 4692 in
909 4629 1032 4710 plagam
1054 4629 1206 4710 quaelibet
1230 4647 1314 4690 suam
1338 4622 1533 4691 incitentur&

205 4717 291 4798 qnasi
324 4736 341 4778 e
373 4717 580 4780 carceribus
572 4737 601 4779 m
632 4718 733 4798 spatia
762 4718 967 4781 dimittantur:
996 4725 1097 4780 tamen
1131 4716 1379 4779 considerandum
1403 4725 1467 4793 est,
1493 4712 1533 4778 hv

204 4805 301 4888 ipsum
322 4805 433 4873 mentis
455 4805 535 4871 illius
558 4825 714 4886 supremae
737 4827 812 4889 opus
835 4827 913 4879 esse,
936 4808 1090 4891 planetam
1105 4806 1266 4889 quemlibet
1281 4805 1310 4868 in
1325 4806 1448 4905 plagam
1458 4818 1533 4871 suam

906 5060 962 5171 ἦ
