3278 5550
143 275 207 346 sss
298 322 305 337 .
652 346 660 361 „
743 279 881 334 ιοιιι

142 459 283 532 proportio
304 457 416 515 lunulae
435 460 470 513 ad
499 461 680 530 quadrantem
710 467 742 515 ut
764 456 778 515 1
801 462 835 516 ud
858 454 903 516 18.
943 459 1054 514 Lumrla
1072 463 1117 513 ert
1137 459 1291 529 quadrans,
1317 458 1393 515 miuus
1408 475 1448 534 rep

143 550 246 605 monto,
268 540 312 595 oui
331 539 468 595 ademtam
488 547 533 595 est
552 538 841 614 parallelogrammum
861 539 1082 597 ecoeutricitatis.

723 777 907 788 .—

456 971 635 1035 Horarius
658 973 907 1056 hypotheseos
931 972 1173 1056 Tychonicae.

230 1141 329 1217 Nota,
360 1141 509 1204 horarium
533 1141 683 1224 Tychonis
705 1142 833 1223 prodere
857 1143 974 1205 omnino
1000 1138 1258 1204 eccentricita'tem
1285 1140 1382 1214 illam,
1408 1158 1454 1221 qus

143 1229 244 1291 reddit
267 1230 462 1312 aequatioues
486 1230 708 1312 quadrantales.

232 1315 383 1381 Credibile
408 1328 455 1381 est
478 1319 579 1399 igitur,
603 1320 707 1381 Lunae
723 1320 863 1383 virtutem
881 1337 949 1382 esse
973 1318 1180 1398 magneticam,
1205 1337 1284 1400 quae
1307 1335 1392 1378 axem
1410 1335 1455 1396 pu·

143 1407 224 1487 rigat
247 1407 277 1468 in
300 1407 503 1489 longitudines
526 1408 651 1470 medias.
690 1406 766 1470 Cum
791 1407 882 1488 igitur·
898 1408 1000 1471 Tellus
1019 1415 1178 1476 convertat
1195 1407 1316 1469 Lunam
1341 1404 1458 1469 remissio

144 1496 173 1558 iu
197 1495 334 1578 quadris,
363 1497 480 1559 Luna
472 1516 502 1557 ιι
526 1497 647 1580 quadris
671 1497 720 1559 diu
744 1506 887 1559 moratur.
935 1496 1010 1561 Cum
1033 1515 1104 1577 ergo
1128 1495 1267 1576 apsidum
1291 1495 1371 1558 linea
1391 1494 1458 1557 esth

143 1584 305 1659 diametro,
338 1585 403 1647 axis
430 1586 461 1647 in
485 1585 605 1667 quadris
628 1586 726 1648 tendit
748 1587 787 1649 ad
811 1587 951 1660 Terram,
982 1588 1053 1668 luga
1081 1596 1112 1647 et
1138 1585 1313 1664 persecutio
1342 1584 1376 1646 ht
1395 1584 1459 1653 iona

144 1674 284 1754 pervasio
307 1674 341 1736 fis
364 1675 436 1736 alta.

231 1762 273 1823 Et
296 1771 383 1838 uota,
415 1783 480 1825 cum
504 1763 569 1842 jam
597 1771 666 1824 ante
696 1763 813 1842 species
843 1782 997 1845 corporum
1025 1728 1235 1837 stabiliantur,
1267 1781 1347 1843 quae
1376 1758 1462 1822 omniuo

145 1852 239 1913 fortes
263 1852 364 1913 sunt
358 1872 386 1913 ιι
409 1852 461 1914 ἰΙΙι
485 1852 559 1913 sudo
583 1860 615 1913 et
638 1850 838 1915 immateriato
862 1854 994 1928 aethere,
1018 1872 1076 1914 nou
1101 1870 1176 1931 opus
1199 1851 1325 1913 videtur
1346 1849 1463 1932 positione

145 1939 332 2043 msgueticae
355 1941 496 2027 virtutis
499 1939 529 2002 iu
554 1936 594 2016 Θ
619 1949 650 2001 ct
674 1942 716 2043 6·
724 1941 909 2004 motoribus.
942 1940 1049 2004 sufficit
1075 1939 1203 2015 moveri,
1235 1959 1309 2002 narn
1332 1940 1406 2001 sicut
1422 1952 1464 2001 cn

146 2028 247 2109 specio
270 2029 408 2091 carbonis
431 2029 495 2091 exit
517 2028 634 2109 species
658 2014 744 2099 locis,
768 2039 802 2092 ut
817 2030 992 2104 accidentis,
1017 2031 1141 2091 utacum
1160 2029 1263 2108 specie
1279 2028 1407 2091 Telluris
1425 2024 1466 2087 ιι

146 2117 263 2199 species
286 2126 394 2201 motus
439 2119 514 2181 At
506 2137 535 2181 ιι
559 2118 651 2180 motis
673 2137 727 2197 pro
759 2119 983 2183 eccentricitate
1012 2118 1130 2181 omniuo
1159 2117 1322 2200 ponendus
1345 2112 1465 2198 magnct'e

146 2225 199 2269 cus
222 2206 318 2288 vigor.

233 2293 304 2357 Jam
336 2295 599 2370 considerandum,
634 2315 672 2357 an
707 2294 852 2358 discessio
881 2316 897 2357 e
926 2296 1073 2358 diametro
1102 2294 1350 2375 proportionetur
1378 2288 1466 2373 augeb

146 2385 282 2466 vigorum
305 2384 500 2447 mensoribus.
540 2385 581 2447 Et
603 2383 729 2447 videtur.
768 2384 817 2446 An
841 2394 942 2447 autem
965 2393 1087 2447 maneat
1109 2383 1252 2464 ellipsis?
1274 2382 1395 2447 Nescio.
1425 2378 1465 2443 Ti-
1491 2446 1493 2453 ¹

147 2475 235 2536 detur
258 2482 360 2535 tamen
385 2481 416 2535 et
438 2473 495 2535 hoc
518 2474 547 2536 in
571 2474 626 2536 hoc
650 2493 732 2548 casu,
752 2474 803 2535 ubi
826 2474 963 2555 apsidum
980 2474 1060 2535 linea
1079 2471 1222 2536 coincidit
1245 2492 1315 2536 cum
1340 2471 1464 2534 mansus
1490 2532 1493 2539 .

146 2563 226 2626 Nam
247 2562 393 2642 paulatim
416 2563 526 2625 crescit
548 2571 713 2643 utrumque,
738 2571 768 2624 et
783 2563 833 2625 ubi
856 2562 961 2643 parum
980 2562 1124 2636 ascendit,
1150 2560 1294 2625 celeriter
1316 2558 1462 2629 transvolat

146 2651 229 2718 he.
254 2670 358 2732 parum
382 2659 525 2714 moratur

236 2739 403 2805 Considera
426 2748 457 2802 et
479 2740 606 2802 alterum
630 2758 748 2814 casum,
780 2738 805 2801 si
832 2738 914 2801 linea
936 2738 1109 2820 apsidum'
1100 2728 1129 2801 ru
1161 2738 1303 2819 quadris,
1335 2748 1400 2803 tuno
1417 2734 1461 2798 aris

147 2829 309 2910 parallelos
333 2842 382 2891 est
404 2830 558 2892 diametro
607 2827 696 2892 Certe
721 2827 838 2890 difficile
862 2828 1084 2904 contradicere,
1109 2828 1198 2890 facile
1223 2828 1365 2892 credere:
1392 2837 1416 2889 et
1431 2822 1461 2886 hic

149 2938 270 2983 manere
295 2917 425 2998 ellipsin.

235 3009 302 3070 Hoc
324 3027 414 3070 unum
437 3014 536 3070 restat
558 3005 767 3085 quaerendum,
792 3025 831 3066 an
847 3005 930 3068 diota
943 3005 1077 3086 Tychoni
1094 3004 1223 3067 variatio
1248 3005 1409 3087 quantitate
1426 3019 1461 3063 su

148 3096 389 3227 'udncdalnssm
412 3096 451 3158 ad
475 3103 591 3156 tantum
614 3112 772 3171 ascensum
795 3092 1000 3159 necessariis?
1036 3094 1081 3157 At
1094 3092 1160 3176 quis
1179 3094 1347 3158 metietur?
1378 3089 1461 3165 Quho

149 3203 323 3265 pnucrprrs.
665 3214 667 3218 ·

496 3580 549 3643 De
578 3581 744 3664 physica
771 3580 974 3664 hypothesi
1002 3581 1144 3644 Lunae.

236 3750 371 3814 Ponatur
393 3750 469 3812 hoc:
506 3750 688 3813 volutionem
710 3751 821 3812 Terrae
849 3750 930 3812 circa
957 3769 1045 3811 axem
1072 3748 1232 3811 conciliare
1256 3751 1364 3814 Lunae
1383 3756 1464 3811 notu

149 3842 230 3904 circa
258 3841 401 3903 Terram:
435 3839 519 3901 illam
545 3859 616 3901 vero
644 3841 787 3902 virtutem
810 3838 940 3901 Telluris
969 3837 1106 3918 adJuvari
1133 3839 1163 3900 iu
1191 3840 1345 3901 movenda
1370 3839 1465 3901 Lnnss

148 3931 260 3993 virtute
284 3928 385 4003 Solis;
409 3936 555 4007 quatenus
579 3929 698 4008 quidem
722 3927 839 4009 species
861 3927 1082 3992 immateriatae
1096 3926 1178 3989 Solis
1196 3937 1230 3990 et
1244 3928 1378 3993 Telluris
1396 3927 1466 3989 lineas

56 4070 59 4075 .
149 4028 282 4082 motuum
305 4017 479 4080 describunt
500 4017 673 4096 parallelas.
720 4017 779 4080 Ubi
803 4035 875 4078 vero
898 4037 931 4077 se
962 4027 1069 4078 secant
1096 4017 1133 4078 ad
1164 4027 1282 4092 rectos,
1309 4012 1358 4078 ibi
1384 4013 1467 4078 nullu

129 4102 218 4171 'esse
241 4107 446 4187 adjumentum
465 4126 502 4168 ex
521 4106 601 4169 Sole.
635 4106 809 4177 Videamus,
834 4126 871 4168 su
890 4106 960 4188 quid
976 4105 1086 4185 opponi
1110 4105 1209 4186 possit
1231 4105 1303 4168 huic
1327 4096 1466 4209 hypethed

150 4194 226 4258 Cum
250 4197 341 4276 igitur
364 4194 526 4296 adjumenti
555 4215 694 4256 mensura
721 4202 873 4256 statuatur
900 4195 929 4255 in
961 4194 1079 4274 angulis
1110 4193 1273 4271 linearum,
1307 4195 1400 4257 virtus
1418 4206 1467 4251 reru

149 4286 323 4388 angulorum
347 4284 421 4346 insit
442 4283 474 4345 in
498 4303 598 4346 eorum
622 4282 752 4357 sinibus,
788 4284 961 4357 considera,
992 4284 1107 4363 quod'
1099 4303 1130 4346 ιι
1153 4284 1350 4365 quadraturis
1373 4279 1469 4363 augule·

150 4382 249 4435 rectus
264 4373 320 4448 sit;
336 4371 537 4452 adjumentum
554 4373 675 4447 nullum,
692 4370 767 4434 recti
783 4392 854 4434 vero
872 4374 954 4435 sinus
973 4379 1065 4445 totus,
1086 4373 1239 4434 residuum
1252 4373 1361 4436 itidem
1376 4372 1470 4435 nullu·
1490 4324 1493 4413 d

152 4458 241 4524 Circa
255 4462 454 4543 quadraturas
469 4462 595 4544 angulus
618 4468 700 4523 recto
723 4462 905 4541 propinquus
929 4462 1022 4522 habet
1044 4461 1095 4522 diu
1118 4458 1215 4531 sinum
1239 4482 1301 4525 non
1325 4462 1413 4525 muto
1430 4454 1472 4520 mi-

151 4569 254 4613 norem
276 4557 351 4626 toto,
374 4550 495 4613 residua
517 4553 557 4613 ad
580 4559 676 4612 totum
698 4550 795 4611 sinum
818 4570 921 4630 parva,
947 4550 1148 4630 adjumentum
1172 4550 1265 4613 etiam
1290 4570 1421 4632 parvum
1448 4546 1472 4607 lu

150 4640 266 4721 copulis
289 4640 434 4702 linearum
451 4642 576 4720 angulus
591 4639 700 4713 nullus,
725 4638 808 4703 sinus
823 4639 932 4713 nullus,
958 4639 1106 4701 residuum
1123 4639 1206 4701 sinus
1223 4648 1319 4715 totus,
1344 4641 1473 4721 sdjmu

151 4738 214 4793 tum
236 4726 408 4791 maximum.
445 4730 521 4792 Post
543 4729 680 4810 copulam
702 4727 804 4807 auguli
826 4728 951 4791 orientis
974 4727 1058 4791 sinus
1080 4728 1179 4791 subito
1203 4739 1358 4806 crescunt,
1380 4724 1474 4792 raus

151 4819 249 4882 subito
278 4817 471 4895 decrescunt,
500 4827 534 4880 ut
560 4825 592 4880 et
618 4817 799 4898 adjumenta
845 4815 926 4880 Sunt
947 4834 1019 4897 ergo
1043 4817 1215 4898 subigenda
1236 4819 1364 4883 residua
1383 4816 1474 4881 ιιιιΙ
