3278 5550
141 310 184 382 52
560 306 661 360 literae
679 304 781 371 Kepleri
800 306 950 372 aliorumque
967 312 1071 358 mutuae

141 512 302 573 excerpam
333 488 513 552 anomalianr
543 493 740 570 coaequatam
768 487 798 548 in
835 485 978 566 gradibus
1015 486 1158 566 integris,
1199 484 1400 567 adjiciendam
1432 484 1499 551 loco

142 570 281 665 apogaei‚
306 600 372 643 cum
396 578 542 641 distantia
565 576 673 640 sideris
689 597 708 638 a
722 575 795 639 Sole
812 576 903 656 paulo
926 574 1063 638 breviore
1083 597 1170 657 quam
1191 584 1240 638 est
1258 597 1339 652 vera,
1364 576 1501 640 demissa

141 673 260 736 scilicet
281 667 520 751 perpendiculari
536 687 573 730 ex
588 667 697 741 sidere,
721 686 787 728 cum
802 665 895 726 habet
910 664 1108 739 latitudinem,
1132 666 1162 727 in
1177 667 1297 746 planum
1318 666 1498 747 eclipticae:

142 781 219 844 quae
243 760 361 841 quidem
393 756 648 838 perpendicularis
681 755 785 818 itidem
816 755 1004 835 excerpenda
1027 755 1085 819 erit
1108 775 1174 818 cum
1205 755 1353 816 distantia
1375 777 1395 817 a
1421 759 1498 819 nodo

143 873 182 914 ex
204 850 267 912 suis
290 848 413 912 tabulis.
460 848 526 908 Hoc
549 853 639 926 pacto
663 846 759 906 locum
783 844 891 906 sideris
919 845 1071 924 proprium
1102 845 1223 907 minimo
1252 846 1373 925 negotio
1398 865 1454 925 per
1476 844 1496 910 3

145 938 349 1004 dimensiones
372 936 559 1007 habebimus,
583 936 632 997 cui
654 933 899 1013 supervenientes
928 935 1102 1014 parallaxes
1127 934 1207 996 orbis
1231 935 1320 996 annui
1344 936 1498 998 nonnullis

143 1029 255 1093 tabulis
278 1026 491 1090 universaliter
514 1024 633 1104 excerpi
664 1042 755 1103 posse
779 1041 883 1102 speru;
918 1024 1036 1085 sedita
1060 1031 1147 1085 erunt
1171 1024 1496 1090 extricandae:.com-

142 1118 300 1199 parabitur
321 1118 405 1179 locus
419 1113 501 1178 Solis
525 1134 579 1177 seu
594 1115 704 1174 Terrae
729 1132 795 1174 oum
820 1112 885 1173 loco
909 1112 1018 1175 sideris
1042 1111 1260 1190 dnopullonrqo
1283 1133 1338 1193 pro
1357 1114 1495 1176 habendo

143 1205 386 1272 commutationis
401 1204 520 1284 angulo,
546 1202 627 1265 circa
646 1222 732 1283 quem
747 1202 804 1263 duo
823 1201 922 1262 latera
936 1209 1007 1264 sunt
1021 1203 1184 1264 distantiae
1199 1204 1311 1265 Terrae
1331 1211 1363 1264 et
1387 1204 1495 1267 sideris

143 1296 267 1360 aSole.
314 1296 374 1357 Per
404 1293 584 1356 solutionem
613 1293 705 1372 igitur
737 1290 879 1369 trianguli
912 1291 1000 1370 hujus
1033 1294 1101 1372 (per
1132 1292 1440 1372 prosthaphaeresin,
1470 1294 1494 1356 si

143 1388 260 1467 placet,
284 1403 350 1446 cum
382 1402 446 1444 eam
475 1381 658 1445 Justelius
693 1379 867 1442 facillimam
894 1380 1061 1463 reddiderit
1079 1388 1171 1455 (comp.
1191 1378 1247 1441 val.
1267 1391 1302 1447 ΙΙ,
1320 1406 1347 1456 p.
1365 1386 1432 1453 4³9)
1465 1391 1494 1445 et

147 1474 351 1538 inventionem
376 1472 477 1552 anguli
502 1473 539 1533 ad
567 1471 691 1533 Terram
718 1469 847 1532 habetur
874 1470 1040 1555 parallaxis
1068 1470 1281 1549 longitudinis,
1310 1491 1365 1553 per
1387 1473 1493 1535 inven-

147 1565 260 1627 tionem
284 1581 355 1625 vero
374 1561 537 1624 distantiae
553 1560 661 1622 sideris
681 1580 700 1620 a
718 1560 821 1631 Terra,
847 1560 924 1639 quod
942 1567 987 1622 est
1017 1559 1097 1623 latus
1120 1561 1253 1636 tertium,
1278 1562 1403 1642 ejusque
1432 1581 1494 1627 cum

145 1654 213 1715 sinn
235 1650 441 1714 inclinationis
465 1669 556 1730 supra
580 1657 720 1729 excerpto
744 1647 999 1728 comparationem
1027 1650 1156 1712 latitudo
1178 1650 1377 1729 parallactica
1400 1651 1494 1713 hahe-

147 1743 238 1806 bitur.
287 1739 421 1820 Cumque
446 1738 594 1801 distantia
613 1737 694 1801 Solis
714 1745 746 1800 et
760 1739 871 1799 Terrae
895 1757 954 1800 uon
979 1739 1066 1800 detur
1088 1759 1207 1819 semper
1229 1740 1258 1800 in
1281 1740 1421 1820 partibus
1443 1741 1496 1803 iis·

149 1833 217 1893 dem
240 1826 357 1913 (omnia
379 1849 409 1890 u.
435 1829 473 1889 ad
504 1848 607 1890 verum
631 1826 713 1890 Solis
744 1827 841 1888 locum
874 1828 1046 1889 necessario
1076 1829 1241 1907 redigenda
1271 1837 1358 1906 sunt,
1394 1829 1497 1893 obser-

148 1919 320 1983 vationibus
343 1919 507 1993 testibus),
533 1918 609 1980 duae
634 1924 722 1978 eruut
745 1935 816 1995 ergo
844 1915 1111 1997 multiplicationes
1134 1937 1188 1999 pro
1212 1919 1340 1999 angulo,
1365 1939 1427 1982 uua
1448 1939 1499 2001 pro

149 2010 256 2078 latere,
281 2027 409 2089 nnapro
434 2007 658 2087 comparatione
683 2007 749 2086 ejus
774 2024 838 2066 cnm
856 2004 922 2066 sinu
946 2005 1158 2070 inclinationis.
1198 2009 1248 2069 Ita
1269 2015 1398 2088 quatuor
1417 2016 1500 2071 erunt

148 2097 418 2179 multiplicationes
449 2114 504 2175 pro
539 2096 700 2175 cujuslibet
737 2095 878 2173 planetae
907 2094 983 2156 loco.
1037 2094 1105 2158 Non
1133 2104 1237 2177 potest
1264 2097 1367 2177 itaque
1399 2118 1500 2160 carere

146 2186 253 2249 tabula
283 2187 401 2248 sinuum
431 2185 564 2247 calculus
597 2185 665 2245 iste.
717 2183 775 2244 Est
808 2183 884 2244 alius
920 2183 1026 2245 modus
1056 2203 1094 2246 ex
1124 2185 1282 2265 triangulis
1322 2187 1501 2266 sphaericis,

146 2276 277 2356 trajecto
300 2275 392 2355 plano
415 2275 516 2347 tertio,
539 2282 573 2335 ut
592 2273 762 2353 eclipticam
786 2282 869 2332 secet
883 2271 913 2334 in
930 2272 1032 2346 Terra,
1058 2274 1185 2336 orbitam
1208 2275 1351 2354 planetae
1375 2275 1501 2357 inipso.

144 2366 232 2429 Haec
256 2364 391 2426 tabulam
413 2362 502 2443 primi
530 2362 649 2426 mobilis
671 2361 907 2440 Regiomontani
930 2361 983 2434 (ad
1008 2362 1141 2426 laborem
1169 2364 1375 2439 minuendum)
1410 2386 1503 2446 usque

146 2454 185 2517 ad
212 2449 272 2517 10⁰
293 2472 347 2534 per
370 2451 490 2535 singula
512 2452 628 2515 minuta
652 2459 810 2512 extensam
835 2450 1004 2521 desiderat,
1029 2471 1088 2531 qna
1110 2454 1245 2515 reductio
1269 2454 1308 2515 ad
1332 2455 1502 2536 eclipticam

145 2550 179 2606 et
200 2542 332 2605 latitudo
366 2540 537 2624 expeditur,
574 2543 628 2603 sed
658 2539 850 2602 nihilomiuus
880 2540 1007 2620 angulus
1039 2561 1076 2602 ex
1109 2542 1254 2604 lateribus
1284 2544 1449 2606 rectilineis
1473 2552 1503 2606 et

141 2631 364 2713 comprehenso
396 2632 585 2711 quaerendus
618 2637 684 2704 est;
717 2629 820 2708 itaque
853 2629 974 2705 dubito,
1005 2631 1285 2712 compendiosiorne
1309 2632 1350 2693 sit
1373 2634 1500 2696 futurus.

144 2720 270 2786 Utinam
294 2719 414 2801 quidem
436 2721 545 2784 tertius
578 2720 688 2800 aliquis
722 2719 858 2788 daretur,
890 2719 939 2798 qui
964 2725 996 2780 et
1019 2721 1202 2783 universalis
1227 2728 1311 2782 esset
1339 2731 1501 2804 possetque

146 2809 282 2874 adhiberi
306 2808 346 2871 ad
369 2827 486 2871 omnem
509 2809 694 2889 apheliorum
709 2808 822 2868 Terrae
846 2814 878 2868 et
901 2807 1009 2868 sideris
1034 2808 1220 2891 distantiam.
1258 2810 1338 2872 Nam
1357 2830 1417 2891 ego
1431 2830 1498 2874 sane

144 2919 205 2962 nou
228 2897 326 2971 video,
351 2897 498 2979 quomodo
522 2897 737 2960 instituendum
762 2895 923 2975 negotium,
948 2903 982 2956 ut
1001 2899 1142 2977 scrupula
1163 2899 1405 2979 proportionalia
1427 2899 1499 2963 reti·

146 3005 281 3049 neamus.
319 2985 419 3048 Primo
439 2988 528 3060 enim,
552 2987 578 3048 si
592 2986 676 3046 sidus
692 2991 740 3045 est
761 2984 792 3045 iu
808 2984 887 3045 linea
911 2984 1049 3064 apsidum
1063 2987 1183 3064 Terrae,
1210 2988 1360 3050 anomalia
1385 2990 1504 3070 quidem

146 3073 390 3138 commutationis
413 3075 443 3136 iu
467 3083 593 3154 utroque
617 3072 806 3135 semicirculo
831 3073 967 3151 aequalis
992 3083 1054 3148 est,
1078 3085 1112 3138 ut
1135 3078 1160 3138 si
1185 3078 1269 3139 sidus
1293 3077 1334 3138 sit
1357 3079 1432 3141 alibi
1457 3081 1507 3151 (ut

148 3162 353 3241 d'apogaeus
376 3162 407 3224 iu
433 3168 466 3238 tl,
492 3182 558 3224 cum
582 3160 622 3239 Θ
648 3163 689 3224 sit
712 3161 741 3221 iu
762 3164 820 3236 ee),
841 3161 907 3241 jam
931 3162 1010 3224 alter
1032 3165 1236 3228 semicirculus
1261 3162 1506 3231 commutationis

147 3253 177 3315 in
202 3252 283 3314 latus
307 3252 416 3333 vergit.
462 3251 505 3314 Et
527 3271 564 3312 ue
590 3251 692 3313 labore
717 3249 786 3311 huic
810 3250 854 3313 rei
870 3250 1028 3315 subvenire
1051 3256 1211 3334 possimus,
1235 3255 1327 3318 efficit
1350 3257 1503 3336 aphelium

148 3342 261 3404 Terrae
285 3340 345 3402 alio
369 3349 453 3404 motu
476 3348 653 3421 promotum,
680 3360 769 3422 quam
792 3341 912 3420 aphelia
933 3342 1133 3422 planetamm,
1159 3353 1193 3406 ut
1210 3346 1259 3407 vel
1283 3346 1505 3426 appropinquet

147 3431 198 3495 vel
220 3431 345 3493 recedat
368 3439 400 3492 et
423 3430 658 3512 qualemcunque
693 3431 819 3491 formam
852 3432 1058 3510 scrupulorum
1087 3433 1356 3514 proportionalium
1388 3435 1502 3497 turbet.

147 3520 372 3584 Potesttamen
389 3521 427 3582 ad
442 3538 532 3581 unum
547 3520 680 3582 seculum
694 3519 772 3581 ratio
787 3518 864 3594 iniri,
885 3520 986 3599 posita
1000 3523 1105 3584 eadem
1120 3542 1321 3603 apogaeorum
1336 3523 1504 3587 distantia:

149 3609 228 3691 quod
242 3607 312 3673 aliis
328 3609 579 3673 considerandum
593 3616 626 3670 et
648 3608 835 3670 efficiendum
851 3609 997 3689 relinquo.
1031 3611 1107 3673 Mihi
1130 3612 1249 3674 ridetur
1268 3613 1316 3673 vel
1335 3613 1505 3693 ingeniosis

148 3699 198 3761 vel
220 3696 382 3761 servilibus
402 3705 433 3760 et
446 3698 619 3778 praeceptis
642 3697 776 3778 alligatis
800 3697 929 3778 ingeniis
943 3698 1022 3761 idem
1037 3700 1132 3774 labor,
1157 3701 1220 3763 sive
1244 3708 1372 3781 quatuor
1395 3702 1504 3764 multi·

150 3787 333 3869 plicatioues
355 3786 509 3866 simplices
528 3786 692 3866 jubeantur
706 3788 816 3860 facere,
841 3786 905 3848 sive
924 3788 1015 3849 toties
1031 3789 1089 3851 imo
1106 3790 1219 3871 pluries
1242 3790 1381 3870 logistice
1397 3791 1504 3853 multi-

64 3880 69 3893 '
149 3874 264 3957 plicare
287 3876 429 3956 scrupula
452 3875 482 3936 in
506 3894 662 3937 excessum
686 3879 735 3949 (ut
759 3875 797 3936 de
820 3876 1135 3956 prosthaphaeresinm
1165 3879 1356 3960 compendio,
1390 3879 1421 3942 iu
1446 3898 1506 3960 quo

136 3964 281 4027 'noudum
312 3965 498 4027 exercitatus
531 3983 615 4038 sum,
647 3965 720 4027 nihil
744 3964 876 4038 dicam),
906 3974 940 4026 ut
962 3965 1006 4028 ita
1034 3987 1092 4029 non
1116 3985 1297 4051 magnopere
1331 3967 1507 4031 desiderare

150 4053 313 4115 debeamus
337 4054 477 4134 scrupula
499 4053 748 4135 proportionalia.
785 4053 829 4115 Et
844 4073 890 4115 me
911 4053 1042 4132 Christe,
1066 4056 1191 4134 sibene
1214 4058 1393 4138 perpendas,
1420 4077 1508 4121 com-

150 4142 261 4223 pendio
284 4141 487 4223 negliguntur.
533 4143 768 4223 Perpeudamus.
810 4143 911 4205 Primo
935 4162 987 4224 per
1008 4141 1040 4220 4,
1065 4143 1085 4210 5
1109 4146 1158 4208 vel
1180 4140 1202 4211 (i
1225 4146 1320 4211 series
1344 4155 1394 4210 est
1416 4147 1508 4210 colli-

152 4231 252 4312 g'euda
275 4231 425 4294 anomalia
449 4231 709 4295 commutationis:
743 4233 832 4313 hujus
850 4233 922 4295 loco
952 4234 1014 4313 jam
1037 4235 1104 4297 loca
1127 4236 1238 4297 Terrae
1263 4244 1295 4298 et
1316 4235 1426 4299 sideris
1448 4238 1508 4318 p'ro

152 4339 186 4382 re
208 4326 283 4381 nata
305 4320 523 4383 subtrahuntur
546 4316 566 4381 a'
588 4342 621 4383 se
643 4328 758 4383 mutuo.
804 4321 921 4383 Deinde
945 4325 1138 4387 commutatio
1163 4325 1340 4405 aequanda;
1364 4326 1421 4388 hnc
1439 4327 1510 4407 jam

86 4466 98 4481 ,
152 4408 342 4488 praestitum.
389 4410 492 4472 Tertio
516 4430 582 4472 cum
607 4410 757 4473 anomalia
779 4411 911 4472 eccentri
935 4415 1124 4495 excerpenda
1146 4415 1287 4494 scrupula
1310 4421 1343 4476 et
1365 4414 1509 4496 logistice

148 4490 337 4577 ¹operandum
359 4517 413 4579 pro
437 4507 523 4579 parta
554 4500 790 4582 proportionali3
821 4507 927 4582 quarto
956 4521 1023 4564 cum
1051 4503 1284 4573 commutatione
1318 4505 1511 4585 excerpenda

153 4585 357 4663 commutatio,
381 4595 414 4649 et
437 4589 539 4669 quinto
564 4607 706 4651 excessus
730 4608 796 4650 cum
825 4591 945 4669 gemina
968 4592 1142 4671 operatione
1175 4592 1317 4673 logistica
1338 4612 1393 4673 pro
1417 4601 1508 4674 parte

153 4674 386 4757 proportionali,
420 4685 509 4738 sexto
531 4698 586 4759 per
609 4672 814 4759 operationem
846 4678 1016 4759 logisticam
1039 4700 1111 4762 pars
1135 4682 1171 4751 de
1196 4701 1320 4743 excessu
1355 4683 1512 4764 scrupulis

154 4780 323 4845 coagmens
345 4763 531 4845 inquirenda,
556 4775 619 4831 tum
642 4766 811 4829 addendum
831 4775 885 4829 aut
907 4770 1151 4845 subtrahendum,
1176 4778 1210 4831 ut
1228 4771 1293 4850 jam
1311 4770 1384 4833 nihil
1409 4773 1513 4835 dicam

156 4851 195 4919 de
216 4851 353 4937 pluribus
376 4855 603 4935 operationibus
624 4864 658 4920 et
680 4856 807 4919 cautelis
828 4857 869 4920 ad
884 4857 1068 4923 latitudines
1091 4859 1328 4922 constituendas.
1376 4861 1436 4922 Pru
1460 4862 1512 4924 his
