3278 5550
258 274 323 349 686
860 280 900 334 De
920 280 1001 334 Luna

259 464 377 545 quidem
401 462 493 525 totius
513 461 741 525 accelerationis
755 481 809 544 per
824 469 919 522 totum
942 460 1136 541 quadrantem
1155 461 1221 541 jam
1241 470 1316 524 erat
1330 460 1404 527 milri
1420 462 1587 544 praescripta

260 555 365 616 eadem
396 553 513 639 scilicet
544 572 630 633 quae·
650 552 803 614 hactenns.
860 553 965 631 ltaque
997 560 1109 630 quanto
1138 570 1284 630 augerem
1320 552 1589 616 acceleratiouavia

259 643 391 723 copulis,
424 651 510 704 tanto
540 642 679 704 videbam
710 639 886 702 diminutum
911 640 945 701 iri
970 652 1087 701 ceteras
1114 650 1202 702 extra
1233 642 1377 722 copulas.
1427 640 1515 704 Sinus
1539 661 1589 722 erga

259 733 421 811 primorum
447 731 590 810 graduum
615 729 809 809 digressionis
833 729 936 790 Lunae
960 750 979 789 a
1002 728 1117 807 copulis
1141 749 1198 790 nou
1224 741 1318 792 eraut
1347 730 1454 810 magni
1477 749 1525 811 pre
1543 750 1590 793 ura

261 841 410 895 mensura,
436 822 517 882 sinus
542 839 612 880 vero
636 821 715 881 circa
737 819 867 899 quadras
892 826 922 879 et
945 818 1032 879 finem
1060 818 1236 899 quadrantis
1264 819 1359 881 nimis
1392 830 1482 881 eraut
1506 822 1589 900 mapi

260 912 304 972 Ar.
327 911 410 971 sinus
434 911 545 990 primns
569 920 600 971 et
623 910 807 970 incrementa
838 908 1022 987 sequentium
1052 916 1122 968 sunt
1153 908 1242 969 iudex
1277 909 1487 990 apparitionis
1512 910 1589 972 latire

261 1000 340 1061 dinis
363 1001 464 1061 circuli
491 998 714 1060 illuminationis
739 998 869 1071 Terrae;
899 1015 956 1057 non
981 1015 1052 1075 ergo
1076 1006 1109 1057 ut
1132 998 1290 1059 evanescit
1319 999 1457 1059 circulus
1478 999 1523 1060 tie
1541 999 1587 1065 Thr

260 1089 433 1151 minationis
456 1091 567 1151 Terrae
595 1088 624 1148 in
649 1089 751 1160 Luna,
785 1087 828 1146 sic
856 1085 948 1146 etiam
980 1084 1121 1148 minuitur
1153 1086 1337 1149 variationis
1371 1087 1531 1161 celeritas,
1555 1088 1591 1149 sl

261 1179 357 1259 magis
380 1178 586 1259 praecipitatis
610 1178 703 1238 utitur
727 1175 937 1248 decrementis,
960 1184 1027 1235 orta
1050 1196 1068 1234 a
1092 1175 1197 1255 maj0ri
1221 1176 1403 1256 quantitate
1429 1178 1529 1239 totius.

349 1268 442 1348 Coepi
476 1267 567 1347 igitur
596 1265 833 1344 circumspicere,
866 1264 1005 1344 quidnam
1030 1272 1113 1326 esset
1143 1263 1193 1326 hic
1222 1265 1357 1327 circulus
1392 1265 1593 1329 illuminationi

259 1359 382 1431 Terrae,
398 1357 445 1438 qui
467 1374 520 1435 pro
539 1366 654 1418 motnre
673 1353 875 1424 constituitur,
896 1353 987 1431 juxta
1002 1352 1124 1414 Terram
1142 1354 1238 1433 ipsam
1258 1354 1473 1435 inaequaliter
1488 1374 1594 1421 movens

256 1448 344 1527 juxta
362 1457 530 1508 moventem
551 1446 716 1526 aequaliter
731 1463 763 1504 se
782 1443 845 1520 ipso
860 1443 907 1512 (t),
929 1440 1042 1520 etquid
1064 1452 1300 1505 corrsentaueum
1319 1444 1365 1506 sit
1381 1445 1423 1505 ab
1439 1445 1495 1507 hoc
1512 1444 1597 1507 eoem

260 1535 489 1597 illuminationis
504 1535 626 1596 moveri.
663 1532 743 1596 Nam
762 1531 788 1592 si
803 1532 908 1592 eadem
928 1542 976 1590 est
989 1531 1092 1604 Terra,
1118 1551 1193 1612 quae
1210 1539 1315 1594 movet
1332 1533 1454 1614 duplici
1474 1540 1596 1612 respecta

260 1624 432 1686 stratisue
456 1625 501 1686 soi
526 1624 660 1702 corporis
691 1623 794 1683 diurno
826 1633 907 1681 motu
942 1620 1033 1681 rotati
1062 1628 1094 1681 et
1117 1612 1232 1682 ratione
1265 1640 1341 1683 suae
1377 1622 1596 1691 illuminationis

261 1715 365 1775 eodem
389 1714 476 1775 modo
496 1722 527 1774 et
549 1715 585 1773 de
607 1714 709 1774 Lunae
734 1729 856 1789 corpore
878 1709 1034 1770 dicendum
1058 1728 1127 1770 esse
1151 1709 1319 1783 videbatur,
1346 1720 1383 1773 ut
1409 1713 1519 1775 eadem
1537 1722 1600 1773 esee

262 1803 347 1865 Luna
370 1822 446 1883 quae
470 1810 640 1863 moveretur
663 1800 773 1881 duplici
798 1808 949 1876 respectu,
975 1808 1006 1859 et
1030 1797 1058 1859 iu
1083 1807 1226 1877 quantum
1249 1810 1299 1861 eet
1323 1801 1464 1863 solidum
1486 1801 1518 1863 iu
1537 1801 1600 1863 coel·

261 1911 380 1970 corpus,
396 1902 427 1953 et
442 1891 471 1952 in
493 1900 634 1970 quantum
660 1899 691 1951 et
712 1890 779 1968 ipsa
796 1887 980 1949 illuminatur
1001 1908 1020 1947 a
1035 1885 1117 1949 Sole.
1165 1888 1211 1949 De
1235 1888 1324 1969 hujus
1345 1891 1394 1951 rei
1420 1890 1600 1970 possibilitate

260 1989 293 2040 et
317 1980 413 2041 modis
438 1990 468 2041 et
493 1981 529 2041 de
553 2002 593 2056 τῳ
617 1984 689 2041 dion
713 1979 867 2058 disputent
889 1975 1096 2057 metaphysiei,
1122 1976 1193 2038 mihi
1216 1987 1372 2059 utsupra
1397 1980 1515 2043 dictum
1535 1998 1599 2041 mea·

260 2088 348 2131 surae
381 2078 512 2132 motuum
542 2070 637 2144 tales,
672 2087 748 2147 quae
780 2073 947 2145 appareant
975 2065 1004 2125 in
1027 2084 1124 2127 rerum
1153 2073 1270 2141 umora,
1303 2068 1341 2129 ad
1375 2068 1601 2149 investigando·

261 2167 331 2221 sunt
361 2158 542 2239 propositae.
558 2166 590 2220 et
612 2178 646 2219 ro
671 2153 724 2218 dn.
773 2156 879 2232 ltaque
904 2153 1021 2214 divisim
1046 2154 1148 2216 etiam.
1194 2156 1326 2218 Telluris
1353 2158 1483 2238 quidem
1506 2166 1599 2219 mutar

262 2248 387 2329 species,
411 2257 445 2311 ut
460 2247 547 2310 solidi
572 2246 715 2326 corporis,
741 2242 890 2324 aequabili
911 2262 1030 2304 suarum
1052 2243 1158 2305 virium
1176 2245 1375 2308 contentione
1400 2247 1597 2309 moretLumt

262 2356 385 2418 corpus,
409 2346 443 2399 ut
466 2356 593 2415 corpus,
624 2332 863 2397 modificantibus
892 2340 992 2392 tamen
1026 2333 1193 2395 intervallis
1216 2335 1303 2396 utin
1327 2335 1471 2414 planetis
1495 2334 1596 2397 eeter'e:

262 2437 294 2487 at
317 2427 450 2506 ejusdem
464 2426 594 2489 Telluris
609 2444 716 2504 corpus
735 2423 778 2484 uti
800 2423 957 2499 figuratum
974 2421 1055 2482 varie
1071 2421 1163 2483 habet
1183 2422 1364 2503 adspectum
1390 2421 1592 2488 illuminationi

263 2535 334 2578 suae
357 2535 463 2578 versus
487 2517 603 2577 Lunam
627 2521 805 2594 porrectum,
831 2518 931 2571 moret
959 2509 1092 2588 ejusdem
1115 2511 1220 2573 Lunae
1243 2531 1374 2593 corpuS,
1399 2513 1446 2576 uti
1470 2525 1502 2575 et
1523 2515 1590 2593 ips!
1622 2518 1624 2523 '

262 2606 345 2667 varie
365 2607 521 2685 figuratum
538 2604 630 2664 habet
646 2599 873 2664 illuminationis
893 2617 964 2660 suae
981 2600 1157 2680 adspectum
1173 2620 1278 2662 versus
1294 2601 1426 2664 Terram
1441 2611 1587 2684 perrecin
1619 2622 1627 2633 “

263 2697 367 2758 Movet
399 2695 500 2773 itaque
530 2711 679 2773 apparens
713 2688 840 2752 latitudo
873 2687 1014 2749 circulum
1045 2687 1291 2764 illuminationis,
1316 2699 1359 2751 et
1386 2690 1588 2773 quantumip
1626 2713 1629 2770 1

262 2784 355 2847 habet
377 2783 407 2845 in
432 2802 464 2843 ee
488 2782 657 2844 latitudinis
688 2777 861 2859 apparentis
887 2784 923 2837 et·
939 2784 1082 2856 quantum
1112 2778 1178 2858 ejus
1205 2778 1321 2840 invenit
1345 2779 1377 2841 in
1404 2781 1495 2844 Luna
1514 2776 1587 2867 queri

263 2885 408 2954 tempore.
448 2872 543 2952 Atqui
568 2872 672 2932 eadem
697 2878 767 2930 sunt
789 2866 974 2927 incrementa
996 2865 1135 2945 phasium
1158 2875 1375 2950 utrammque:
1401 2879 1436 2933 ut
1460 2888 1519 2953 quo
1534 2874 1587 2935 b

262 2982 334 3045 pore
358 2964 453 3025 Terra
476 2961 560 3022 videt
581 2962 697 3023 Lunam
731 2957 891 3027 falcatam,
924 2955 1027 3015 eodem
1052 2955 1138 3016 Luna
1170 2956 1271 3021 videat
1295 2958 1428 3022 Terram
1451 2958 1588 3041 puin

264 3061 297 3112 ut
319 3050 490 3114 ita'circuli
521 3047 746 3112 illuminationis
779 3043 918 3106 diametri
948 3043 1138 3105 latitudinum
1162 3046 1224 3107 sint
1255 3065 1377 3127 semper
1408 3046 1590 3129 paralleli,t

263 3141 399 3219 ejusdem
422 3159 459 3200 ex
482 3139 674 3201 inclinatione
696 3133 877 3217 quantitatis
901 3135 1083 3212 apparentis,
1108 3134 1137 3195 in
1162 3135 1390 3216 comparatione
1414 3138 1456 3198 ad
1480 3136 1589 3219 cujusne
1626 3156 1629 3166 ⁴

264 3237 343 3291 recte
373 3229 510 3307 objectae
541 3227 686 3288 visionem
719 3224 805 3306 quasi
828 3222 964 3302 totalem.
1011 3221 1093 3302 Ergo
1117 3231 1246 3285 nonest
1273 3225 1519 3290 distribuendum
1543 3220 1590 3287 ml
1626 3248 1629 3283 z

264 3319 430 3381 auctarium
454 3312 602 3379 132⁰ts⁴
625 3310 772 3394 super12
796 3312 900 3373 Lunae
924 3311 1127 3372 revolutiones
1149 3312 1293 3392 integras,
1319 3333 1381 3376 nou
1406 3324 1467 3391 est,
1492 3315 1590 3396 inqua
1625 3332 1629 3370 :

264 3406 500 3470 distribuendum
524 3406 685 3467 secundum
714 3420 882 3463 mensuram
912 3399 1057 3480 simplicis
1080 3401 1169 3481 hujus
1194 3402 1366 3465 latitudiuis
1399 3405 1541 3486 ellipseos
1559 3419 1591 3464 rer
1626 3426 1630 3458 ε

263 3498 366 3560 circuli
389 3495 618 3559 illuminationis
648 3491 841 3572 apparentis,
875 3489 928 3549 sed
953 3496 1075 3568 oportet
1104 3491 1186 3552 illam
1211 3490 1256 3551 bis
1280 3491 1451 3555 adhibere:
1484 3495 1538 3557 hoc
1556 3497 1590 3561 el
1628 3512 1630 3516 ’

264 3599 297 3650 ut
320 3585 500 3667 geometrice
533 3603 595 3645 rem
629 3584 769 3661 eloquar,
801 3598 857 3639 non
888 3578 1072 3665 incrementa
1103 3580 1235 3660 ipsorum
1265 3580 1386 3642 sinuum
1421 3578 1591 3664 digressiorit
1627 3601 1630 3637 1

265 3677 368 3738 Lunae
384 3676 421 3736 ab
437 3673 626 3756 oppositione
646 3672 693 3732 vel
711 3667 920 3748 conjunctione
937 3664 1028 3741 Solis,
1046 3676 1079 3728 ut
1094 3668 1250 3744 hacteuus,
1265 3669 1320 3730 sed
1336 3669 1529 3737 incrementa
1542 3688 1593 3753 que

265 3767 417 3828 dratorum
441 3763 558 3825 sinuum
583 3763 694 3824 debent
717 3758 812 3821 statui
835 3775 888 3837 pro
909 3774 1049 3817 mensura
1072 3758 1301 3820 accelerationis
1324 3758 1418 3840 hujus
1442 3762 1475 3824 in
1494 3758 1592 3843 copulis
1627 3776 1630 3783 '

352 3855 446 3917 Porro
470 3862 503 3914 ut
527 3860 662 3914 revertar
685 3850 722 3910 ad
748 3846 879 3918 initium,
913 3845 983 3906 talis
1014 3846 1147 3908 nascitur
1178 3849 1273 3908 forma
1304 3847 1398 3927 hujus
1429 3850 1595 3925 calculi,e

265 3965 324 4028 qua
347 3941 580 4006 luculentissime
613 3945 777 4020 appareat,
812 3945 874 3996 tam
907 3934 1104 3997 variationem
1134 3936 1283 4018 Tychonis
1316 3955 1410 4016 quam
1444 3954 1595 4021 sperem

264 4033 430 4103 Ptolemaei
453 4051 490 4092 er
513 4031 618 4093 eodem
642 4048 708 4090 esse
734 4028 827 4087 fonte.
866 4024 944 4089 Nam
969 4033 1034 4084 esto
1058 4025 1089 4085 iu
1113 4025 1231 4105 adjecto
1253 4025 1411 4088 schemate
1432 4030 1464 4091 A
1489 4037 1596 4092 ceum!

544 4174 549 4186 ,
901 4113 1021 4185 Terrae,
1046 4114 1102 4176 AB
1133 4114 1357 4177 semidiameter
1390 4114 1596 4181 illuminatior!

289 4254 293 4261 .
523 4174 578 4240 ΡΨ·
599 4168 640 4220 ¹⁸·
898 4203 1026 4273 Terrae,
1063 4200 1251 4265 Gcentrum
1278 4205 1404 4280 Lunae,
1439 4206 1503 4272 Gn
1529 4202 1596 4272 sarri

205 4364 208 4369 Δ
360 4282 652 4386 ὓῑῑζ··-·--··
672 4308 838 4350 *nm—⁴3
889 4291 1044 4352 diameter
1070 4291 1298 4357 illuminationis
1322 4293 1443 4358 Lunae.
1493 4298 1528 4363 Si
1547 4310 1597 4377 orgo

245 4434 247 4441 .
323 4314 434 4501 L
509 4382 687 4478 “NK
750 4338 812 4507 s
898 4398 1017 4460 semper
1041 4378 1100 4443 GD
1116 4390 1146 4443 et
1161 4382 1217 4445 AB
1241 4382 1411 4461 parallelae
1435 4405 1527 4467 quam
1547 4404 1597 4467 prr·

300 4482 316 4520 n
435 4493 630 4506 *****
631 4477 774 4548 *ἢ
898 4468 995 4547 rime,
1019 4477 1051 4532 et
1068 4469 1095 4531 si
1118 4471 1202 4532 sinus
1227 4468 1317 4534 GAD
1341 4473 1598 4557 multiplicatusir

901 4557 996 4620 einum
1021 4557 1109 4622 AGB
1134 4560 1208 4621 lacit
1231 4579 1400 4637 numerum,
1425 4566 1479 4644 qui
1502 4565 1599 4628 metitur

266 4647 466 4730 quantitatem
498 4670 549 4712 seu
581 4651 713 4731 vigorem
746 4647 976 4713 accelerationis
1006 4656 1225 4727 competentem
1256 4649 1285 4710 in
1316 4651 1375 4712 tali
1407 4652 1491 4728 situ,
1522 4655 1597 4717 aicrl
1628 4646 1631 4779 q

267 4739 368 4799 lectus
387 4738 446 4799 iste
469 4739 512 4801 sit
534 4741 681 4802 maximus
704 4740 732 4800 iu
757 4740 881 4822 copulis,
906 4735 979 4801 nihil
1004 4737 1032 4797 in
1056 4738 1198 4819 quadris:
1224 4739 1312 4800 facile
1336 4752 1488 4823 apparet,
1512 4744 1597 4824 sija!

266 4827 359 4894 etiam
381 4828 598 4912 prolongentur
621 4829 719 4892 lineae
739 4829 808 4906 AD,
833 4828 902 4907 BG,
925 4844 980 4907 per
1002 4827 1239 4892 ecceutricitatie
1262 4828 1472 4901 interventum
1495 4832 1596 4915 angult
