3278 5550
549 292 611 347 Pare
628 295 721 349 Tertia
759 297 840 365 caput
856 299 947 354 xxw.

164 462 246 529 Solia
274 466 376 532 medio
403 470 468 534 loco
496 473 526 536 in
550 469 611 537 22⁰
633 471 739 549 5913<
768 444 974 593 ''ae'ssssttt

554 562 603 629 10.
658 562 677 629 6
709 583 756 626 aa
784 589 827 644 ap
865 564 974 632 67467

550 650 603 715 2⁷.
639 651 677 717 ra
710 663 739 727 a
767 612 823 719 lar
866 651 973 720 orrea

555 722 983 823 maumam.

108 823 224 904 'etergo
247 823 426 904 longissima
448 850 503 903 aa,
538 849 615 912 quae
639 840 670 894 et
697 833 833 913 proxima
859 834 1001 916 perigaeo
1025 831 1124 908 Solie3
1158 833 1337 896 brevissima
1358 840 1419 910 αθ,

108 931 150 974 uae
170 912 266 976 etiam
287 914 490 978 remotissima
513 939 532 979 a
553 921 696 1002 perigaeo
719 921 818 998 Solis;
842 933 874 987 et
897 925 958 986 lere
983 922 1124 1003 aequales
1148 918 1192 996 αζ
1211 931 1242 985 ει
1265 946 1323 1001 cp,
1349 924 1421 1006 quia

107 1001 165 1065 liam
187 1020 266 1082 pene
289 1004 456 1084 aequaliter
479 1005 590 1072 abeunt
613 1031 632 1072 a
653 1012 803 1092 perigaeo.

156 1090 229 1153 Etsi
252 1110 324 1155 vero
347 1088 392 1166 al
411 1095 529 1185 longior
551 1106 600 1162 εει
622 1101 711 1182 paulo
743 1121 830 1183 quam
863 1125 916 1180 oq,
945 1120 1020 1181 quae
1043 1099 1163 1183 propior
1191 1101 1354 1181 perigaeo:
1389 1103 1420 1165 id

107 1162 171 1245 uela
196 1181 328 1245 exilitati
351 1183 527 1263 angulorum
550 1187 580 1249 in
598 1185 619 1262 ζ
637 1191 826 1255 tribuendum
850 1199 907 1267 est,
932 1209 1088 1272 perquam
1111 1189 1199 1251 facile
1218 1199 1281 1252 tam
1295 1210 1419 1271 parvum

107 1267 183 1353 quid
210 1278 364 1351 peccatur.
411 1271 511 1354 Ergo
540 1277 704 1342 circulus
728 1287 782 1361 ty,
807 1282 857 1361 qni
886 1279 1054 1359 descriptus
1078 1285 1126 1340 est
1150 1298 1168 1339 a
1191 1277 1358 1360 Copernico
1384 1300 1421 1343 ex

116 1367 222 1441 puncto
246 1362 441 1441 aequalitatis
464 1373 564 1427 motus
588 1369 715 1444 Terrae,
739 1390 805 1432 non
831 1377 888 1433 est
917 1371 987 1433 iter
1010 1371 1168 1432 Terrae:
1194 1369 1248 1431 sed
1272 1377 1319 1430 est
1342 1369 1419 1432 alius

107 1446 216 1531 'npiarn
249 1448 378 1513 circulus
409 1449 513 1531 θηεζ,
542 1454 573 1519 in
597 1476 654 1538 quo
680 1460 775 1522 Terra
806 1467 965 1533 versatur3
998 1459 1081 1540 cujus
1112 1464 1246 1520 centrum
1270 1457 1368 1539 vergit
1389 1460 1419 1521 in

107 1537 189 1602 ulem
212 1546 328 1619 partes,
354 1540 383 1602 in
407 1540 513 1622 quibus
537 1543 593 1610 Sol
616 1556 674 1620 est,
699 1549 816 1611 scilicet
837 1550 869 1611 in
892 1550 919 1627 β.

152 1627 188 1689 Iu
213 1629 313 1691 torma
335 1629 567 1697 Ptolemaica
587 1637 631 1700 eit
653 1639 755 1701 Tellus
779 1640 810 1703 in
825 1641 863 1716 A,
888 1636 971 1702 Solis
994 1636 1124 1718 sphaera
1147 1632 1271 1713 ΞΟΙΤ,
1294 1640 1323 1700 K
1346 1655 1418 1700 cen-

106 1733 144 1781 tu
157 1717 287 1800 epicycli
309 1720 490 1799 putativum,
514 1722 544 1785 id

106 1822 179 1888 upa,
199 1808 286 1869 circa
299 1809 378 1889 quod
392 1808 542 1892 epicyclus
920 1799 974 1865 ΗΒ·
995 1792 1037 1846 ⁷⁷·

106 1914 130 1959 a
148 1896 311 1978 putativus
326 1900 384 1974 ΔΓ,
406 1900 542 1981 aequalis

106 1986 200 2049 uriae
240 1986 323 2049 Solis
363 1989 458 2069 (quod
503 1990 542 2052 ad

106 2075 265 2139 trimodam
277 2077 543 2157 aequipollentiam

106 2172 140 2231 br
168 2165 358 2248 hypotheses
381 2166 539 2246 Oopernici

114 2253 229 2343 Bpahei
258 2263 306 2317 est
336 2257 540 2320 neceesarium

105 2350 156 2419 tiu,
192 2343 254 2405 etsi
281 2344 320 2405 ad
349 2355 539 2427 praesentem

105 2433 539 2508 nonstrationemnihilrelert,

127 2542 307 2604 quacunque
349 2525 540 2604 proportione

105 2618 126 2675 t
140 2612 226 2675 orbis
244 2611 325 2675 Solis
341 2621 373 2675 et
390 2614 541 2697 epicyolus

105 2710 218 2775 notam
230 2702 389 2765 dummodo
399 2703 541 2783 aequales

105 2784 198 2855 beant
213 2791 450 2866 restitutiones).
475 2791 541 2854 sit-

105 2881 539 2960 sAAlineaapsidumMartis.

105 2976 136 3033 at
155 2972 227 3042 AK,
252 2971 320 3044 ΑΛ,
352 2970 493 3053 paralleli
524 2969 672 3050 prioribus
697 2995 748 3044 ur,
772 2973 815 3032 ul
843 2976 909 3045 (rig.
929 2976 974 3041 lt)
1006 2972 1035 3032 iu
1069 2969 1278 3052 Cepernicana
1310 2969 1415 3033 forma.

104 3054 240 3121 heantnr
264 3079 302 3122 ex
325 3063 355 3123 Α
379 3069 482 3122 centro
506 3062 617 3123 Terrae
653 3059 751 3121 lineae
776 3061 844 3136 ΑΘ,
862 3061 931 3135 ΑΗ,
948 3062 1014 3135 ΑΕ,
1031 3061 1087 3122 ΑΖ
1109 3058 1248 3141 paralleli
1270 3057 1416 3141 prioribus

104 3148 128 3219 l,
147 3170 202 3225 ειη,
227 3171 277 3224 aa,
302 3145 346 3222 αζ
367 3157 399 3211 ει
426 3150 586 3229 aequales;
617 3156 652 3208 ut
674 3149 714 3215 sit
737 3150 822 3211 Mars
855 3169 933 3210 anno
966 3146 1060 3214 1590.
1084 3149 1114 3210 in
1140 3151 1177 3224 Θ,
1204 3145 1297 3213 1592.
1321 3148 1352 3211 in
1376 3152 1414 3224 ll,

104 3232 160 3301 bt.
175 3239 205 3299 in
222 3240 260 3311 E,
288 3236 382 3303 1595.
407 3240 437 3301 iu
452 3242 497 3302 Z:
524 3246 555 3301 ει
571 3237 659 3300 simul
683 3237 798 3300 medius
818 3238 900 3302 Solis
923 3249 1022 3302 motus
1045 3238 1082 3300 iis
1106 3237 1289 3319 temporibus
1313 3237 1417 3300 ordine

104 3329 195 3403 rAT,
219 3328 277 3401 Ar,
303 3329 371 3404 AO,
397 3324 463 3397 ΑΞ,
488 3336 523 3390 ut
544 3327 606 3390 sint
629 3329 687 3391 ΚΘ
712 3335 743 3389 ει
766 3329 828 3390 ΛΤ
846 3327 998 3410 paralleli,
1023 3334 1055 3388 et
1079 3327 1123 3390 sic
1146 3326 1298 3407 reliquae,
1328 3335 1416 3409 prout

104 3422 165 3481 tum
189 3425 240 3479 eet
262 3417 300 3479 de
324 3417 511 3480 Ptolemaica
538 3416 709 3498 hypothesi.
757 3415 909 3479 (lonnexis
937 3418 1028 3498 igitur
1053 3420 1090 3492 Θ,
1115 3420 1154 3493 Η,
1178 3418 1214 3488 Ε,
1238 3419 1264 3477 Ζ
1286 3435 1352 3478 cum
1375 3418 1413 3491 Κ,

104 3506 323 3569 monstrabitur
348 3509 396 3581 (ut
410 3506 508 3587 prins)
532 3507 638 3568 iisdem
662 3507 750 3587 plane
774 3507 914 3583 numeris,
939 3506 1025 3568 lineis
1045 3513 1076 3569 et
1099 3505 1226 3586 augulis,
1248 3504 1304 3566 has
1319 3505 1415 3567 lineas

104 3604 188 3657 aeter
212 3595 382 3675 opinionem
407 3616 474 3657 esse
499 3595 683 3675 inaequales,
707 3615 742 3657 ac
766 3606 926 3675 propterea
948 3596 1078 3658 Martem
1101 3614 1159 3655 non
1183 3594 1212 3655 in
1236 3592 1345 3655 circulo
1364 3595 1416 3656 ΓΔ

104 3684 190 3759 reati,
216 3685 303 3765 cujus
327 3685 369 3747 sit
391 3694 527 3748 centrum
551 3684 580 3745 iu
605 3688 637 3746 K
655 3694 766 3766 puncto
799 3685 992 3765 aequalitatis
1016 3695 1128 3757 motus,
1161 3683 1215 3744 sed
1237 3683 1267 3745 in
1289 3686 1415 3747 ΖΕΗΘ

103 3774 196 3847 aulo,
232 3773 318 3854 cnjus
352 3783 486 3837 centrum
511 3795 529 3834 a
553 3778 585 3836 K
604 3793 709 3836 versus
733 3777 761 3836 B
783 3783 904 3854 vergat,
938 3774 1151 3855 propemodum
1182 3772 1212 3833 in
1244 3771 1325 3833 linea
1339 3774 1413 3848 KB,

103 3881 137 3925 ae
164 3863 206 3923 sit
230 3864 391 3942 parallelos
415 3863 513 3925 lineae
537 3883 575 3925 ex
599 3865 628 3925 Α
642 3863 737 3925 Terra
758 3881 812 3942 per
832 3863 1005 3944 perigaeum
1025 3862 1106 3924 Solis
1130 3862 1248 3922 ductae.

151 3951 266 4030 Vergit
289 3952 380 4033 igitur
404 3972 568 4034 apogaeum
593 3951 717 4035 epicycli
741 3952 771 4014 in
793 3952 966 4033 perigaeum
981 3952 1072 4016 Solis.
1110 3950 1152 4013 Et
1170 3951 1240 4030 quia
1263 3948 1413 4032 epicyolue

103 4048 189 4123 apter
215 4040 416 4104 omnimodam
440 4041 719 4124 aequipollentiam,
742 4050 776 4104 ut
794 4042 859 4121 jam
883 4042 1009 4116 dictum,
1032 4039 1186 4123 ponendus
1211 4044 1257 4099 est
1280 4039 1413 4119 aequalis

103 4129 202 4193 cuitui
227 4127 320 4206 Solis,
345 4140 376 4193 et
400 4133 458 4194 ZK
479 4131 642 4212 parallelos
666 4131 722 4211 ipsi
748 4127 813 4200 ΞΑ,
838 4138 870 4192 ει
893 4133 954 4193 ΕΚ
972 4130 1030 4212 ipsi
1056 4128 1114 4198 ΘΑ,
1139 4135 1170 4189 ει
1194 4130 1254 4189 HK
1273 4125 1331 4206 ipsi
1358 4127 1411 4202 lA,

115 4222 180 4285 61(
208 4217 268 4299 ipsi
293 4221 369 4285 TA:
404 4221 496 4302 igitur
528 4220 620 4283 etiam
653 4221 735 4299 ipsas
760 4215 833 4295 ΞΑ,
860 4219 935 4295 ΘΑ,
961 4220 1025 4293 ΙΑ,
1052 4217 1108 4280 ΤΑ
1137 4215 1311 4296 inaequales
1344 4236 1411 4279 esse

103 4308 229 4373 risimile
260 4316 324 4386 est,
358 4318 389 4372 et
421 4318 563 4391 punctum
593 4309 682 4372 medii
715 4309 773 4371 loci
805 4307 886 4371 Solis
919 4309 1096 4383 (Braheana
1127 4305 1247 4368 notione
1278 4312 1411 4368 centrum

102 4397 191 4483 leyeli
225 4395 322 4474 Solis)
352 4418 407 4480 per
439 4399 594 4463 circuitum
623 4421 642 4461 a
670 4408 781 4480 puncto
820 4397 1014 4480 aequalitatis
1050 4397 1163 4459 distare
1201 4393 1408 4476 inaequaliter.

102 4488 153 4553 tad
175 4485 276 4550 obiter
297 4488 457 4569 interjeci:
489 4489 562 4552 nihil
585 4510 613 4552 n.
637 4489 712 4552 facit
734 4487 773 4549 ad
796 4495 987 4569 praesentem
1016 4483 1321 4597 demonstrationqn,
1352 4483 1409 4547 nisi

102 4578 140 4641 sel
163 4595 235 4639 eam
257 4578 394 4641 extendit
416 4579 556 4659 amplius.

148 4668 185 4729 ln
208 4665 307 4729 forma
329 4667 555 4750 Tychonioa
578 4666 619 4729 sit
639 4667 669 4730 A
693 4671 759 4740 (rig.
788 4671 832 4738 ⁷8)
855 4666 960 4741 Terra,
984 4671 1075 4726 etex
1098 4681 1134 4724 ea
1157 4660 1305 4725 scribatur
1327 4661 1410 4726 Solis

102 4754 272 4821 aoentricns
288 4753 354 4833 GD,
376 4757 427 4839 qni
451 4765 574 4839 putetur
596 4774 664 4818 esse
688 4756 826 4820 deferens
850 4762 984 4838 systema
1005 4752 1204 4834 planetarum,
1228 4770 1295 4817 cum
1317 4752 1358 4813 sit
1379 4755 1409 4817 A

102 4852 206 4911 sctum
228 4844 422 4927 aequalitatis
445 4854 544 4912 motus
566 4845 748 4911 concentrici
768 4842 862 4913 Solia,
909 4844 978 4911 Erit
999 4843 1100 4931 itaque
1123 4839 1178 4906 Sol
1200 4838 1265 4925 ipse
1294 4842 1326 4908 in
1348 4843 1408 4908 alio

1142 4955 1200 5014 18*
