3278 5550
626 305 668 359 De
687 306 770 359 Lana
1312 308 1374 377 681

15 486 80 548 hoc
106 486 154 561 tlt)
184 484 323 565 aequatio
352 492 507 545 menstma
535 485 618 545 nulla
646 493 709 553 est,
739 484 903 564 ubicunque
927 486 1014 547 Luna
1041 485 1109 566 ipsa
1136 488 1187 548 sit.
1231 491 1280 551 lta
1302 491 1380 553 satis

16 575 136 637 clarum
160 572 298 646 efficitur,
323 574 498 635 tarditatem
519 592 557 633 ex
572 573 729 634 intervallo
746 582 834 635 aucto
850 593 918 633 esse
939 574 1029 652 duplo
1048 576 1191 654 majorem
1206 577 1235 637 in
1253 578 1377 657 copulis,

16 684 112 744 qnam
136 660 238 725 rel'iu
262 661 392 743 planetis
423 662 547 735 ceteris,
576 663 624 723 vel
649 661 739 723 etiam
763 662 791 722 in
816 663 884 742 ipsa
906 663 1008 737 Luna,
1033 683 1098 725 cum
1122 665 1185 741 ejus
1209 685 1377 744 apogaeum

15 763 71 814 est
95 753 124 813 iu
149 752 287 831 quadris;
321 758 353 811 et
375 751 405 811 id
429 771 521 812 causa
545 751 663 830 quidem
688 751 774 829 bajus
804 760 976 815 menstruae
1005 752 1230 832 inaequalitatis
1258 757 1376 833 prioris.

113 843 213 901 Valde
237 840 329 919 igitur
353 840 488 902 laboravi
513 841 668 913 hactenus,
693 850 726 901 ut
740 841 918 902 variationis
941 843 1094 919 negotium
1118 861 1184 903 cum
1209 842 1266 904 hac
1290 864 1377 905 meu-

15 941 110 991 strua
143 930 321 1011 aequatione
353 928 392 989 ab
425 929 530 990 iisdem
563 928 662 990 causis
695 929 830 1010 physicis
867 930 1063 992 deducerem:
1105 931 1158 991 sed
1192 932 1303 993 frustra
1337 933 1378 995 fui

15 1020 185 1081 hactenus:
219 1021 413 1079 alternm'ex
441 1020 537 1079 altero
569 1037 627 1079 nun
658 1019 809 1096 sequitur,
841 1019 995 1098 quodlibet
1025 1029 1073 1080 eat
1095 1040 1113 1079 a
1137 1039 1189 1080 suo
1220 1021 1376 1101 principio.

14 1108 88 1173 Non
125 1108 229 1169 dubito
260 1128 469 1185 upumsuoaoe
502 1108 561 1180 (sic
585 1106 779 1169 Ptolemaeus
814 1108 962 1187 appellat)
995 1126 1117 1169 causam
1148 1110 1175 1169 in
1200 1109 1267 1188 ipsa
1290 1111 1378 1172 Luna

15 1217 103 1269 ease,
127 1198 207 1257 sicut
229 1197 256 1256 in
281 1196 453 1257 uuiversum
476 1195 710 1257 eccentricitatis
735 1215 844 1257 causae
871 1198 973 1258 iusuut
996 1197 1025 1261 in
1050 1196 1124 1276 ipsis
1147 1198 1245 1275 globis
1269 1200 1376 1279 plane-

15 1298 140 1360 tarum,
172 1285 348 1346 variationis
380 1304 452 1347 vero
485 1303 607 1345 causam
639 1304 707 1344 esse
737 1285 765 1344 in
791 1285 897 1358 Terra,
922 1286 1027 1347 Lunae
1050 1287 1191 1360 metrice,
1220 1297 1376 1367 utrumque

16 1385 123 1436 tamen
156 1372 316 1435 secundum
348 1374 603 1435 illuminationem·
628 1374 750 1453 ejusque
781 1373 901 1450 phases.
949 1375 1057 1454 Itaque
1090 1375 1259 1437 consultum
1292 1386 1374 1455 puto,

16 1463 231 1537 variationem,
255 1463 347 1523 etiam
372 1481 448 1542 quae
471 1472 629 1525 rueretrua
652 1471 708 1535 est,
735 1462 892 1522 acircello
909 1463 972 1536 BL,
999 1465 1047 1543 qui
1072 1485 1197 1538 annuus,
1223 1484 1375 1527 removere

15 1553 131 1625 verbis,
156 1552 228 1612 illud
252 1570 322 1612 vero
340 1551 516 1631 simpliciter
540 1551 699 1623 affirmare,
725 1550 879 1628 portiones
902 1552 1080 1613 variationis
1104 1573 1277 1615 accrescere
1301 1572 1374 1632 gra-

15 1640 108 1703 dibus
132 1640 296 1703 distantiae
319 1642 424 1702 Lunae
448 1660 468 1700 a
490 1641 562 1702 Sole
587 1641 654 1712 (seu
683 1639 801 1718 angulis
827 1640 925 1714 FAD)
950 1641 978 1700 iu
1003 1642 1194 1721 proportione
1223 1651 1376 1722 quaeunt

16 1730 170 1811 quadrata
189 1730 304 1791 sinuum
323 1728 486 1790 distantiae
501 1730 605 1790 Lunae
625 1728 791 1807 aquadris.
831 1729 921 1789 Addo
941 1729 1228 1791 demonstrationem
1248 1731 1373 1793 iucboa·

15 1828 81 1880 tam
99 1819 346 1896 aequivalentiae.
380 1818 429 1880 Sit
445 1817 656 1898 unadra,N
673 1816 790 1896 copula,
1219 1814 1222 1819 ’

17 1904 90 1980 GH,
109 1907 163 1976 Hi,
180 1908 232 1978 IK,
253 1908 320 1978 Kb,
335 1906 405 1980 LM,
421 1909 485 1970 MN
509 1916 612 1986 partes
636 1906 789 1986 aequales.

17 1995 88 2066 ΝΟ,
110 1994 174 2066 ΟΡ,
194 1994 258 2070 Po,
278 1994 347 2071 QR,
369 1996 432 2070 Rs,
458 1997 509 2059 ST
527 1996 658 2067 ¹totidem
681 2005 785 2073 partes

18 2084 146 2165 duplae:
172 2086 255 2147 sinus
277 2085 336 2164 ipsi
360 2085 421 2146 sint
446 2086 514 2159 NA,
536 2084 608 2155 ΜΒ,
632 2082 694 2156 Le,
716 2082 783 2156 KD,

11 2172 68 2248 -IE,
84 2174 150 2235 HF.
191 2174 231 2234 Et
249 2174 311 2235 siut
329 2174 484 2253 duplorum
508 2192 629 2235 arcuum
652 2171 785 2251 sagittae

18 2260 82 2330 NT,
104 2260 174 2333 OV,
189 2262 257 2335 PX,
274 2261 342 2336 QY,
361 2263 433 2336 ΒΧ,
454 2261 520 2323 SV.
558 2260 787 2323 Demonstravit

19 2350 110 2431 igitur
122 2350 229 2412 Justus
244 2352 386 2432 Byrgius,
404 2360 436 2412 ut
450 2351 509 2412 AN
525 2351 563 2411 ad
578 2351 649 2423 BM,
665 2349 786 2428 duplam

16 2458 85 2503 esse
119 2440 340 2520 proportionem
371 2441 424 2501 TN
455 2441 494 2501 ad
517 2439 592 2511 VO,
627 2440 705 2500 sicut
737 2448 786 2498 est

13 2528 110 2611 dupla
133 2529 287 2608 proportio
312 2529 450 2608 quadrati
465 2529 523 2590 AN
549 2528 587 2589 ad
607 2528 785 2608 quadratum

10 2616 89 2681 ΒΜ.
135 2619 184 2679 Ita
213 2618 360 2679 linearum
389 2620 428 2690 A,
461 2618 497 2691 B,
529 2615 569 2689 C,
596 2617 640 2689 D,
673 2615 717 2684 Fr,
749 2617 784 2690 F,

10 2707 167 2789 quadrata
195 2706 299 2768 insunt
328 2707 520 2785 proportione
549 2705 577 2766 iu
608 2704 697 2766 lineis
720 2705 785 2781 TN,
890 2764 893 2769 .

10 2794 90 2868 VO,
108 2796 175 2870 XP,
199 2793 270 2866 YQ,
293 2795 364 2869 XR,
388 2794 461 2869 VS,
494 2795 544 2856 ubi
568 2813 686 2874 semper
709 2794 786 2854 duae

10 2882 77 2947 [Ν
112 2894 145 2945 et
171 2884 226 2946 VS
258 2895 391 2962 aequant
424 2885 620 2956 diametrum,
652 2883 696 2943 sic
718 2882 786 2955 PX,

10 2971 90 3047 ΒΧ,
114 2975 158 3034 sic
182 2970 249 3045 QY,
274 2972 352 3044 YQ:
383 2980 417 3033 ut
438 2974 482 3033 ita
513 2972 610 3033 lacilis
634 2972 676 3033 sit
704 2971 843 3033 collectio
872 2993 1014 3040 summae.
1061 2982 1109 3044 Ex
1136 2984 1192 3047 hoc
1221 2988 1369 3066 quadam.

10 3072 108 3125 tenus
132 3069 267 3142 apparet,
290 3081 349 3142 quo
374 3061 568 3123 fundamento
593 3062 707 3122 nitatur
728 3061 806 3138 apud
822 3062 993 3142 Tycbouem
1017 3069 1155 3135 circellus
1178 3076 1368 3150 variationis,

9 3154 59 3214 uic
87 3152 196 3213 affixus
220 3148 257 3211 ad
283 3150 411 3212 orbitarn
435 3151 555 3222 Lunae,
585 3161 617 3210 ut
640 3150 697 3210 NT
720 3169 785 3210 eam
808 3152 894 3230 quasi
923 3164 1032 3236 tangat
1054 3159 1083 3220 iu
1107 3162 1155 3236 A;
1188 3183 1243 3226 nec
1267 3174 1367 3228 tamen

9 3238 73 3303 NT
99 3250 201 3301 manet
223 3241 356 3319 ejusdem
380 3240 584 3318 longitudinis.
632 3236 707 3299 Cum
730 3240 809 3300 euim
832 3243 890 3302 AT
914 3243 1102 3310 librationem
1133 3252 1228 3314 faciat
1250 3274 1369 3336 semper

9 3327 72 3394 ‘il‘
98 3331 126 3391 in
151 3330 337 3410 apparentia,
362 3328 420 3388 erit
442 3328 533 3406 igitur
556 3327 655 3389 brevis
678 3328 707 3389 in
724 3329 876 3408 perigaeo,
901 3320 989 3413 longa
1013 3335 1042 3397 in
1059 3340 1250 3419 apogaeo.*)
1279 3343 1371 3406 Ponit

9 3429 123 3483 autem
146 3420 261 3480 Lunam
292 3418 321 3478 iu
346 3419 375 3478 A
398 3417 427 3477 in
452 3421 489 3492 00,
519 3417 548 3478 iu
573 3419 599 3478 T
623 3419 651 3477 in
675 3426 795 3479 notante
825 3419 950 3498 gibbae,
975 3423 1005 3484 in
1028 3427 1058 3486 A
1081 3427 1110 3488 in
1135 3431 1264 3509 quadra,
1287 3433 1369 3496 inN

10 3508 46 3571 in
72 3517 196 3570 octaute
221 3506 361 3578 falcatae,
387 3506 417 3566 in
440 3508 470 3567 A
493 3526 608 3568 rursum
633 3506 661 3566 in
685 3509 723 3582 ό.
770 3505 837 3586 Ego
860 3528 932 3571 vero
960 3531 1071 3575 causas
1098 3517 1239 3599 physicas
1262 3522 1369 3584 eodem

10 3599 164 3659 ducentes
189 3596 233 3657 sic
256 3595 382 3675 explico,
407 3602 440 3655 ut
463 3596 499 3655 de
523 3615 620 3657 auauo
646 3604 727 3656 motu
746 3596 849 3656 Lunae
869 3597 984 3674 aSole,
1008 3602 1057 3682 qui
1081 3615 1130 3666 est
1150 3608 1368 3671 revolutionum

16 3684 60 3748 12
86 3695 120 3746 et
145 3681 225 3747 132ο
247 3677 312 3757 45’,
335 3684 404 3745 illas
428 3685 545 3762 quidem
568 3684 771 3746 revolutiones
798 3683 836 3746 12
860 3689 1027 3766 aequaliter
1050 3693 1211 3774 dispertiar
1233 3697 1262 3758 in
1287 3708 1366 3759 tem-

10 3792 96 3855 pora
117 3774 271 3855 aequalia,
306 3772 472 3851 superfluos
496 3791 566 3835 vero
593 3769 672 3834 132ο
694 3769 747 3836 45’
777 3773 874 3835 tribuo
905 3776 1133 3843 illuminationis
1166 3785 1311 3865 phasibus
1334 3796 1369 3849 ut

12 3863 153 3944 regulae,
177 3864 235 3925 imo
260 3861 417 3941 apparenti
446 3862 597 3923 latitudini
626 3861 727 3923 circuli
757 3862 984 3927 illuminationis
1007 3869 1056 3930 vel
1079 3873 1258 3936 semicirculi
1283 3878 1366 3948 (uam
1456 3904 1459 3911 ·

13 3954 55 4016 de
82 3971 174 4014 causa
198 3951 266 4031 ipsa
289 3950 435 4011 efficiente
455 3949 547 4029 jubeo
570 3951 761 4013 considerare
784 3953 1018 4034 metaphysicos,
1043 3960 1184 4037 quidnam
1207 3963 1265 4036 sit,
1288 3966 1368 4044 quod

14 4044 78 4105 bac
101 4042 206 4120 regula
228 4048 330 4102 utatur
353 4040 380 4100 in
405 4040 551 4100 movenda
574 4040 674 4114 Luna,
700 4040 725 4100 si
749 4060 807 4102 non
830 4042 934 4104 volunt
961 4047 1098 4123 credere,
1129 4050 1249 4114 luminis
1272 4052 1367 4131 ipsius

15 4142 52 4194 ut
76 4132 119 4192 rei
143 4129 290 4192 naturalis
314 4129 391 4189 hanc
414 4147 480 4189 esse
505 4129 589 4201 vim).
636 4129 706 4190 lam
730 4149 803 4192 vero
830 4130 1008 4196 decrescunt
1034 4137 1145 4216 phasea
1176 4140 1236 4202 sic:
1266 4141 1367 4221 posita

14 4224 47 4285 A
73 4220 179 4293 Terra,
204 4216 264 4279 NG
288 4216 491 4290 concentric'o,
524 4218 550 4279 N
575 4219 696 4298 copula,
721 4216 750 4279 G
774 4219 905 4298 quadra,
934 4220 1063 4285 latitudo
1086 4227 1190 4291 circuli
1213 4229 1366 4293 illumina-

13 4308 111 4373 tionis
135 4307 246 4369 Terrae
269 4307 317 4368 vel
341 4306 445 4366 Lunae
475 4306 655 4368 altrinsecus
686 4325 835 4387 apparens
868 4318 916 4370 est
943 4310 974 4372 in
997 4317 1190 4394 proportione
1221 4318 1366 4383 linearum

14 4400 90 4472 NA,
112 4396 306 4469 MB‚...HF.
340 4392 472 4474 Cumque
489 4394 592 4470 Terra,
617 4405 763 4476 quatenus
787 4396 954 4461 illuminata
976 4400 1032 4463 boc
1051 4404 1258 4482 adjnureutitio
1282 4414 1372 4470 motu'

14 4496 143 4551 moveat
168 4486 300 4559 Lunam,
329 4483 432 4545 itidem
463 4493 610 4562 quatenns
639 4485 809 4547 illuminata
832 4495 878 4547 est
900 4487 970 4563 illa,
1002 4492 1108 4554 eadem
1134 4512 1204 4555 vero
1228 4496 1364 4577 utrinque

256 4624 329 4631 ----ι

108 4685 138 4757 ·)
159 4688 211 4742 Eat
230 4688 314 4742 etiam
335 4688 446 4742 libratio
461 4694 583 4759 tempore
604 4691 767 4761 inaequalia,
789 4693 942 4748 absolvitur
958 4693 1029 4749 enim
1045 4711 1062 4749 a
1076 4700 1177 4768 copula
1192 4700 1219 4753 in
1234 4703 1364 4771 quadrum

13 4787 116 4828 vm
143 4768 343 4824 semidiameter
362 4768 411 4822 AT
432 4767 483 4833 bia,
506 4769 564 4822 aive
584 4770 675 4824 brevia
705 4772 775 4825 haec
803 4780 903 4844 quarta
931 4775 1031 4829 mensis
1062 4776 1160 4844 luerit,
1191 4781 1250 4833 aive
1276 4781 1364 4853 longa

15 4863 155 4923 rumpere.
194 4848 240 4905 lta
258 4848 344 4905 etiam
363 4848 458 4925 Tyeluo
477 4849 602 4906 omuibus
621 4852 708 4907 nodia
727 4860 855 4909 reantur
873 4854 903 4909 in
921 4854 1048 4928 physica.
1117 4884 1123 4889 ·
