3278 5550
170 270 235 341 118
585 274 686 324 utam
704 274 807 339 Keplcrl
826 274 976 340 aliorumque
994 279 1097 353 mutuae

165 451 249 513 Quare
269 453 360 517 absque
378 450 553 514 impedimento
570 465 621 500 uon
638 465 735 515 semper
752 465 862 514 passum.
887 451 953 517 quod
970 453 1076 501 maxime
1095 464 1168 519 curo„
1200 449 1318 518 Ooglta,'
1332 450 1412 512 maa,
1438 450 1525 503 leben

71 560 72 565 ,
162 526 197 573 mi
216 524 337 588 Keple'rc,
366 533 394 574 ut
420 529 508 585 aperta
534 524 576 571 ria
593 518 756 589 progrediaris
773 531 800 572 ct
818 526 901 572 omnia
925 526 1031 587 penitius
1044 522 1196 586 specularis,
1215 524 1267 572 sire
1285 525 1310 572 ln
1328 530 1376 572 tna
1394 522 1525 587 hypatian*

163 597 215 644 siro
235 612 278 659 par
297 610 423 646 excessum
441 597 522 657 potius
548 595 645 651 circuli,
673 601 702 642 ut
725 595 845 649 rationem
870 594 928 643 inde
950 607 1034 644 reram
1058 600 1085 642 et
1108 592 1249 642 lacibimam
1274 607 1357 653 eruam
1376 593 1523 660 inquirendi

163 665 230 717 Nam
249 675 306 718 tuus
324 669 411 717 modus
430 665 493 714 adeo
512 665 647 715 laboriosus
664 674 692 715 et
709 666 843 723 taediosus,
863 673 891 714 ut
908 666 986 729 primo
1004 667 1096 714 intuitu
1113 665 1252 714 absterreat
1271 662 1316 716 aa

250 741 447 819 Keplerus:
487 738 599 805 hliram
626 738 709 798 tuam
737 737 911 800 audaciam!
954 738 1036 798 Tune
1068 754 1289 816 meprovoccs
1314 736 1520 817 confingendis

161 827 401 909 hypothesibus?
449 824 525 888 Cum
550 846 604 907 ego
629 828 785 905 planetam
800 848 818 886 a
834 826 945 888 circulo
968 827 1066 888 dicam
1089 826 1217 905 ingredi,
1241 834 1273 887 tn
1293 827 1383 911 paria
1409 826 1519 890 faciens

162 917 237 979 dicis
262 919 373 997 egredi.
423 915 558 977 Obviant
581 916 672 995 igitur
696 912 822 977 invicem
846 910 930 977 meus
956 924 986 977 et
1012 923 1082 989 tups
1105 915 1189 975 Mars
1217 915 1248 977 in
1272 915 1426 995 angustiis
1449 934 1518 996 por·

159 1014 267 1081 tarum,
293 1008 361 1068 vide
385 1015 453 1066 uter
477 1000 592 1067 fortior.
641 1006 708 1065 Non
734 1006 793 1065 fert
816 1025 899 1066 meus
924 1005 1001 1065 huuc
1025 1004 1206 1066 aemulum.-

373 1094 424 1156 Sic
450 1113 564 1173 quoque
590 1092 756 1155 Alexandri
780 1113 946 1174 pugnacem
969 1094 1092 1155 imitata
1113 1092 1273 1173 phalanga

462 1181 558 1244 Simia
581 1184 641 1245 fert
664 1183 794 1247 humeris
819 1182 933 1245 Martia
956 1182 1018 1244 tela
1044 1183 1116 1255 suis,

368 1272 464 1335 Tela:
490 1272 543 1333 sed
568 1274 691 1335 avulsos
714 1291 805 1334 curva
828 1272 914 1334 Jovis
938 1272 1049 1343 arbore¹
1069 1289 1179 1345 ramos,
1265 1334 1279 1347 ¹,

356 1428 358 1432 ,
463 1359 548 1431 Quos
569 1380 679 1441 magno
703 1361 813 1423 boreas
836 1362 948 1441 impete
972 1361 1084 1434 stravit
1106 1358 1197 1433 humi,

375 1451 439 1513 Aut
463 1451 553 1530 longa
575 1469 719 1513 annorum
744 1452 838 1513 series
861 1450 1036 1531 putredine:
1060 1448 1141 1510 bello

461 1536 607 1601 Omnibus
632 1549 664 1601 ut
686 1540 805 1620 possint
828 1560 886 1601 non
910 1548 1010 1601 tamen
1035 1547 1108 1621 apta
1131 1536 1205 1617 geri.

249 1622 316 1706 Ego
339 1630 378 1689 mi
394 1629 512 1689 Fabrici
530 1649 587 1692 nou
604 1630 715 1708 ingenii
734 1629 933 1715 volubilitate,
959 1647 1016 1689 non
1032 1628 1152 1708 poetica
1174 1633 1227 1686 aut
1240 1623 1370 1704 pictoria
1386 1625 1514 1705 fingendi

90 1747 96 1757 ·
157 1716 281 1777 licentia
313 1726 377 1779 su'm
402 1719 558 1793 inductus,
592 1728 626 1780 ut
647 1720 794 1790 dicerem,
819 1718 935 1796 ingredi
959 1719 1090 1779 Martem
1121 1715 1299 1789 adlatera,
1330 1712 1388 1774 aed
1411 1715 1513 1795 obser·

44 1792 47 1811 '
156 1805 309 1867 vationum
333 1807 562 1869 Braheanarum
586 1808 667 1868 filum
691 1809 1021 1887 demonstrationesque
1045 1814 1169 1867 secutus
1192 1803 1331 1866 invictas.
1379 1804 1425 1865 Tu
1449 1804 1514 1868 liert

156 1894 270 1973 liugas,
296 1898 371 1974 quod
397 1896 452 1958 tibi
476 1898 566 1957 animi
591 1897 682 1958 libido
699 1898 794 1958 dictet
816 1907 848 1959 et
871 1897 1009 1976 fatigeris
1025 1896 1063 1956 ad
1086 1903 1213 1955 mortem
1237 1902 1340 1974 usque,
1366 1892 1513 1973 ingenia!

154 1984 298 2063 perdens,
323 1986 380 2046 hoc
405 1987 476 2061 scio,
501 1995 532 2046 te
558 1988 670 2048 frustra
694 1986 817 2066 fatigari
840 1994 872 2048 et
895 1995 995 2047 actum
1020 2002 1126 2064 agere,
1153 2002 1227 2052 cum
1257 1982 1361 2063 potius
1385 1983 1512 2047 aarum

119 2142 122 2151 y
156 2080 188 2133 et
211 2072 322 2151 ingenii
347 2076 408 2136 vim
432 2076 470 2136 ad
495 2084 579 2136 certa
603 2076 769 2148 transfers,
803 2085 833 2135 et
858 2075 927 2154 quia
950 2075 1100 2154 cupiditas
1123 2081 1177 2133 tua
1200 2071 1371 2151 ingeniique
1396 2071 1512 2136 volubi-

154 2161 227 2223 litas
259 2163 434 2226 destituitur
463 2164 500 2225 ab
531 2164 646 2225 invicta
676 2165 854 2226 fortitudine
871 2162 1030 2225 insistendi
1055 2162 1171 2242 coeptis
1200 2169 1232 2222 et
1255 2181 1274 2221 a
1301 2160 1466 2240 prudentia
1484 2161 1539 2239 ’1Ἰ

154 2251 320 2330 deligendis
346 2253 703 2333 laboribus;.aggredere
728 2246 818 2332 igitur
832 2252 1049 2333 Ephemerid'es
1074 2262 1116 2312 ex'
1135 2250 1247 2311 tabulis
1266 2250 1332 2328 jam
1359 2250 1512 2326 lectiani

152 2341 333 2419 operatibi
366 2362 423 2405 non
455 2343 498 2404 ita
520 2343 629 2404 misere
653 2352 774 2424 pereat,
807 2343 885 2425 quin·
901 2342 1001 2423 potins
1026 2341 1162 2421 adspiret
1181 2340 1221 2400 ad
1249 2339 1379 2418 'aliquod
1409 2334 1539 2411 bonu]

150 2430 312 2509 publicum.
353 2430 415 2493 Sed
439 2427 472 2492 et
492 2432 567 2494 illud
592 2452 649 2509 non
674 2443 755 2494 recte
779 2432 881 2505 habet,
906 2432 990 2510 cujus
1014 2450 1107 2492 causa
1130 2428 1297 2490 introducis
1322 2428 1416 2491 istam
1441 2448 1510 2491 era·
1538 2485 1539 2489 ,

151 2520 314 2598 gationem.
364 2520 467 2583 Oausa
490 2522 578 2596 enim,
604 2514 655 2584 cur
680 2542 715 2584 ex
741 2519 759 2584 3
785 2521 972 2602 acrouychiis
996 2540 1053 2582 uon
1077 2519 1178 2600 possit
1201 2514 1417 2598 aliquid'certi
1439 2518 1508 2582 σοι’·
1536 2557 1539 2588 ι

150 2608 244 2682 cludi,
280 2618 329 2671 est
360 2610 436 2673 haec
470 2611 551 2685 sola,
586 2612 664 2691 quod
697 2611 822 2672 liberam
856 2609 1049 2690 relinquimus
1073 2608 1241 2669 sectionem
1275 2604 1507 2670 eccentrioits'tir
1536 2626 1539 2631 ·

150 2699 319 2778 aequantis.
366 2700 416 2760 At'
443 2701 470 2761 si
493 2699 656 2779 imperetur
679 2710 778 2775 certa,
805 2701 832 2761 h.
857 2698 1053 2786 erbisectio,
1081 2698 1144 2778 jam
1168 2696 1288 2758 omnino
1319 2695 1427 2777 aliqua
1445 2697 1506 2783 ,ferg
1537 2690 1539 2711 '

148 2799 247 2848 mator
271 2789 447 2870 hypothesis
470 2810 489 2849 a
512 2787 531 2853 3
556 2788 753 2870 acrouychiiS,
778 2789 961 2850 necessitate
980 2782 1173 2867 geometrica,
1198 2786 1260 2848 sive
1280 2785 1345 2865 jam
1370 2784 1504 2869 circulum
1537 2847 1539 2866 ,

147 2893 244 2957 ponas
278 2874 498 2963 sire.ellipsiri
528 2878 590 2937 sive
625 2897 830 2957 quamcunque
854 2878 979 2956 figuram
1011 2875 1127 2939 itineris
1148 2874 1321 2955 planetarii.
1368 2875 1421 2953 Tu
1444 2892 1504 2951 reru
1536 2918 1539 2950 ,

147 2964 261 3027 videris
283 2967 424 3028 confundi
453 2967 530 3028 inter
562 2967 638 3027 haec
668 2967 742 3027 duo:
777 2966 869 3028 nihil
892 2966 1069 3027 concludere
1094 2973 1125 3025 et
1158 2964 1505 3029 falsumconolodera

148 3052 258 3114 Posita
291 3053 458 3115 bisectione
482 3065 513 3114 et
537 3056 636 3133 posito
660 3056 790 3128 circul0‚
815 3064 877 3117 tres
902 3055 1100 3138 acrouychiae
1132 3072 1190 3114 non
1214 3053 1398 3137 concludunt
1430 3054 1506 3124 nillil.
1536 3062 1538 3067 '

149 3158 207 3202 non
227 3143 409 3203 concludunt
433 3145 579 3204 incertam
602 3144 650 3204 vel
674 3163 782 3223 vagam
806 3144 997 3225 hypothesin,
1023 3144 1077 3205 sed
1100 3162 1189 3204 unam
1212 3150 1334 3205 certam.
1374 3143 1422 3205 At
1444 3131 1539 3237 quiq:

151 3229 231 3291 falsa
249 3231 318 3311 ¹luit
349 3233 461 3315 positio
491 3232 607 3307 circuli,
641 3232 752 3294 falsam
783 3233 875 3295 etiam
903 3234 1085 3295 concludunt
1113 3231 1303 3313 hypothesin.
1351 3230 1539 3311 salsitatis.

150 3337 222 3381 vero
247 3341 341 3382 causa
369 3342 427 3384 non
453 3329 500 3384 est
524 3323 589 3383 sola
617 3322 684 3395 illa,
706 3342 808 3401 ,quam
832 3332 864 3387 tu
888 3323 983 3384 infers
1007 3321 1058 3384 15⁴
1089 3317 1268 3402 parallaxis.
1288 3340 1341 3381 seu
1366 3314 1503 3402 prostln-
1534 3337 1539 3383 ι

149 3408 308 3487 plraeresis
339 3411 550 3492 aequationum
577 3412 722 3484 eccentri,
758 3412 812 3471 sed
836 3421 955 3473 mutata
982 3412 1129 3472 linearum
1153 3410 1307 3490 lingitudo
1332 3409 1372 3471 ad
1401 3411 1501 3474 laten·
1532 3400 1539 3445 ¹¹

149 3497 227 3560 Nam
244 3501 321 3580 quod
344 3500 455 3577 attinet
479 3499 669 3561 latitudinem
694 3500 823 3575 lunulae,
849 3499 942 3562 efficit
956 3502 1030 3562 haec
1048 3500 1166 3582 quidem
1183 3499 1295 3580 aliquid
1319 3497 1348 3560 in
1366 3500 1502 3580 prosthe-
1531 3488 1539 3530 ¹

149 3587 289 3668 phaeresi
313 3590 541 3671 aequationum,
575 3591 711 3651 sednon
736 3590 828 3652 efficit
849 3591 1026 3663 maximum,
1060 3588 1111 3651 ubi
1143 3584 1274 3651 maxima
1304 3586 1501 3671 estjlatitud)
1531 3548 1539 3659 ,Ι

150 3678 280 3742 lunulae.
328 3678 539 3749 Inanomalia
562 3685 729 3759 coaequata
752 3675 800 3753 0⁰,
825 3674 894 3755 90⁰,
923 3674 1011 3754 180⁰,
1035 3675 1129 3752 270⁰,
1153 3673 1237 3743 360ο
1265 3666 1434 3761 evanescit
1449 3668 1502 3763 iste
1531 3700 1534 3707 ·

151 3768 437 3848 prosthaphaeresis
462 3775 493 3828 et
515 3769 640 3846 planeta
664 3776 820 3846 spectatur
844 3787 880 3828 er
904 3767 976 3835 Sole
1000 3768 1063 3841 (vel
1087 3767 1189 3849 quasi)
1213 3768 1319 3837 eodem
1343 3768 1421 3843 loco,
1445 3766 1501 3829 sicr

149 3855 179 3918 in
205 3857 314 3919 circulo
340 3865 443 3918 currat
467 3857 529 3918 sive
552 3857 581 3917 ln
607 3849 715 3937 ellipsi.
754 3858 800 3919 At
823 3857 852 3918 in
868 3857 1018 3919 anomalia
1032 3865 1199 3937 coaequata
1220 3852 1289 3932 45⁰,
1308 3848 1399 3934 135⁶,
1416 3845 1500 3932 225⁸,
1530 3830 1539 3949 :

146 3940 231 4008 315⁰
246 3954 295 4007 est
308 3947 449 4020 marimo,
471 3962 569 4026 neque
592 3953 693 4008 tamen
721 3944 782 4020 15‘,
808 3947 862 4008 sed
886 3947 945 4008 nisi
968 3947 1056 4008 fallor
1079 3942 1121 4019 δ’.
1160 3947 1208 4009 Ac
1230 3965 1267 4007 ne
1291 3945 1367 4009 haec
1390 3942 1503 4027 quidem
1532 3994 1539 4021 ,

145 4034 331 4114 simpliciter,
358 4036 412 4096 sed
435 4037 642 4098 tantummodo
664 4043 745 4111 tunc,
770 4054 837 4097 cum
861 4036 988 4115 planeta
1002 4055 1040 4096 ex
1055 4035 1165 4099 circulo
1185 4035 1224 4099 ad
1247 4035 1364 4116 ellipsis
1378 4037 1502 4099 oircon-
1532 4060 1539 4093 ι

145 4123 304 4186 ferentiam
327 4125 505 4204 ingreditur.
523 4125 553 4186 iu
577 4125 645 4186 sinu
668 4128 751 4186 recto
775 4125 942 4186 anomaliae
966 4126 1107 4187 eccentri.
1154 4123 1189 4186 Si
1210 4142 1281 4187 vero
1304 4125 1502 4217 panetariu-
1534 4118 1539 4169 ¹

144 4215 229 4292 gredi
262 4214 292 4274 in
326 4214 409 4274 radio
444 4214 584 4275 veniente
616 4233 655 4274 ex
688 4222 791 4276 centro
826 4213 999 4289 eccentrici‚
1034 4221 1105 4276 tunc
1137 4214 1227 4295 plane
1258 4208 1345 4277 nihil'
1364 4210 1503 4285 seubibile
1535 4184 1539 4289 1

143 4310 277 4365 mutatur
300 4302 328 4363 in
353 4298 533 4383 aequatione
540 4322 551 4381 3
575 4303 677 4383 itaquo
695 4305 791 4364 omnis
808 4323 901 4364 causa
921 4303 1067 4385 falsitatis
1091 4303 1305 4383 hypotheseos,
1330 4321 1409 4384 quae
1434 4318 1504 4367 uai-

144 4387 229 4464 citur‚
256 4392 284 4452 in
309 4392 375 4452 sola
399 4392 624 4473 abbreviatione
648 4391 796 4452 linearum
819 4401 889 4453 tunc
913 4384 1063 4454 consistit.
1112 4391 1249 4472 Denique
1273 4392 1371 4464 video,
1396 4400 1431 4455 to
1457 4387 1504 4458 15¹

142 4487 175 4541 et
211 4480 400 4541 latitudinem
440 4483 559 4544 lunulae
592 4481 730 4562 accipere
759 4499 812 4560 pro
844 4481 958 4544 eodem.
1004 4481 1149 4543 Latitudo
1187 4481 1321 4557 lunulae,
1353 4500 1434 4564 quac
1468 4480 1508 4544 ab

144 4571 310 4631 eccentrico
335 4570 465 4632 Telluris
489 4576 545 4632 seu'
566 4570 648 4632 Solis
678 4578 726 4630 est
749 4577 888 4631 resecata
912 4570 1025 4643 (indice
1054 4578 1178 4633 secante
1209 4565 1298 4632 arcus
1324 4565 1363 4634 1ο
1387 4569 1419 4635 1’
1445 4558 1508 4638 13''

145 4657 285 4721 dimidiae
305 4660 494 4739 aequationis
509 4659 607 4735 Solis)
624 4667 673 4723 est
690 4657 739 4735 15,
764 4659 864 4720 verius
882 4654 933 4735 ld,
958 4660 1089 4740 qualium
1102 4660 1205 4722 radius
1225 4656 1364 4724 100000.
1404 4660 1508 4744 Atque

140 4746 197 4827 hae
216 4768 289 4811 saue
317 4744 355 4810 16
374 4750 541 4828 particulae
550 4764 624 4811 ‘cum
639 4749 705 4811 sinu
717 4758 812 4822 ,recto
828 4750 997 4812 anomaliae
1012 4749 1143 4811 eccent'ri
1169 4747 1347 4835 accrescunt
1360 4750 1391 4813 in
1407 4752 1509 4835 lougi-

141 4837 260 4899 tudiues
283 4838 408 4900 medias.
442 4838 488 4903 At
511 4839 614 4919 lunula
627 4837 771 4900 allartis
794 4838 972 4901 eccentrico·
985 4839 1097 4902 circulo
1123 4838 1290 4902 resecanda
1313 4836 1418 4911 bubat'
1432 4841 1509 4927 tatr-
