3278 5550
147 290 211 361 130
566 288 666 343 literae
682 286 786 354 Kspleri
802 286 953 354 aliorumque
969 289 1072 341 num

142 480 268 547 stratur,
287 471 352 553 ipse
367 468 487 533 circulis
500 468 659 550 exprimat.
697 469 764 530 'lira
778 466 856 531 enim
872 467 947 529 haec
963 464 1084 529 libratio
1102 464 1287 529 mechanicis
1303 470 1433 548 opportu

143 565 221 626 sima
239 571 295 635 est,
322 579 387 624 curn
406 579 465 621 una
487 557 588 620 fidelia
606 557 664 620 duo
678 558 811 637 parietes
834 557 964 618 dealhet
1003 554 1084 627 Quid
1108 555 1225 636 igitur?
1262 557 1345 620 Num
1362 557 1433 619 dese

143 653 260 715 infinita
273 670 341 713 mea
357 655 525 712 commenta
548 666 638 726 super
662 647 762 709 causis
779 645 926 728 physicis,
949 654 1089 707 naturam
1107 645 1260 707 coelorum
1282 666 1303 707 a
1323 646 1387 708 mei
1405 653 1433 709 tr

142 741 205 821 guli
236 760 308 802 area
337 739 375 813 ad
408 746 477 799 tuas
500 735 678 799 librationes
709 736 876 810 traducam,
900 734 1071 808 affirmans,
1103 744 1186 797 tuam
1216 734 1407 817 hypothesin

42 830 45 835 ’
143 829 302 909 genuinam
325 835 357 888 et
378 826 558 888 rationalem
580 834 757 906 propterea,
781 825 859 906 quod
883 823 1028 904 simplex,
1051 842 1148 885 msam
1172 825 1273 887 lictum
1296 831 1330 886 et
1352 845 1373 885 a
1394 845 1433 887 na

143 920 282 992 alienam,
305 925 466 997 propterea
487 914 566 995 quod
585 934 658 975 area
675 913 818 993 trianguli
840 912 963 975 metitur
978 920 1124 994 tempora,
1148 915 1277 993 angulus
1300 932 1373 976 vero
1388 933 1433 974 ae

144 1010 257 1071 tionem
281 1005 438 1089 opticam?
483 1005 552 1066 Non
576 1004 697 1078 faciam,
720 1023 779 1065 non
802 1002 882 1064 enim
904 1003 961 1064 hoc
984 1009 1069 1063 esset
1089 1001 1308 1082 philosophari.
1353 1002 1433 1067 Grat

142 1097 215 1159 rnihi
237 1095 354 1176 potius,
387 1103 470 1156 tuam
497 1093 576 1155 hanc
607 1092 797 1155 librationem
829 1093 976 1155 hactenus
1008 1090 1182 1166 delituisse,
1216 1092 1315 1173 quoad
1339 1092 1377 1153 de
1401 1111 1433 1154 ca

140 1185 275 1268 physicis
298 1204 348 1246 res
362 1183 522 1264 explorata
543 1191 601 1244 est.
637 1183 717 1245 Nam
741 1183 839 1244 fatcor
862 1182 999 1261 ingenue,
1024 1180 1050 1243 si
1073 1187 1106 1242 tu
1129 1181 1344 1260 praevenisses
1367 1181 1428 1243 hac

143 1276 239 1337 forma
261 1273 421 1336 libratoria
434 1291 532 1334 meam
554 1271 721 1353 physicam,
745 1271 947 1352 vidissemque
962 1270 1028 1350 ejus
1041 1288 1221 1333 consensum
1235 1290 1303 1333 cum
1319 1270 1432 1333 observ

142 1384 188 1426 mc
212 1381 363 1444 nunquam
385 1361 414 1423 in
439 1380 548 1425 causas
571 1368 703 1422 motuum
723 1360 894 1423 incasurum
908 1359 1011 1423 fuisse.
1050 1359 1129 1421 Nam
1144 1359 1211 1441 quis
1225 1378 1351 1440 quaeso,
1374 1378 1432 1423 ver

142 1454 242 1515 animo
265 1450 442 1514 librationes
466 1469 576 1532 easque
600 1451 705 1533 videns
729 1449 898 1512 consentire
922 1447 1106 1523 observatis,
1131 1448 1214 1529 quis,
1247 1448 1386 1530 inquam,
1421 1469 1433 1510 a

144 1541 293 1622 suscipiat
314 1540 527 1619 indagandum,
551 1559 640 1621 quarn
663 1558 786 1601 causam
809 1539 897 1620 hujus
920 1536 1101 1612 librationis,
1124 1538 1211 1619 quasi
1234 1538 1397 1601 verissime
1422 1558 1433 1599 a

143 1630 254 1693 deret?
300 1629 377 1701 Quis
400 1648 459 1691 non
493 1629 561 1690 hinc
591 1628 649 1691 sibi
678 1629 891 1691 adamantinos
923 1625 1109 1689 eccentricos
1131 1628 1188 1691 DE
1220 1634 1252 1688 et
1279 1626 1342 1691 GH
1369 1647 1432 1689 axe

145 1719 329 1782 fortissimos
344 1719 404 1781 AD
419 1728 451 1780 et
463 1718 525 1782 AG
539 1718 746 1798 persuadeat?
783 1718 861 1790 Quis
883 1726 979 1798 putet,
1004 1716 1066 1777 ista
1089 1717 1188 1778 omnia
1202 1715 1281 1778 effici
1296 1734 1392 1796 posse
1408 1718 1433 1779 ic

144 1807 352 1871 diversissima
366 1807 526 1870 virtutibus
539 1807 740 1887 magneticis?
763 1808 870 1888 ltaque
881 1806 1065 1887 complector
1079 1805 1178 1867 animno
1187 1805 1343 1885 ingentem
1357 1806 1433 1869 dolo

144 1899 193 1980 qui
216 1896 290 1959 mihi
313 1897 423 1959 fuisset
446 1897 577 1959 oritums
601 1917 691 1980 super
713 1896 881 1960 miserrimo
904 1895 1022 1968 labore,
1055 1893 1223 1975 inquirendi
1246 1914 1360 1958 causas
1393 1915 1433 1959 re:

144 2005 220 2069 quaa
250 2006 310 2049 non
338 1994 409 2047 sunt
435 1986 466 2048 in
488 2006 588 2049 rerum
611 1996 735 2060 natura,
768 1987 822 2049 sed
851 1985 990 2047 videntur
1018 2002 1101 2057 esse,
1134 1983 1330 2047 librationum
1363 1985 1433 2048 nim

144 2074 305 2139 eccentrici
337 2075 460 2157 ejusque
488 2076 627 2137 diametri
658 2077 736 2138 fixae
769 2077 799 2137 in
827 2094 950 2156 corpore
974 2072 1073 2148 Solis,
1106 2093 1142 2135 ac
1170 2073 1196 2134 si
1223 2072 1291 2153 quis
1321 2074 1433 2139 clavun

143 2164 290 2247 parietem
322 2162 484 2243 impactum
508 2164 623 2227 crebris
652 2166 691 2227 ad
723 2164 821 2226 latera
843 2162 1085 2227 contorsionibus
1108 2169 1140 2224 et
1167 2161 1394 2225 retorsionibus
1429 2185 1433 2226 ι

143 2262 227 2327 retur
259 2252 399 2316 evellere.
445 2254 490 2316 At
522 2254 616 2316 eheu!
650 2274 709 2317 non
741 2262 832 2316 vacat
863 2253 1017 2332 indulgere
1046 2251 1161 2313 doloris
1193 2251 1429 2331 imaginationi,

143 2350 326 2426 praeventus
349 2349 381 2404 et
403 2342 572 2409 declinatus
590 2340 655 2423 jam
678 2350 745 2405 est:
770 2363 860 2407 verus
881 2362 929 2404 me
951 2341 1038 2404 dolor
1061 2340 1186 2422 corripit
1209 2360 1299 2422 super
1324 2340 1433 2423 impen

144 2433 235 2507 tibus,
259 2451 314 2512 pro
331 2451 367 2493 eo
383 2450 440 2512 quo
456 2431 512 2493 tibi
535 2433 747 2512 gratulandum
770 2442 845 2495 erat.
883 2433 997 2496 Natam
1011 2429 1057 2491 ais
1080 2429 1135 2492 tibi
1158 2429 1250 2492 filiam
1273 2449 1313 2492 ex
1337 2450 1434 2511 geom

144 2521 265 2584 matra?
301 2520 389 2583 Vidi:
416 2521 541 2601 pulchra
562 2532 619 2596 est,
645 2531 678 2584 st
700 2523 844 2585 meretrix
859 2521 993 2602 pessima
1016 2520 1117 2581 futura
1139 2527 1196 2593 est,
1219 2518 1398 2583 abductura
1421 2541 1433 2603 q

146 2609 283 2692 plurimis
306 2609 382 2671 meis
406 2610 524 2673 filiabus
553 2631 591 2672 ex
614 2621 709 2674 matre
733 2612 861 2693 physica
884 2609 1033 2689 susceptis
1065 2607 1190 2670 maritos
1221 2628 1302 2670 snos.
1355 2611 1433 2673 Trai

144 2708 197 2763 tua
219 2699 398 2781 hypothesis
419 2700 459 2761 ad
483 2720 515 2761 sc
539 2701 669 2763 lectores
689 2709 720 2762 et
741 2700 948 2781 philosophos,
972 2698 1057 2761 dabit
1072 2697 1183 2777 effugia
1204 2696 1347 2761 hostibus
1362 2700 1433 2784 phy

144 2787 299 2863 coelestis,
322 2789 460 2868 patronis
474 2789 623 2863 inscitiae,
647 2790 822 2852 architectis
846 2789 1010 2851 solidorum
1024 2786 1150 2860 orbium,
1173 2787 1361 2849 mechanicis
1383 2810 1433 2855 cra

144 2878 252 2960 quibus
276 2895 309 2939 se
331 2876 484 2939 redimant
506 2897 521 2939 e
544 2877 673 2940 vinculis
696 2877 983 2941 demonstrationum
1013 2894 1146 2937 mearum
1168 2876 1387 2957 physicarum,
1425 2880 1433 2943 i

143 2967 316 3030 libertatem
331 2966 415 3028 Deos
433 2965 600 3027 fabricandi
617 2985 685 3028 sese
699 2967 854 3048 recipient.
884 2967 1045 3030 Redibitur
1061 2964 1099 3025 ad
1120 2964 1350 3045 intelligentias,
1371 2969 1433 3033 dna

146 3053 374 3118 collocabuntur
405 3053 444 3115 ad
467 3055 544 3117 duos
575 3055 702 3117 circulos
731 3057 812 3118 circo
834 3064 968 3118 centrum
1000 3058 1043 3129 B,
1076 3052 1183 3135 quibus
1205 3054 1358 3119 efficiatur
1391 3058 1433 3123 ist

145 3142 277 3207 libratio.
1239 3196 1242 3202 ,

233 3232 339 3311 Neque
363 3237 465 3294 tamen
488 3230 553 3295 sine
575 3232 716 3296 molestia
739 3232 822 3296 illam
845 3234 1019 3296 adolescere
1042 3231 1152 3313 patiar.
1187 3231 1322 3297 Primum
1346 3234 1433 3299 sateb

146 3332 187 3397 te,
209 3326 372 3402 postquam
386 3320 529 3383 audivisti
545 3322 582 3383 de
605 3323 657 3385 via
671 3321 781 3385 Martis
802 3323 891 3399 ovali,
912 3323 1050 3404 coepisse
1066 3319 1200 3400 cogitare
1219 3321 1256 3383 de
1278 3322 1433 3387 librationi

146 3412 189 3474 Et
211 3418 281 3472 ante
305 3408 423 3491 aliquot
444 3411 563 3492 quidem
594 3431 689 3475 annos
719 3412 796 3474 hanc
819 3413 950 3476 Martiae
973 3412 1041 3473 viae
1071 3410 1307 3473 contractionem
1336 3412 1378 3474 ad
1407 3413 1433 3476 lr

146 3498 269 3563 nimiam
292 3519 312 3561 a
334 3517 381 3559 me
415 3499 611 3563 constitutam
635 3503 799 3581 coarguisti
828 3522 867 3564 ex
889 3501 1158 3564 observationibus.
1204 3501 1312 3581 ltaque
1334 3521 1433 3565 esces

145 3609 212 3652 cunr
235 3588 486 3668 deprehenderis,
518 3609 581 3650 rem
611 3590 708 3670 ipsam
732 3599 817 3654 tanto
840 3591 952 3653 certius
975 3590 1150 3670 complexus
1173 3608 1206 3650 es
1229 3589 1341 3655 animo.
1388 3593 1433 3654 Po

146 3698 235 3760 quam
251 3677 407 3739 emendavi
424 3696 480 3757 ego
495 3678 572 3739 istos
592 3679 746 3759 ingressus
761 3681 800 3742 ad
823 3682 919 3743 latera
934 3678 1081 3760 simulque
1099 3677 1246 3758 genuinas
1261 3698 1373 3742 causas
1392 3681 1433 3743 inr

146 3776 176 3830 tu
196 3786 323 3829 versans
339 3786 436 3829 meam
451 3766 631 3849 hypothesin
650 3789 769 3832 rursum
783 3789 977 3851 prorsumquc
993 3777 1025 3830 et
1048 3788 1113 3830 cnm
1129 3767 1392 3831 observationibus
1415 3788 1433 3832 e

144 3876 267 3937 parans,
291 3862 422 3918 testatus
438 3876 482 3931 es,
506 3856 590 3919 illam
613 3859 800 3922 consentire:
826 3860 922 3921 solarn
939 3877 1096 3919 causarum
1120 3856 1388 3920 incredibilitatem
1402 3879 1433 3933 ⁴n.

144 3945 257 4019 tulisti,
282 3943 469 4026 circulosque
493 3945 673 4009 desiderasti
697 3967 751 4027 pro
776 3948 872 4022 arcis,
905 3957 938 4008 ut
962 3948 1057 4008 forma
1078 3945 1266 4021 Ptolemaiqa
1288 3946 1433 4028 hypothes

144 4035 325 4115 persisteret
346 4034 514 4110 incolumis,
538 4037 635 4118 quoad
651 4037 716 4117 ejus
731 4038 794 4098 lieri
816 4045 930 4117 posset.
969 4038 1017 4098 Ex
1031 4034 1192 4118 hypothesi
1217 4035 1308 4114 igitur
1331 4046 1433 4101 meat

148 4123 329 4199 efformasti3
360 4132 464 4186 centro
495 4124 574 4187 enim
603 4125 762 4187 eccentrici
784 4128 818 4188 B·
833 4126 872 4186 ad
895 4125 976 4187 latus
1000 4127 1119 4187 detorto
1142 4143 1197 4205 per
1219 4124 1413 4189 librationem

147 4220 180 4273 ut
201 4221 479 4292 repraesentaretur
494 4215 661 4277 contractio
678 4214 796 4277 itineris
809 4215 970 4295 planetarii
986 4216 1080 4289 DFH,
1105 4212 1184 4295 quod
1199 4212 1281 4275 varie
1298 4216 1363 4277 lieri
1387 4238 1431 4300 po·

147 4301 254 4363 deinde
267 4320 322 4381 per
344 4303 401 4364 hoc
424 4310 559 4365 centrum
574 4302 599 4367 C
616 4312 647 4365 et
659 4323 714 4383 per
730 4323 838 4384 corpus
854 4304 937 4366 Solis
951 4305 981 4367 A
997 4304 1095 4383 ejecta
1109 4302 1189 4364 linea
1205 4302 1344 4382 apsidum
1358 4307 1428 4382 Ac,

147 4397 340 4470 conspectum
371 4392 455 4454 venit
486 4394 614 4473 angulus
644 4392 748 4468 BAO,
782 4393 907 4455 idoneus
939 4393 1026 4455 alteri
1057 4392 1137 4472 parti
1167 4392 1378 4473 aequationis,
1410 4417 1433 4480 q·

148 4478 266 4541 sciebas
289 4497 337 4541 me
359 4499 413 4559 per
435 4480 579 4562 trianguli
599 4500 701 4543 aream
724 4481 843 4543 salvare
872 4482 1071 4563 cupiebasque
1095 4479 1184 4543 aliter
1207 4480 1368 4547 salvatam.
1414 4487 1433 4550 I

147 4569 248 4649 itaque
272 4568 367 4629 series
389 4570 571 4632 inventionis
594 4577 724 4633 testetur
746 4571 784 4631 de
806 4589 905 4633 rerum
928 4579 1044 4633 natura.
1091 4570 1187 4644 Mihi,
1219 4578 1252 4632 ut
1274 4571 1353 4648 dixi,
1383 4575 1433 4658 inq

147 4657 235 4719 sibile
256 4658 387 4719 futurum
401 4667 476 4734 erat,
501 4679 538 4722 ex
551 4667 605 4720 tua
618 4679 715 4721 meam
739 4660 874 4734 educere,
900 4660 955 4723 tibi
969 4660 1068 4734 facile,
1092 4679 1130 4721 ex
1144 4678 1211 4720 rnea
1231 4658 1314 4722 tuani
1329 4665 1433 4729 efform

147 4764 213 4808 cum
235 4745 289 4808 illo
304 4746 414 4810 affectu
428 4768 524 4811 meam
546 4756 706 4823 tractares,
730 4768 787 4830 quo
806 4750 843 4810 de
857 4749 929 4812 dixi.
967 4751 1015 4812 Ex
1040 4749 1209 4812 observatis
1233 4768 1305 4811 vero
1329 4753 1417 4834 ipsis,

146 4843 309 4925 praeeunte
338 4854 406 4901 mea
434 4837 613 4921 hypothesi,
636 4838 739 4905 nescio
761 4858 801 4903 an
823 4837 879 4919 tibi
909 4837 1043 4921 proclive
1067 4840 1200 4902 futurum
1222 4839 1322 4916 luerit,
1353 4842 1388 4911 in
1415 4850 1433 4909 b
