3278 5550
598 304 740 371 aanor
758 303 898 357 marm
1358 304 1419 370 711

67 482 158 544 illam
186 481 324 544 incedere
352 482 468 561 fingas:
499 482 592 543 toties
620 481 786 544 intenditur
812 490 913 545 motus
943 481 1008 562 ejus
1036 482 1186 544 celeritas.
1233 485 1338 565 ltaque
1361 452 1423 547 rim

10 626 13 658 ;
70 571 222 652 quandam
245 572 383 632 movendi
408 570 523 633 obtinet
545 578 661 633 tractus
684 573 745 634 ille.
794 569 882 643 Quod
909 572 1016 633 mirum
1044 589 1112 633 esse
1136 572 1255 633 minime
1279 573 1370 635 debet
1391 574 1423 635 in

69 659 248 739 corporibus
271 661 462 735 coelestibus,
487 681 564 742 quae
587 680 645 722 non
662 669 787 722 externa
800 661 829 720 vi
850 660 992 736 vectium,
1015 668 1169 723 ventorum
1194 670 1246 723 aut
1269 681 1423 743 aquarum,

70 750 130 811 sed
161 750 280 812 nutibus
312 749 598 828 perfectissimarum
629 751 771 812 mentium
800 758 831 810 et
860 750 1044 829 geometriae
1074 750 1290 830 imaginatione
1321 750 1425 832 topica
1510 755 1514 761 '

70 839 198 900 cientur.
245 838 297 901 Sic
325 838 416 918 igitur
443 839 540 900 habe:
573 839 631 900 nisi
663 839 778 900 inesset
806 839 836 898 in
862 839 920 915 illo
950 847 1049 900 tractu
1078 840 1125 901 vis
1155 840 1230 901 haec
1253 839 1425 902 adventitia

69 928 266 1008 promovendi
289 947 397 1007 corpus
420 928 542 1003 Lunae,
573 935 690 989 tantum
718 929 849 989 futurum
872 929 936 1007 ejus
959 937 1071 989 motum
1101 928 1249 1003 medium,
1282 937 1425 1008 quantmn

10 1040 17 1075 r
59 1030 144 1081 'esse
168 1017 247 1077 solet
268 1016 299 1078 in
323 1018 513 1097 quadraturis
538 1017 662 1090 (ceteris
685 1017 843 1096 paribus):
875 1018 976 1097 plures
999 1036 1071 1079 vero
1095 1017 1125 1078 in
1148 1038 1207 1079 una
1230 1017 1425 1079 restitutione

10 1126 20 1167 r
71 1106 166 1168 horae
189 1107 267 1180 lore,
298 1126 386 1187 quam
414 1107 480 1185 jam
508 1107 633 1168 obtinet.
679 1107 724 1167 At
746 1105 899 1186 quiajam
922 1107 1040 1168 accedit
1062 1106 1116 1168 illa
1143 1106 1235 1168 motio
1260 1112 1423 1181 menstrua,

10 1216 23 1255 -:
71 1194 176 1274 colligi
199 1192 282 1256 illam
304 1214 431 1257 necesse
455 1204 502 1256 est
525 1204 557 1257 et
578 1195 694 1256 intendi
717 1194 802 1256 initio
821 1196 919 1269 tarde,
946 1215 1013 1257 cum
1027 1196 1113 1257 Luna
1129 1197 1210 1257 circa
1224 1197 1425 1276 quadraturas

13 1292 16 1301 “
69 1284 215 1347 brevibus
237 1284 377 1365 passibus
400 1285 438 1346 ad
462 1284 570 1346 lineam
589 1283 648 1345 ΑΚ
667 1266 905 1364 appropinquem
929 1285 978 1346 ubi
999 1285 1132 1364 proxime
1157 1284 1284 1359 venerit,
1308 1284 1426 1365 majora

15 1382 26 1437 3
71 1372 162 1452 hujus
184 1372 369 1435 incitationis
393 1374 578 1435 incrementa
601 1373 796 1453 sunt,·quod
819 1373 905 1434 Luna
929 1392 944 1434 e
974 1374 1087 1435 directo
1111 1375 1142 1435 in
1166 1375 1276 1436 lineam
1300 1374 1424 1443 involet.

20 1488 31 1527 a
72 1480 132 1524 non
156 1470 191 1523 ut
212 1462 295 1542 prius
319 1481 357 1523 ex
386 1462 516 1541 obliquo.
562 1463 708 1542 Adeoque
738 1480 814 1543 quae
847 1470 896 1523 est
926 1463 1080 1542 proportio
1113 1463 1230 1525 sinuum
1261 1462 1426 1525 distantiae

10 1560 32 1617 -'.
71 1551 180 1613 Lunae
200 1550 307 1613 aSole
330 1553 378 1612 vel
402 1552 467 1630 ejus
491 1552 641 1635 opposito,
666 1552 742 1612 haec
764 1559 813 1612 est
834 1551 989 1632 proportio
1014 1552 1283 1617 incitamentorum.
1323 1550 1425 1623 Quare

10 1670 36 1711 ,·.·
71 1634 100 1702 si
124 1659 335 1719 usurparemus
358 1642 463 1703 Lunae
486 1648 596 1702 motum
620 1660 674 1720 pro
698 1640 805 1714 medio,
831 1649 960 1721 quantus
984 1642 1013 1703 in
1037 1641 1227 1721 quadraturis
1251 1651 1317 1702 est:
1339 1648 1426 1703 'sem-

31 1760 34 1777 =
70 1748 129 1810 per
144 1729 321 1791 adderemus
337 1729 382 1791 illi
399 1730 581 1791 incitationis
601 1730 725 1809 aliquid,
749 1728 904 1791 minimum
926 1739 1029 1792 tamen
1051 1729 1081 1790 in
1106 1730 1306 1810 quadraturis,
1330 1728 1426 1811 pluri-

10 1826 35 1837 ‘'
72 1837 156 1880 mum
179 1818 209 1880 in
234 1818 374 1903 syzygiis.
412 1821 456 1905 At
480 1819 550 1899 quia
573 1819 739 1899 antiquitus
763 1819 841 1880 hunc
863 1837 917 1898 pro
941 1818 1039 1881 medio
1062 1827 1144 1880 motu
1167 1819 1353 1891 adhibemus,
1376 1818 1427 1900 qui

10 1938 34 1977 :¹
71 1907 182 1971 existit
203 1908 298 1970 diviso
322 1909 432 1970 circulo
456 1909 484 1968 in
509 1909 573 1969 dies
594 1909 679 1971 unius
701 1908 911 1983 restitutionis,
935 1908 1032 1970 ubivis
1051 1908 1104 1970 illa
1126 1908 1224 1971 altera
1247 1910 1425 1971 commisce·-

27 2008 35 2051 '··
70 2006 134 2071 tur,
160 1996 229 2083 hinc
252 1997 357 2058 existit
379 2004 484 2058 tantus
506 2006 615 2071 motus,
640 2005 768 2076 quantus
792 2006 839 2058 est
861 1997 971 2059 ceteris
994 1997 1115 2077 paribus
1139 1997 1237 2058 madio
1260 1998 1327 2059 loco
1350 1998 1428 2061 inter

23 2115 29 2153 ;
71 2086 293 2168 quadraturam
316 2095 347 2147 et
370 2087 524 2166 copulam,
554 2087 603 2147 uhi
626 2087 755 2147 ethaeo
779 2086 867 2147 modo
891 2087 1043 2166 descripta
1065 2086 1245 2147 acceleratio
1268 2076 1427 2149 mediocris

10 2220 20 2245 ‚-
72 2185 135 2237 est.
182 2176 213 2236 ls
236 2174 328 2255 igitur
351 2183 449 2236 motus
480 2175 550 2255 quia
578 2175 608 2235 in
640 2174 754 2254 copulis
784 2194 895 2253 parvus
925 2182 991 2245 est,
1024 2173 1053 2235 in
1086 2174 1276 2256 quadraturis
1308 2175 1426 2249 nimius,

10 2298 18 2332 r
73 2283 267 2345 consequens
291 2272 354 2340 est,
379 2274 412 2326 ut
435 2264 497 2325 illic
520 2272 667 2342 augeatur
690 2264 737 2325 hic
761 2264 929 2325 minuatur:
953 2264 1031 2325 unde
1056 2282 1144 2345 quam
1166 2264 1250 2341 prius
1273 2265 1427 2325 accelera-
1526 2258 1530 2271 '

71 2355 190 2416 tionem
219 2353 266 2414 vel
294 2353 500 2416 incitationem
533 2351 613 2426 dixi,
647 2352 825 2414 variationis
856 2372 963 2414 nomen
991 2354 1072 2432 apud
1101 2352 1272 2433 Tychonem
1300 2352 1425 2415 obtinet.

70 2444 163 2506 Haec
186 2443 222 2505 de
245 2444 301 2504 hac
323 2442 490 2506 variatione
514 2443 612 2502 dicere
636 2442 733 2516 volui,
764 2442 874 2520 partim
897 2462 934 2502 ne
965 2442 1118 2503 circellum
1142 2441 1206 2520 ejus
1230 2441 1349 2503 viderer
1371 2461 1427 2503 ne-

71 2531 229 2613 glexisse,
261 2532 311 2612 qui
334 2540 382 2592 est
404 2540 522 2593 tantum
545 2531 584 2592 ad
613 2549 783 2592 mensuram
811 2540 986 2610 susceptus,
1021 2551 1079 2592 non
1103 2531 1141 2591 ad
1166 2539 1265 2591 motus
1289 2532 1425 2603 formam,

71 2621 189 2703 partim
212 2628 256 2681 ut·
268 2621 410 2683 lectorem
430 2639 543 2681 mecum
559 2620 703 2698 paulatim
723 2620 752 2680 in
769 2620 1051 2699 contemplationem
1070 2619 1227 2700 physicam
1246 2618 1426 2695 inducerem.

72 2712 158 2773 Nam
181 2710 258 2771 idem
287 2710 375 2790 plane
407 2709 576 2790 (physicum
604 2712 724 2789 nempe)
752 2708 896 2789 judicium
924 2708 1078 2772 ferendum
1106 2709 1229 2770 tandem
1256 2709 1314 2769 erit
1336 2717 1368 2770 et
1391 2708 1427 2770 de
1464 2704 1468 2711 ’

73 2800 135 2861 hoc
159 2799 279 2860 residuo
303 2799 435 2880 epicyclo
458 2798 525 2873 FE,
558 2817 645 2877 quem
672 2798 845 2878 parallaxes
868 2799 1004 2860 Lunares
1035 2798 1216 2879 aTychone
1248 2800 1438 2859 observatae

73 2896 224 2967 respuunt
255 2907 310 2948 nec
337 2887 510 2966 patiuntur,
540 2887 656 2948 Lunam
683 2905 736 2965 per
766 2887 848 2949 illum
880 2887 971 2949 stiam
999 2887 1098 2949 attolli
1130 2887 1179 2947 vel
1212 2886 1345 2966 deprimi.
1392 2887 1428 2949 In
1504 2942 1510 2957 ,

73 2977 217 3038 examine
241 2976 318 3037 enim
341 2975 550 3057 parallaxium
576 2995 652 3055 quas
667 2975 754 3036 Luna
777 2976 807 3037 in
830 2976 1021 3056 quadraturis
1044 2983 1210 3054 pateretur,
1234 2976 1428 3039 discursitare

73 3067 285 3129 inveniebatur
309 3086 328 3126 a
350 3061 394 3128 54
418 3063 647 3127 semidiametris
664 3066 778 3126 Terrae
803 3063 832 3125 in
856 3060 899 3126 60
923 3065 1050 3127 circiter.
1090 3064 1173 3136 Quos
1197 3064 1299 3146 Tycho
1323 3063 1428 3127 termi-
1497 3054 1501 3067 ’

72 3175 134 3218 nos
157 3155 317 3236 hypothesi
346 3155 480 3215 serviens
511 3152 687 3233 prorogavit
715 3173 734 3213 a
761 3150 804 3216 52
827 3152 857 3213 in
882 3149 942 3230 61,
976 3154 1055 3235 quod
1087 3154 1149 3232 ipse
1177 3154 1208 3215 in
1236 3153 1367 3236 capitulo
1391 3154 1429 3215 de

72 3245 184 3307 Lunae
206 3244 413 3324 parallauibus
439 3243 542 3305 innuit.
591 3242 721 3303 Dubium
743 3262 803 3303 non
827 3249 891 3317 est,
916 3242 987 3324 quin
1011 3242 1188 3321 simpliciter
1212 3244 1329 3304 tamin
1352 3262 1429 3325 qna-

73 3334 211 3397 draturis
235 3353 324 3414 quam
348 3335 377 3393 in
406 3331 530 3417 copulis*
550 3331 628 3392 idem
661 3330 791 3412 spatium
820 3327 840 3392 6
864 3331 984 3395 circiter
1007 3332 1295 3394 semidiametrorum
1318 3334 1430 3411 Terrae

74 3442 208 3485 ascensu
232 3423 436 3501 descensuque
466 3431 609 3500 occupet,
639 3421 727 3502 idque
755 3438 809 3500 per
838 3420 1092 3485 eccentricitatem
1115 3421 1171 3483 AB
1202 3441 1254 3483 seu
1285 3423 1430 3482 latentem
1535 3454 1544 3469 ·

75 3513 109 3574 in
135 3512 303 3574 eccentrieo
327 3511 492 3592 epicyclum
515 3518 621 3572 tantae
646 3509 872 3572 semidiametri.

126 3777 349 3860 Explicatio
380 3784 416 3838 et
446 3775 983 3926 accommodptiohtahularum
1014 3778 1378 3840 transformatorum

636 3884 656 3924 a
709 3884 748 3926 sc
782 3885 869 3927 ema.

169 4046 245 4108 Tres
268 4053 339 4107 sunt
360 4042 548 4124 potissimum
570 4041 712 4117 tabulae;
737 4041 766 4103 in
790 4042 897 4120 prioris
917 4043 1015 4122 prima
1030 4042 1167 4104 columna
1185 4048 1328 4105 notantur
1350 4050 1430 4105 tem-

73 4155 167 4218 pora,
190 4135 296 4215 quibus
320 4142 390 4194 ante
413 4133 501 4194 finem
521 4131 666 4211 adscripti
688 4131 717 4193 in
742 4129 876 4209 margine
904 4133 974 4193 anni
998 4139 1132 4194 centrum
1155 4130 1281 4212 epicycli
1305 4131 1430 4205 (ceteris

73 4224 220 4308 paribus)
241 4223 273 4285 in
296 4241 430 4303 apogaeo
463 4241 515 4283 seu
545 4229 656 4301 puncto
679 4221 708 4281 H
732 4220 822 4281 suerit
844 4238 1009 4302 novamque
1032 4221 1188 4300 periodum
1211 4221 1302 4282 fuerit
1325 4221 1430 4302 auspi-

75 4322 192 4378 catum.
238 4314 275 4375 In
305 4312 437 4374 secunda
466 4311 603 4373 columna
636 4316 757 4370 notatur
790 4309 872 4370 locus
903 4311 964 4372 ΑΗ
997 4311 1051 4371 suh
1085 4309 1243 4390 ecliptica,
1276 4310 1307 4371 in
1338 4311 1431 4374 tertia

77 4403 381 4555 locusIrimidcundae
409 4489 529 4550 tabulae
558 4487 694 4566 margine
722 4485 842 4546 sinistro
876 4494 945 4547 sunt
977 4485 1090 4564 gradum
1123 4486 1232 4565 integri
1261 4487 1430 4551 anomaliae

78 4588 268 4662 coaequatae
292 4580 386 4641 centri
410 4577 535 4658 epicycli
559 4596 610 4637 seu
633 4575 722 4638 HAD
748 4573 859 4654 anguli,
884 4574 922 4636 ab
940 4575 1000 4636 ΑΗ
1023 4594 1116 4654 usque
1140 4576 1179 4636 ad
1195 4576 1241 4637 AI
1263 4577 1312 4638 vel
1339 4572 1428 4640 180⁰.

77 4675 117 4735 In
140 4668 238 4749 prima
260 4670 398 4730 columna
420 4675 490 4728 sunt
512 4674 648 4744 tempora
670 4665 718 4727 his
747 4663 890 4742 gradibus
920 4664 1150 4744 respondentia,
1183 4682 1248 4725 cum
1279 4664 1430 4745 adjunctis

79 4759 258 4823 differentiis
292 4767 459 4838 temporum
492 4755 615 4816 cuilibet
647 4753 763 4832 integro
791 4752 896 4832 gradui
926 4753 1187 4832 respondentibus
1232 4755 1267 4815 In
1298 4752 1430 4837 secunda

80 4858 134 4914 sat
154 4855 255 4913 motus
277 4845 405 4929 apogaei
428 4845 500 4920 ΔΗ,
524 4843 708 4923 temporibus
731 4840 893 4922 adscriptis
916 4842 1110 4922 respondeus.
1157 4840 1194 4905 In
1216 4842 1308 4905 tertia
1330 4851 1429 4906 motus
