3278 5550
215 272 255 343 16
646 275 675 326 In
694 275 876 325 Commentsrla
894 237 1011 326 demota
1030 273 1118 325 Martis

213 458 260 513 42.
286 457 440 532 *Epicyclus
463 455 556 527 agitur
577 454 665 508 mixta
686 453 711 507 vi
732 455 845 525 propria
865 461 896 508 et
916 459 992 508 nutu.

213 537 259 593 43.
294 538 342 590 Vis
363 537 499 590 naturalis
521 535 652 589 continua
671 542 722 589 est.

213 618 259 673 44.
293 617 417 688 Epicycli
439 623 527 670 motus
550 633 602 668 non
624 621 724 670 estex
748 615 867 671 nudavi
888 615 1019 670 naturali.
1061 617 1106 669 Ex
1128 615 1174 670 43.
1196 622 1225 669 et
1246 615 1291 671 20.

390 738 627 846 Praep'aratto
650 778 688 828 ad
711 775 973 829 commentaria
992 775 1025 828 in
1046 774 1231 829 Theoriam
1252 775 1384 830 Martis.

235 891 260 945 l.
295 890 390 944 Brevis
411 889 564 952 excusatio,
586 906 634 942 cur
654 889 755 943 veritas
777 889 909 943 historiae
931 890 1083 944 minutatim
1105 894 1297 946 consectanda.

234 971 260 1026 2.
297 970 410 1025 Occasio
432 973 566 1023 adventus
588 970 640 1022 mei
662 971 689 1022 in
709 969 869 1024 Bohemiam
889 977 918 1023 et
938 971 1102 1040 suscipiendi
1123 972 1196 1024 huuc
1215 973 1346 1027 laborem.

234 1051 261 1107 3.
296 1052 420 1105 Tabulae
441 1050 513 1104 Solis
534 1050 716 1120 Tychouicae,
738 1067 798 1104 cum
819 1049 956 1104 distantiis
977 1051 1118 1107 Solaribus
1139 1069 1175 1105 ex
1196 1052 1499 1124 Progymnasmatibus.

236 1131 263 1186 4.
297 1132 421 1185 Tabulae
443 1129 643 1200 oppositionum
665 1131 810 1184 mediarum
833 1136 858 1197 ὁ
880 1135 971 1198 etQ.

235 1211 261 1266 5.
296 1212 421 1265 Tabulae
443 1217 467 1276 (ς
490 1210 552 1263 iude
574 1216 741 1266 exstructae.

234 1292 260 1347 6
297 1291 443 1354 Quaem
451 1290 513 1343 aliis
542 1289 609 1343 locis
640 1297 784 1345 occurrunt
814 1291 1004 1361 conceptiones
1026 1294 1058 1344 de
1080 1298 1115 1359 (ς.
1156 1292 1194 1345 Ut
1218 1293 1374 1362 exemplum
1404 1291 1432 1345 iu
1460 1292 1561 1364 genesi

292 1370 458 1439 Rudolphi.
480 1370 619 1423 Relatio
612 1389 639 1424 m
662 1371 844 1433 Machanicis,
874 1371 901 1424 in
921 1372 991 1425 libro
1017 1372 1204 1441 Epistularum
1226 1375 1260 1425 ad
1281 1371 1502 1443 lantgravium
1533 1372 1562 1426 in

293 1442 419 1520 'epistolis
441 1452 475 1503 ad
496 1450 647 1521 Maginum‘,
669 1451 734 1521 quia
754 1452 776 1504 is
797 1451 872 1519 prior
900 1452 1064 1505 mentionem
1091 1452 1227 1521 injecerat
1254 1452 1281 1505 in
1311 1452 1431 1521 epistola
1452 1454 1487 1505 ad
1509 1469 1561 1506 me

292 1533 361 1585 Item
382 1548 418 1585 ex
439 1530 508 1585 libro
530 1533 562 1584 de
577 1539 684 1585 cometa
705 1549 731 1586 a.
754 1532 801 1595 77,
823 1534 892 1600 quod
914 1535 1053 1602 pendeant
1074 1550 1164 1586 omues
1186 1534 1266 1586 orbes
1288 1549 1306 1586 a
1319 1530 1405 1585 medio
1427 1538 1501 1587 motu
1518 1535 1561 1600 Q.

235 1609 261 1666 'l.
294 1610 471 1666 Examinatio
490 1612 675 1666 reductionum
697 1631 733 1666 ex
754 1611 836 1665 certis
857 1612 1095 1666 observationibus
1117 1615 1152 1666 ad
1172 1621 1309 1667 momenta
1329 1611 1539 1683 oppositionum.

234 1690 262 1747 8.
295 1690 471 1746 Examinatio
491 1699 610 1745 motuum
637 1692 784 1746 mediorum
806 1697 830 1758 0¹
853 1700 882 1746 et
904 1696 951 1759 Q,
977 1694 1187 1762 competentium
1217 1692 1356 1746 annotatis
1386 1692 1559 1762 temporibus

294 1771 494 1842 oppositionum
514 1773 661 1826 mediarum
683 1779 707 1839 ὁ
729 1779 759 1826 et
780 1775 821 1838 Q.

235 1851 262 1905 9.
296 1851 473 1906 Examinatio
494 1853 789 1923 prosthaphaereseon,
812 1869 860 1904 seu
882 1853 1001 1906 locorum
1022 1869 1146 1921 verorum
1167 1853 1379 1907 eccentricorum
1400 1849 1464 1920 (5¹¹⁸-

220 1932 264 1986 10.
296 1931 509 1996 Demonstratio,
533 1933 629 2001 quibus
651 1933 762 2004 angulis
782 1932 823 1985 usi
846 1932 949 1985 sintin
969 1914 1127 1986 reductionis
1147 1935 1183 1986 ad
1203 1932 1365 2003 eclipticam.

217 2012 404 2074 11...
694 2053 706 2076 ,.,
775 2013 817 2066 uti
837 2012 998 2075 debuerint,
1011 2020 1040 2066 et
1060 2021 1164 2082 quanta
1184 2014 1248 2075 hinc
1268 2014 1375 2066 existat
1394 2013 1561 2068 differentia.

217 2091 264 2146 12.
299 2092 419 2162 Physica
439 2092 647 2157 demonstratio,
676 2095 746 2162 quod
773 2095 927 2146 reducenda
948 2092 985 2146 sit
1009 2093 1079 2146 haec
1107 2095 1204 2148 tabula
1224 2096 1259 2148 ad
1279 2109 1359 2147 veras
1383 2093 1459 2162 00Q
1481 2100 1512 2147 et
1533 2100 1560 2161 ό

295 2191 331 2226 ex
352 2189 411 2226 meo
432 2171 574 2264 Mysterio.

219 2250 263 2306 13.
298 2253 413 2316 Causae,
436 2252 524 2306 curin
538 2252 726 2321 computandis
741 2251 807 2305 locis
822 2252 979 2306 eccentricis
994 2254 1087 2324 Tycho
1103 2270 1121 2306 a
1135 2271 1199 2307 vero
1213 2271 1266 2307 non
1278 2253 1424 2307 recesserit
1436 2254 1560 2326 longius,

294 2334 321 2390 h.
342 2351 366 2388 e.
387 2333 603 2403 aequipollentia
622 2333 824 2403 hypothesium.

219 2411 264 2467 14.
298 2413 512 2477 Demonstratio,
535 2415 605 2483 quod
627 2413 838 2467 intolerabiliter
858 2420 986 2483 peccetur
1007 2412 1034 2466 in
1055 2413 1351 2484 prosthaphaeresibue
1370 2413 1444 2467 orbis
1465 2416 1560 2479 annui,

297 2493 321 2547 si
343 2493 434 2548 altera
455 2493 591 2563 oppositio
611 2510 661 2562 pro
682 2494 782 2557 altera,
803 2511 871 2547 vera
890 2510 940 2562 pro
960 2493 1049 2548 media
1069 2494 1113 2548 vel
1134 2501 1231 2547 contra
1252 2494 1408 2564 arripiatur.

220 2570 265 2644 16.
298 2573 432 2627 Reductio
453 2574 568 2628 tabulae
590 2575 624 2626 ad
644 2590 724 2628 veras
746 2574 939 2644 oppositiones.

219 2651 263 2708 16.
297 2655 342 2708 Ex
363 2654 434 2707 datis
450 2653 611 2725 Tychonicis
626 2654 699 2708 circa
719 2654 904 2724 oppositiones
919 2655 1021 2708 medias
1042 2654 1162 2708 inventio
1183 2653 1287 2722 aphelii
1300 2659 1330 2706 et
1343 2653 1558 2709 eccentricitatis

296 2736 331 2788 ad
351 2735 566 2804 suppositionem
586 2751 712 2788 verarum
734 2735 942 2805 oppositionum.
984 2736 1059 2797 Quod
1079 2736 1112 2789 fic
1136 2749 1231 2788 crassa
1251 2733 1384 2789 Minerva.
1426 2735 1498 2789 Idem
1520 2754 1560 2790 ex

297 2814 369 2868 datis
390 2814 573 2877 Ptolemaicis,
595 2822 625 2869 et
645 2821 733 2868 motus
754 2815 858 2884 aphelii
879 2816 950 2869 hinc.

220 2891 265 2951 17.
298 2895 343 2949 Ex
365 2895 384 2948 4
404 2894 620 2964 oppositionibus
634 2894 812 2968 ἀκρονυχιοις
832 2894 952 2948 inventio
974 2892 1076 2963 aphelii
1091 2900 1121 2947 et
1134 2894 1346 2949 eccentricitatis
1360 2894 1406 2949 via
1419 2894 1561 2949 laboriosa

297 2981 327 3027 et
346 2973 464 3037 difficili,
493 2975 608 3044 indeque
635 2975 803 3043 computatio
828 2975 943 3028 aliorum
970 2973 1053 3027 etiam
1080 2974 1200 3029 Iocorum
1220 2975 1247 3029 iu
1268 2976 1373 3030 tabula.
1414 2975 1466 3029 Hic
1486 2993 1559 3029 com·

297 3052 424 3123 pendium
445 3071 494 3123 pro
515 3053 724 3123 aequationibus
746 3054 931 3118 Ptolemaiois,
956 3061 986 3106 et
1010 3054 1228 3124 aequipollentia
1247 3055 1436 3127 hypotheseos
1457 3056 1559 3126 Copor-

297 3133 412 3186 nicanae
433 3141 462 3187 et
482 3132 674 3190 Ptolemaicae.
1512 3202 1515 3208 Ι

222 3207 266 3269 18.
301 3213 504 3268 Demonstratio
525 3231 576 3284 per
596 3214 809 3278 observationes,
831 3214 858 3268 h.
873 3232 897 3268 e.
918 3230 967 3283 per
988 3214 1228 3287 investigationem
1248 3214 1431 3286 proportionis
1453 3215 1559 3270 orbium

299 3293 326 3347 in
348 3293 459 3362 aphelio
480 3302 511 3348 et
529 3294 673 3364 perihelio‚
695 3297 766 3365 quod
786 3295 899 3348 inventa
914 3295 947 3348 N.
961 3294 1004 3350 17.
1026 3295 1214 3349 eccentricitas
1235 3295 1348 3350 veritati
1367 3313 1420 3350 non
1439 3295 1476 3350 sit
1495 3313 1559 3349 oon·

299 3389 380 3436 sona,
411 3375 459 3428 sed
487 3379 595 3430 tantmu
623 3376 709 3429 faciat
737 3377 771 3429 ad
798 3375 977 3429 moderandas
1008 3375 1195 3447 aequatioues.
1237 3371 1374 3444 (addetur
1399 3375 1561 3448 suffragium

299 3453 436 3525 'lychonis
465 3453 539 3510 circa
567 3453 734 3512 latitudines.
776 3456 807 3509 ln
833 3455 888 3508 hac
916 3456 1147 3510 demonstratione
1177 3456 1278 3511 assumi
1307 3458 1391 3511 debet
1418 3457 1504 3511 Terra
1533 3455 1563 3510 in

299 3534 471 3606 longitudine
505 3535 595 3590 media
628 3536 669 3590 sui
704 3536 812 3591 circuli:
840 3541 870 3588 et
893 3536 1013 3605 prodibit
1043 3554 1097 3592 ecc.
1132 3535 1221 3591 media
1257 3536 1401 3608 aequantia
1429 3536 1559 3590 eccentri-

300 3612 413 3680 citatis.)

261 3738 268 3752 .
303 3696 341 3750 Ut
361 3702 453 3749 autem
474 3702 504 3749 et
523 3696 610 3750 Terra
629 3695 717 3750 ubivis
740 3695 826 3765 accipi
847 3696 947 3765 possit,
973 3703 1003 3750 et
1022 3695 1101 3751 simul
1129 3696 1283 3766 speculatio
1303 3696 1377 3750 circa
1399 3702 1564 3768 aequantem

301 3782 380 3831 tanto
400 3776 502 3830 rectius
525 3779 665 3846 procedat,
687 3793 822 3847 suspensa
842 3776 1058 3830 consideratione
1080 3777 1180 3830 stellae
1202 3783 1236 3844 (ς,
1258 3778 1424 3831 redeundum
1445 3779 1480 3830 ad
1494 3793 1560 3831 exa·

300 3855 474 3910 minationem
495 3857 685 3911 distantiarum
708 3861 739 3924 Q
761 3864 791 3910 et
812 3857 846 3930 ὃ.
886 3856 1004 3910 Primum
1025 3857 1176 3929 alleganda
1195 3857 1332 3929 Tychonis
1353 3857 1561 3920 animadversio,

300 3936 345 4008 qui
366 3936 512 4007 aliquando
533 3954 631 3991 norum
652 3937 798 4001 circellum,
821 3936 967 4007 aliquando
988 3936 1194 4007 ampliationem
1215 3937 1287 3993 orbis
1303 3937 1385 3992 annui
1405 3938 1561 4008 suspicatus

300 4016 360 4082 mit,
382 4017 458 4071 etin
479 4017 582 4072 tabulis
603 4023 629 4085 ό
650 4017 805 4088 peculiares
833 4031 957 4071 numeros
983 4017 1116 4071 adhibuit.
1157 4018 1213 4072 Nos
1234 4018 1260 4072 id
1281 4036 1317 4073 ex
1344 4016 1442 4072 vitiose
1462 4017 1562 4073 omisso

301 4103 439 4168 aequante
459 4098 561 4153 Terrae
582 4097 689 4168 prodire
710 4097 836 4153 dicemus.

222 4177 268 4231 20.
304 4178 376 4231 Idem
396 4178 555 4233 Ptolemaeo
576 4181 603 4233 in
625 4177 733 4233 theoria
754 4177 778 4249 Ω
801 4185 830 4232 et
850 4178 871 4244 b
892 4176 1022 4231 accidisse
1043 4178 1225 4248 probabimus.

222 4256 269 4312 21.
303 4259 372 4311 Rem
393 4275 430 4310 ex
449 4258 516 4328 ipsis
531 4260 667 4331 'tychonis
689 4257 924 4312 observationibus
944 4258 1057 4328 propius
1078 4259 1263 4328 probabimus,
1284 4258 1330 4314 ubi
1344 4257 1431 4329 primo
1445 4258 1562 4314 omnium

301 4338 447 4408 catalogus
467 4346 497 4392 et
522 4339 663 4410 dispositio
688 4338 909 4392 observationum
930 4344 954 4405 (ς
978 4337 1006 4391 in
1025 4339 1169 4410 Tychone,
1195 4341 1266 4394 unde
1292 4339 1441 4393 necessitas
1465 4339 1562 4393 hamm

301 4418 521 4474 observationum
541 4418 754 4474 luculentissime
775 4418 944 4489 probabitur.

222 4497 268 4554 22.
302 4497 419 4552 Primum
440 4515 507 4571 ergo
528 4501 696 4570 propositum
716 4516 807 4553 crasse
829 4516 865 4553 ex
879 4498 950 4552 binis
971 4499 1208 4555 observationibus
1223 4499 1332 4570 aequali
1353 4500 1562 4555 commutatione

245 4604 247 4607 ·
301 4577 464 4643 eriuoemus,
484 4580 531 4633 ubi
552 4588 582 4635 et
601 4581 743 4635 methodus
764 4577 916 4632 iuvenieudi
938 4579 1008 4633 haec
1027 4588 1172 4636 momenta.

223 4658 269 4771 23.
304 4661 377 4713 Idem
398 4677 435 4713 ex
449 4660 641 4715 observatione
662 4660 829 4731 acronycbIa
849 4659 952 4713 collata
966 4677 1025 4714 cum
1040 4660 1147 4732 aliquot
1166 4661 1404 4717 observationibus
1424 4661 1561 4731 parallac·

261 4740 371 4803 tiois,
393 4739 440 4794 ubi
454 4741 583 4794 dimensio
598 4741 677 4795 simul
694 4740 850 4804 habebitur,
873 4740 944 4809 quod
958 4758 997 4795 sc.
1011 4757 1133 4812 aequans
1148 4741 1193 4795 bic
1207 4758 1313 4812 quoque
1334 4740 1444 4812 duplum
1458 4741 1563 4796 habeat

302 4819 453 4875 eccentrici.
