3278 5550
748 204 763 235 Ρ

152 292 215 362 108
562 292 664 349 1116666
681 296 783 363 11661661
804 296 958 364 6116666666
975 302 1077 349 mutuae

237 472 310 523 ilaec
328 473 459 538 Kopierus.
483 473 665 525 'Fabricius
683 475 809 540 respondit
826 475 850 524 d.
873 473 914 525 11.
935 471 1079 537 (116166.
1101 468 1179 531 1600,
1198 483 1334 539 quaerens:
1353 485 1414 523 cum
1431 470 1457 520 16
1471 467 1516 531 (le

147 543 270 607 116616
289 560 319 594 ex
337 544 491 607 acronychiis
519 544 592 611 longo
619 553 755 611 tempomm
782 546 911 597 intervallo
940 544 987 608 (10
1006 553 1051 596 661
1074 545 1179 610 plurium
1205 539 1338 605 annerum)
1366 542 1505 606 1116166666,

148 616 239 680 6666111
257 617 326 666 locus
345 623 486 679 quaeratur.
505 619 616 680 quaestio
629 625 675 675 est,
696 620 735 669 cni
748 619 910 668 observationi
924 618 1088 681 scronychlae
1106 619 1130 666 in
1143 618 1213 680 praxi
1230 617 1361 664 institutae
1382 612 1505 678 66661116

147 681 319 752 respondeat?
338 687 438 737 Certum
456 702 481 736 n.
502 696 643 746 estunam
663 696 689 740 et
706 690 771 740 idem
789 690 913 754 aphelinm
937 690 1049 738 omnibus
1068 685 1084 736 6
1104 684 1183 737 6611
1205 686 1419 736 observationibus
1437 698 1502 735 6666-

147 759 245 822 nychiis
263 759 411 823 respondere
428 773 478 808 non
497 775 568 823 posse
594 768 692 825 propter
719 769 812 811 motum
838 761 928 825 aphelii
956 763 1052 810 interea
1077 759 1180 809 iactum.
1218 759 1257 808 Tu
1275 757 1366 823 6661616
1387 755 1503 807 466661·

146 831 257 879 rationes
275 831 301 879 in
319 830 437 880 circulum
456 836 482 880 et
499 832 534 881 sic
553 832 653 896 inquiris
672 841 765 883 cetera.
803 833 921 882 Existimo
940 833 1023 898 igitur.
1043 845 1091 881 uec
1109 846 1192 881 rerum
1211 829 1336 895 aphelium
1354 842 1406 879 nee
1423 840 1503 878 666666

147 902 359 951 eccentricitatam
377 902 413 951 sic
432 901 487 951 dari
504 916 584 966 posse.
604 905 662 969 quia
679 918 756 954 unum
774 918 804 954 ex
823 903 900 954 altero
920 903 1044 968 dependet
1062 900 1107 952 dec.

234 986 280 1039 His
299 990 369 1040 addit
386 990 513 1039 Fabricius
531 992 652 1041 rationem
672 998 743 1055 „post
760 991 851 1041 multas
868 989 1048 1056 cogitationes“
1069 991 1237 1045 constitutam.
1258 1001 1308 1052 qua
1325 994 1410 1037 motus
1428 986 1502 1037 666161

146 1062 278 1111 6666616161
298 1060 323 1121 d
344 1061 495 1124 explicetur,
523 1062 651 1127 subiungit
677 1078 734 1112 vero
761 1064 845 1112 statim
873 1063 1030 1112 6661166666
1058 1076 1105 1120 „ex
1123 1060 1283 1111 [6611666666
1307 1059 1374 1109 maie
1404 1057 1502 1109 schema

146 1132 260 1196 depinxi“
281 1134 507 1196 correctionemque
526 1134 696 1196 explicsu'onis
714 1148 783 1184 suae.
823 1134 877 1192 „Tu
895 1137 1008 1185 exactius
1032 1133 1079 1183 hoc
1101 1132 1226 1197 perpende
1245 1137 1271 1181 et
1288 1131 1353 1181 icrta
1380 1130 1501 1180 66661661

146 1205 193 1253 erit
220 1203 253 1254 ad
280 1206 385 1268 maiora
424 1203 477 1268 Ego
504 1203 568 1254 haec
596 1205 626 1254 ob
655 1207 731 1255 animi
761 1213 841 1255 motus
871 1207 947 1255 tristis
979 1206 1067 1256 clarius
1096 1213 1121 1255 et
1148 1205 1225 1253 fusius
1247 1209 1358 1253 tractare
1381 1206 1499 1267 666666·

148 1273 247 1339 (06616.
267 1274 324 1324 Vol.
344 1274 379 1330 11.
399 1289 422 1338 p.
445 1272 516 1336 105.)
1343 1294 1347 1300 ·

233 1345 332 1396 Deinde
351 1345 438 1395 addit:
459 1345 564 1407 Quando
583 1345 740 1411 Hipparchus
758 1354 815 1398 tuns
835 1354 861 1397 et
878 1346 977 1412 quaudo
996 1347 1083 1397 Martis
1102 1345 1299 1396 Commentarius
1316 1341 1446 1410 prodibit?

232 1416 317 1481 Nuper
335 1431 418 1467 reram
436 1419 557 1467 rationem
575 1417 635 1467 mihi
654 1420 783 1469 ostendere
801 1420 905 1478 voluisti,
925 1419 1045 1483 quomodo
1065 1417 1170 1483 angulus
1189 1431 1232 1480 pro
1250 1430 1310 1466 vera
1328 1416 1452 1465 distamia
1470 1408 1498 1475 Θ

145 1502 163 1539 6
181 1487 206 1549 d
227 1489 401 1553 cognoscenda
419 1488 485 1538 circa
504 1485 589 1538 b-lln
606 1497 662 1553 post
679 1491 787 1540 mediam
805 1490 985 1556 longitudinem
1004 1489 1030 1550 <5
1049 1491 1163 1553 utrinque
1182 1488 1340 1553 inquirendus
1359 1493 1435 1537 esset.
1470 1488 1500 1535 st

145 1560 209 1611 6666
227 1560 344 1628 obscurus
363 1567 389 1609 et
400 1561 481 1610 rarius
499 1561 525 1609 in
542 1561 597 1617 illis,
617 1567 645 1610 ut
657 1562 718 1610 nihil
735 1563 894 1625 perceperim.
922 1561 1072 1611 Ostendetur
1089 1561 1149 1609 mihi
1162 1560 1265 1623 simplex
1282 1559 1347 1608 ratio
1366 1557 1501 1622 inquirendi

137 1632 223 1680 istum
242 1630 361 1695 angulum
380 1627 457 1680 600ο
475 1631 609 1681 distantiae
628 1633 659 1681 ab
677 1633 773 1696 aphelic
792 1647 869 1697 usque
888 1629 1072 1697 6696016666
1090 1634 1204 1694 utrinque
1223 1631 1334 1681 smedia
1349 1629 1502 1695 longitudine

150 1703 402 1766 66666666616611666.
440 1703 478 1751 Tu
497 1706 641 1765 conjectura
659 1719 737 1768 nuper
754 1706 893 1768 inquirebas
911 1705 984 1753 istum
1004 1703 1130 1768 angulum,
1150 1712 1178 1751 at
1190 1704 1310 1760 rationem
1330 1701 1501 1764 6661661666

148 1773 246 1823 6661611.
283 1772 357 1823 Certe
376 1788 422 1839 ego
441 1775 538 1823 invenio
558 1774 607 1823 illic
625 1775 717 1838 aliquid
735 1775 890 1826 differentiae
907 1777 933 1825 in
953 1775 1177 1830 observationibus,
1197 1775 1218 1822 si
1237 1773 1343 1839 angulus
1361 1772 1406 1822 1116
1425 1786 1441 1822 6
1458 1764 1502 1821 W

146 1845 172 1894 in
191 1841 239 1893 06θ
258 1844 392 1894 distantiae
412 1844 443 1895 ab
463 1845 559 1908 aphelic
579 1861 646 1899 more
665 1847 801 1910 solitoque
820 1853 905 1897 cetera
922 1849 1076 1911 inquiratur;
1096 1859 1198 1895 causam
1216 1851 1301 1894 tamen
1321 1843 1502 1907 discrepantiae

147 1930 197 1966 non
215 1916 294 1966 rideo.
332 1916 361 1965 ln
380 1917 469 1966 ceteris
488 1919 571 1966 omnis
589 1919 679 1980 optime
699 1918 909 1968 observationibus
928 1924 1074 1984 congruunt.
1095 1945 1128 1954 -

217 2006 276 2055 ·a‹i
295 2005 358 2055 haec
376 2005 499 2070 Keplerus
517 2021 567 2055 non
594 2007 737 2069 respondit,
767 2015 792 2057 et
809 2008 936 2057 Fabricius
955 2007 1017 2057 alias
1042 2006 1143 2055 minime
1168 2018 1244 2069 parce
1261 2018 1320 2054 usus
1347 2002 1430 2053 verbis
1452 2003 1502 2065 161

147 2077 201 2143 1666
219 2077 341 2126 obmutuit
368 2092 448 2140 neque
471 2091 517 2140 per
536 2091 630 2134 annom
654 2073 729 2126 1606.
753 2078 889 2143 Kepierum
908 2080 996 2128 iterum
1016 2078 1085 2127 adiit
1116 2076 1325 2125 Consuetudinem
1343 2089 1404 2124 vero
1421 2073 1501 2123 1116666

148 2148 225 2198 dandi
243 2150 337 2212 recepit
354 2149 424 2198 initio
444 2150 502 2197 anni
524 2146 600 2197 1607.
622 2162 725 2211 eamque
744 2165 787 2212 per
805 2164 898 2199 annum
912 2146 989 2198 1608.
1010 2149 1099 2199 eadem
1117 2162 1167 2212 qua
1184 2149 1250 2211 prius
1269 2147 1367 2197 ratione
1386 2144 1501 2200 machus

144 2219 268 2284 Kaplerus
286 2221 311 2268 in
324 2218 413 2270 Martis
428 2218 614 2269 Commentariis
634 2228 768 2284 occupatus
787 2221 849 2270 duas
861 2228 960 2270 tantum
978 2221 1073 2270 remisit
1089 2219 1174 2268 literas
1194 2217 1370 2281 responsorias.
1391 2215 1425 2266 ad
1443 2214 1502 2266 6111

145 2292 251 2341 Fabricii
269 2293 426 2355 quaestiones
445 2291 525 2340 miuus
537 2304 611 2355 quam
624 2297 701 2340 antea
716 2284 858 2355 respiciens.
871 2291 978 2341 Martem
996 2291 1098 2340 firmiter
1115 2297 1204 2340 166666
1218 2307 1225 2348 3
1243 2289 1416 2338 memoriosae
1427 2286 1501 2336 illius

145 2362 274 2422 ,6666666
301 2362 433 2413 616616666“
454 2370 480 2412 61
499 2375 543 2421 ,66
562 2360 693 2412 exercendi
720 2363 817 2428 gratia“
837 2364 949 2414 Fabricio
967 2377 999 2414 66
1022 2377 1087 2427 quae
1116 2361 1274 2412 emendanda
1291 2361 1317 2408 16
1341 2358 1501 2419 umentia.

145 2448 209 2499 quae
228 2434 378 2484 stabilienda
394 2434 420 2482 in
438 2433 514 2496 ipsius
532 2433 706 2497 hypothesibus
724 2434 879 2495 ridebantur,
899 2436 995 2495 sincere
1014 2434 1106 2484 retulit.

233 2505 334 2556 Literae
359 2503 408 2555 hae
435 2503 538 2568 Kepleri
566 2504 642 2554 datae
668 2512 727 2554 sunt
754 2505 778 2555 d.
800 2504 823 2557 1,.
843 2507 908 2571 Aug.
931 2503 1006 2555 1607.
1034 2511 1059 2555 61
1080 2502 1203 2554 illilus.
1225 2498 1309 2558 1608,
1331 2512 1452 2573 1666666,
1474 2504 1501 2549 c

144 2577 240 2642 plenius
258 2577 420 2641 perspiciatur
438 2575 463 2625 id
481 2575 546 2640 quod
564 2575 641 2625 voluit
658 2575 798 2641 Keplema,
825 2592 875 2626 non
893 2583 922 2627 ut
939 2578 1031 2641 priores
1058 2591 1108 2625 uno
1140 2582 1226 2625 tenore
1252 2572 1429 2638 proponendas
1447 2584 1499 2623 cn·

143 2649 245 2706 suimus.
263 2648 308 2699 666
323 2649 417 2711 Juuctis
435 2647 539 2711 Kepleri
557 2652 583 2697 61
599 2646 705 2698 Fabricii
722 2648 807 2708 literis,
827 2649 1012 2714 quaestionibus
1030 2647 1068 2698 rel
1084 2647 1261 2710 objectionibus
1276 2644 1386 2695 Fabricii
1403 2641 1500 2710 dut*

142 2720 278 2784 6616616666
295 2721 479 2784 responsionem
498 2718 608 2784 Kepleri.
1122 2728 1130 2745 ·

231 2791 400 2843 Fabricius
420 2788 475 2854 (2⁰.
494 2789 552 2840 Jan.
572 2806 594 2840 r.
615 2796 646 2841 st.
670 2786 768 2851 riori:
796 2790 844 2841 Per
862 2790 1005 2840 oralitatem
1022 2790 1061 2840 rel
1081 2789 1175 2854 ellipsin
1194 2795 1264 2839 16666
1287 2786 1353 2836 tollis
1378 2782 1495 2838 sumat

143 2868 223 2914 161666
241 2869 268 2913 61
285 2863 464 2927 aequalitatem
488 2868 612 2918 motuum.
641 2861 706 2926 qued
723 2862 782 2911 mihi
801 2863 911 2925 inprimis
929 2863 1037 2925 penitius
1062 2861 1228 2912 consideranti
1247 2857 1381 2925 absurdum
1400 2856 1495 2909 61661.

143 2932 246 2984 coelum
264 2939 293 2982 ut
311 2933 441 2983 rotundum
460 2933 553 2982 661116
571 2932 702 2982 circulares
721 2939 746 2982 et
764 2934 871 2983 maxime
891 2934 958 2982 cirea
975 2942 1046 2982 auum
1066 2938 1177 2983 centrum
1196 2931 1321 2997 regulares
1340 2937 1369 2980 61
1387 2926 1497 2995 aequb

142 3010 225 3054 motus
243 3003 328 3054 66661
366 3002 474 3067 Corpora
497 3003 616 3053 coelestia
643 3010 702 3052 sunt
726 3004 837 3067 perfecte
863 3002 987 3058 rotunda.
1009 3012 1038 3054 ut
1056 3019 1086 3053 ax
1105 3003 1162 3054 Sole
1181 3008 1210 3070 et
1225 3002 1299 3052 Luna
1316 3001 1404 3065 116661.
1439 2998 1499 3065 6111

137 3089 193 3131 666
212 3074 312 3124 dubium
325 3080 373 3133 661,
392 3089 476 3124 omues
489 3075 596 3124 omnium
615 3080 696 3123 motus
709 3089 752 3138 per
771 3075 888 3125 circulum
907 3075 1053 3138 perfectum,
1072 3091 1122 3125 non
1136 3073 1231 3138 ellipsin
1250 3074 1311 3129 11661,
1330 3073 1394 3122 item
1411 3082 1499 3135 66666·

142 3146 200 3196 11166
217 3146 310 3195 moveri
328 3159 401 3209 super
419 3147 469 3196 suis
489 3147 588 3209 6661616.
626 3148 660 3195 at
678 3159 734 3195 eum
753 3147 777 3194 16
798 3147 875 3210 ellipsi
893 3153 939 3196 166
957 3154 1070 3197 centrum
1088 3161 1137 3196 uon
1156 3146 1245 3210 ubique
1271 3143 1411 3208 aequaliter
1428 3142 1499 3193 duat

143 3230 161 3267 6
178 3216 394 3274 616666616666116,
423 3223 490 3267 certe
518 3224 599 3268 motus
627 3217 738 3283 aequalis
765 3220 871 3268 maxime
891 3218 937 3268 erit
961 3232 1034 3283 super
1052 3232 1095 3268 suc
1119 3217 1214 3281 proprio
1242 3222 1326 3266 666166
1354 3211 1497 3280 inaequalis.

145 3287 238 3348 Quodsi
256 3288 331 3354 161166
348 3293 445 3339 retento
464 3288 554 3338 circulo
572 3288 682 3353 perlecto
705 3288 801 3352 ellipsin
823 3304 867 3354 per
889 3289 964 3339 alium
983 3291 1108 3341 circellum
1127 3302 1246 3338 excusare
1265 3301 1366 3351 posses,
1395 3298 1496 3337 6666166·

143 3359 197 3411 dius
216 3365 290 3410 esset

231 3431 429 3511 KepleruS,
449 3440 590 3505 praemissis
610 3440 756 3504 quibusdam
775 3440 806 3490 de
825 3440 1034 3492 observationibus
1052 3441 1158 3491 Fabricii
1177 3438 1293 3501 (116111,
1312 3435 1388 3500 603.)
1407 3437 1494 3503 pergit:

143 3519 207 3584 866
217 3522 309 3583 616116
326 3521 445 3600 6666116
454 3522 493 3582 66
504 3520 635 3582 Martem
646 3521 716 3582 mihi
731 3522 911 3584 redeundum
922 3532 1028 3584 etcum
1039 3521 1177 3584 Fabricio
1187 3520 1390 3601 pugnandum.
1411 3515 1495 3581 Ovis·

143 3612 239 3691 figura
256 3619 346 3691 putas
361 3609 426 3671 tolli
441 3609 656 3690 aequalitatem
671 3620 823 3672 motuum:
849 3612 994 3691 equidem.
1038 3614 1083 3673 At
1107 3610 1285 3692 6166166166
1308 3609 1424 3689 figurae
1446 3605 1495 3669 1161

142 3701 269 3762 eandem
288 3700 407 3773 tollunt,
432 3706 464 3760 et
477 3698 682 3760 Ptolemaicus
699 3718 831 3780 aequans
847 3700 936 3762 tollit.
976 3700 1045 3762 Etsi
1063 3719 1134 3765 uero
1151 3698 1336 3778 0666661666
1355 3699 1494 3759 reducere

142 3789 248 3852 nititur
266 3787 479 3868 aequalitatem
494 3795 636 3861 motuum,
653 3807 717 3873 ⁸non
734 3789 815 3850 illam
835 3797 937 3850 tamen
952 3789 1077 3865 reducit
1103 3807 1179 3868 quae
1198 3787 1398 3866 spectaturis
1414 3804 1493 3848 oom-

142 3878 243 3958 posito
267 3878 374 3939 itinere
394 3875 546 3956 planetae.
580 3878 615 3939 In
630 3895 666 3937 6ο
681 3877 759 3938 enim
778 3878 903 3958 planeta
925 3878 1038 3940 incedit
1061 3876 1261 3958 inaequaliter
1286 3884 1316 3937 61
1338 3884 1494 3955 praeterea

142 3967 295 4028 exorbitat
324 3985 344 4026 a
374 3965 499 4040 circulo,
534 3966 613 4044 quod
643 3967 755 4027 latetur
785 3967 850 4047 ipse
874 3965 1067 4047 Cepernicos.
1115 3968 1160 4029 At
1190 3964 1351 4046 principia,
1387 3963 1492 4044 166616,

142 4056 250 4136 quibus
272 4062 372 4117 motus
395 4054 446 4117 ille
469 4054 605 4129 efficitur,
631 4054 732 4116 circuli
757 4055 909 4128 nimirum,
935 4055 1047 4117 habent
1070 4055 1195 4118 seorsim
1219 4055 1362 4133 aequales
1386 4062 1494 4115 motus.

140 4146 269 4226 Fateor3
292 4143 427 4225 aed-non
451 4152 560 4216 motus,
585 4144 633 4225 qui
657 4144 871 4222 phoenomenis
895 4162 1057 4225 congruum
1081 4144 1193 4224 aliquid
1217 4141 1360 4206 61661661.
1399 4142 1494 4205 Ρ666·

140 4242 227 4295 terea
249 4240 280 4294 61
302 4232 375 4294 mihi
397 4232 559 4312 principie,
583 4233 688 4312 quibus
711 4233 852 4311 planetae
877 4243 974 4295 motus
998 4235 1142 4301 efficitur,
1165 4240 1287 4294 manent
1310 4231 1493 4294 constantia

141 4321 320 4385 Differentia
342 4324 439 4384 solum
461 4321 491 4384 in
515 4342 560 4396 eo,
587 4322 664 4402 quod
689 4321 743 4383 1161
768 4331 838 4384 6661
852 4323 965 4390 circuli,
990 4324 1060 4386 milri
1080 4322 1209 4384 virtutes
1223 4329 1414 4401 corporatae.
1446 4322 1492 4383 De

141 4419 244 4473 cetero
271 4419 415 4473 constans
446 4419 495 4472 est
526 4410 610 4472 mihi
643 4411 755 4472 rotatio
787 4412 921 4491 corporis
955 4410 1071 4473 8616616
1104 4429 1197 4491 66666
1230 4408 1494 4490 aequabilissisus3

140 4507 285 4565 constans
308 4499 464 4562 circulatio
488 4499 598 4579 speciei
620 4497 704 4561 Solis
728 4498 947 4563 immateriutae
971 4510 1002 4561 et
1025 4500 1231 4579 magneticae3
1264 4507 1410 4561 constans
1434 4499 1493 4563 im·

140 4590 259 4669 pressio
277 4589 366 4670 hujus
381 4588 491 4670 speciei
506 4608 560 4651 seu
573 4588 695 4651 virtutis
718 4590 852 4651 metricis
868 4589 896 4650 in
912 4591 1063 4670 planetam
1080 4599 1162 4652 certo
1188 4589 1347 4650 intervallo
1359 4587 1493 4651 distan-

140 4688 221 4754 1666
244 4688 387 4740 66661666
405 4687 438 4738 61
451 4676 685 4739 circularisaima
706 4677 778 4740 licet
793 4679 969 4740 tardissima
982 4679 1136 4741 conversio
1154 4679 1220 4741 uris
1235 4677 1367 4756 corporis
1383 4678 1493 4761 plane·

140 4776 203 4845 tae,
228 4767 304 4830 unde
319 4784 497 4847 progressus
519 4784 734 4847 apogaeorum3
758 4777 901 4831 constans
916 4769 1013 4831 virtus
1031 4769 1203 4846 magnetica
1221 4766 1374 4829 adunandi
1397 4786 1492 4851 seps·

140 4856 266 4922 randire
282 4868 409 4940 corpore
421 4852 504 4919 Solis
520 4863 553 4918 et
568 4856 709 4939 planetae
724 4856 754 4920 16
773 4855 899 4940 siugulis
914 4857 1034 4941 angulis
1049 4856 1253 4925 inclinationis
1268 4854 1334 4921 6616
1345 4856 1494 4940 61666166
