3278 5550
152 293 214 363 104
569 297 669 349 Liberae
687 297 790 363 Kepleri
809 297 958 363 aliorumque
976 303 1077 351 mutuae

150 474 328 557 appetentia
362 482 448 538 tanta
481 483 594 555 quauta
618 474 681 538 ΑΡ.
729 476 825 539 Aufer
847 476 885 537 ab
908 474 965 538 ΑΡ
997 474 1153 554 aequalem
1175 472 1234 555 ipsi
1255 473 1332 553 ΒΡ,
1364 480 1483 559 quaes

149 565 223 638 AS,
255 585 326 646 ergo
355 564 405 626 SP
437 573 484 625 est
517 564 564 625 hic
597 564 733 626 modulus
765 565 957 645 appetentiae
985 573 1017 624 et
1045 563 1104 624 An
1136 583 1276 626 mensura
1309 566 1483 647 appetentis

149 655 258 735 angulo
282 655 373 715 nullo.
419 651 463 714 Ει
485 653 567 716 AD:
589 652 639 715 SP
655 678 692 708 =
710 653 765 715 BD
782 675 789 715 :
806 654 859 714 BP
887 655 935 715 vel
963 650 1029 714 CN.
1076 651 1157 733 Ergo
1188 653 1274 717 sinus
1303 654 1483 736 digressioni

147 747 288 826 planetae
311 744 349 805 ab
374 761 508 823 apogaeo
533 744 581 805 vel
604 744 745 825 perigaeo
768 744 890 805 metitur
914 742 1100 804 celeritatem
1122 734 1295 807 acce'dendi.
1350 784 1355 793 -

236 834 321 897 Haec
344 841 392 894 est
415 832 632 894 demonstratio
656 832 840 911 geometrica
871 841 902 893 et
933 830 1112 893 certissima.
1158 833 1266 914 Itaque'
1296 832 1323 896 si
1352 832 1483 915 principi

149 931 253 988 nostra
277 923 351 984 bene
385 921 545 994 haberent,
579 922 697 982 omuino
732 921 851 985 libratio
883 922 968 983 tieret
1000 920 1066 999 lege
1094 921 1210 983 sinuum
1238 922 1483 1003 digressionisa*

147 1032 292 1094 apogaeo.
339 1009 401 1073 Sed
425 1010 495 1091 quia
518 1010 706 1091 experientia
729 1018 760 1071 et
783 1009 897 1090 ellipsis
920 1028 974 1089 per
997 1009 1213 1089 experientiam
1238 1012 1407 1074 certissime
1434 1017 1483 1075 sta

146 1104 232 1166 bilita
254 1101 425 1180 refragatur
448 1107 480 1161 et
503 1100 568 1160 vult
591 1099 780 1161 librationem
804 1099 868 1161 lieri
897 1117 952 1178 per
982 1098 1065 1160 sinus
1092 1116 1197 1161 versos
1231 1100 1430 1181 digressionis
1460 1101 1483 1164 al

146 1210 300 1274 apogaeo,
331 1209 373 1253 sc.
406 1207 464 1250 non
489 1207 541 1268 per
565 1185 620 1251 CN
645 1189 698 1250 sed
721 1207 776 1267 per
797 1188 854 1262 NI,
885 1207 956 1268 ergo
988 1187 1135 1269 principia
1166 1198 1272 1252 nostra
1303 1209 1431 1253 necesse
1452 1209 1483 1253 es

147 1280 268 1343 variari.
316 1278 484 1341 Sumsimus
512 1285 613 1348 autem
645 1296 698 1357 pro
732 1275 787 1338 CN
819 1276 1094 1358 perpendicularem
1118 1277 1165 1340 NI
1196 1278 1225 1339 in
1255 1279 1373 1343 effectu.
1419 1276 1483 1361 Ergt

147 1371 239 1433 etiam
264 1370 292 1431 iu
316 1367 472 1449 principiis
501 1385 555 1446 pro
579 1366 638 1428 ΑΙ)
662 1386 779 1428 sumere
810 1367 952 1428 debemus
985 1366 1263 1446 perpendicularem
1284 1369 1338 1431 Fi.
1384 1368 1483 1450 Nemp

147 1460 303 1522 dicendum
328 1467 391 1530 est,
426 1475 483 1518 non
508 1467 579 1517 tunc
603 1475 670 1517 esse
693 1458 846 1536 planetam
870 1456 899 1518 iu
924 1455 1096 1535 opsidibus,
1130 1475 1196 1517 curn
1220 1457 1287 1519 axis
1310 1457 1483 1538 magnetica

146 1545 436 1630 perpendiculariter
460 1545 565 1608 incidit
588 1546 684 1607 lineae
705 1565 742 1607 ex
765 1543 847 1618 Sole,
874 1545 928 1606 sed
943 1553 1012 1607 tunc
1032 1564 1097 1606 curu
1122 1545 1166 1606 illi
1189 1547 1290 1609 unitur
1308 1547 1351 1621 (si
1369 1548 1483 1626 potent]

145 1637 234 1709 Quod
269 1636 327 1698 etsi
357 1634 452 1714 primo
484 1634 598 1718 intuitu·
624 1654 688 1696 cum
719 1635 890 1714 magnetica
921 1634 1031 1696 virtute
1061 1633 1090 1694 in
1115 1635 1215 1714 specie
1247 1635 1410 1698 conciliare
1442 1640 1483 1699 no

143 1745 277 1808 possum,
302 1734 403 1786 tamen
427 1743 473 1785 me
498 1723 603 1785 mirum
633 1723 663 1785 in
692 1725 812 1785 modum
845 1723 947 1785 elficit.
990 1724 1074 1809 llam
1105 1723 1133 1785 iu
1166 1724 1242 1785 meis
1266 1723 1483 1789 commentarii

145 1816 254 1879 relicta
276 1815 335 1876 fuit
358 1815 432 1875 haec
456 1812 602 1900 objectio:
626 1813 652 1873 si
674 1814 815 1893 planetae
839 1831 893 1894 per
917 1812 1109 1874 directionem
1123 1812 1196 1875 axis
1211 1814 1240 1874 in
1256 1815 1381 1879 easdem
1399 1814 1483 1878 mund

45 1949 48 1955 ·
144 1907 253 1985 plagas
276 1903 388 1964 virtute
411 1902 583 1982 magnetica
607 1902 850 1965 eccentricitates
874 1902 1048 1974 conficiunt,
1078 1902 1172 1965 Terra
1200 1902 1279 1966 idem
1303 1903 1408 1967 faciet.
1453 1903 1483 1967 A*

142 1996 254 2070 Terrae
278 1992 344 2053 axis
368 1992 394 2053 is
418 1993 500 2053 solus
525 1991 657 2053 directus
683 2000 739 2066 est,
765 1991 814 2071 qui
835 1991 1032 2071 porrigitura
1056 2005 1088 2056 te
1107 1991 1136 2052 in
1160 1996 1205 2068 ᾖ,
1229 1993 1314 2072 cujus
1334 1992 1483 2081 directiom

143 2083 255 2145 accidit
278 2089 381 2143 aestas
405 2090 437 2141 et
459 2079 563 2142 hiems.
603 2077 790 2141 Circa'hunc
806 2089 901 2142 totum
925 2079 1070 2161 reliquum
1095 2099 1202 2160 corpus
1226 2082 1331 2144 dietim
1355 2082 1483 2145 volvitur

142 2173 225 2253 Ergo
257 2188 425 2251 apogaeum
457 2169 569 2230 Terrae
602 2178 685 2230 esset
715 2170 806 2230 mum
836 2170 865 2230 io
896 2165 935 2232 00
956 2168 1002 2246 Υ,
1026 2166 1066 2231 00
1088 2180 1145 2236 2.
1191 2171 1237 2233 At
1265 2169 1483 2250 deprehendite

142 2280 252 2342 vagum
285 2270 316 2321 et
349 2258 468 2339 quidem
497 2259 563 2337 jam
594 2258 624 2319 in
649 2256 694 2334 Υ,
723 2268 770 2322 2
800 2258 885 2338 (quia
908 2256 989 2320 Solis
1013 2257 1041 2320 in
1068 2261 1127 2333 ee),
1150 2258 1219 2321 olim
1243 2278 1314 2321 vero
1337 2258 1369 2322 in
1393 2263 1483 2336 11,ss

141 2352 192 2414 Ad
216 2351 293 2412 hanc
317 2348 517 2428 objectionem
541 2346 613 2408 nihil
637 2349 819 2426 respondere
843 2346 927 2427 potui
950 2347 1007 2410 nisi
1038 2348 1111 2410 hoc:
1139 2348 1181 2410 rei
1210 2356 1358 2428 cognatae
1388 2349 1483 2413 simili

144 2440 247 2503 tudine
270 2436 390 2499 modum
413 2436 542 2499 similem
566 2436 783 2510 demonstrari,
809 2454 866 2497 non
891 2437 980 2518 plane
1004 2456 1065 2502 rem
1091 2437 1227 2500 eandem.
1273 2437 1331 2500 llic
1350 2437 1420 2518 jam
1442 2456 1483 2503 ex«

143 2529 299 2610 parientia
323 2533 470 2596 testatur,
504 2525 641 2605 apsidum
674 2526 783 2587 lineam
807 2525 836 2586 in
861 2526 928 2588 axis
953 2527 1059 2590 directi
1083 2527 1191 2588 lineam
1215 2537 1398 2606 competere,
1426 2546 1483 2609 erg

146 2620 257 2682 Terrae
281 2634 448 2699 apogaeum
471 2615 501 2677 in
525 2611 564 2677 0⁰
584 2620 620 2692 ,6
643 2634 710 2676 esse
743 2614 863 2677 stabile.
907 2615 965 2679 Ubi
996 2636 1055 2677 una
1084 2633 1154 2695 pars
1185 2615 1363 2696 objectionis
1396 2616 1483 2682 solua

147 2717 205 2770 est.
251 2702 298 2769 De
322 2708 420 2768 altera
442 2712 529 2784 parte
560 2704 831 2784 respondebosic:
860 2705 890 2767 in
915 2705 1094 2785 aequatione
1126 2704 1258 2766 maxima
1285 2705 1366 2768 circa
1390 2702 1483 2785 0οΥ

146 2793 187 2861 0⁰
209 2807 256 2862 Ω
280 2796 378 2856 locum
392 2793 474 2856 Solis
489 2794 690 2876 Tychonicum
705 2794 777 2855 nihil
793 2794 918 2868 variari,
930 2794 956 2855 si
975 2795 1023 2856 vel
1038 2812 1204 2875 apogaeum
1219 2814 1238 2854 a
1256 2790 1295 2858 00
1309 2800 1344 2872 ,6
1358 2794 1390 2856 in
1414 2787 1483 2880 5οβ

147 2891 181 2964 ,6
196 2885 354 2948 reseratur.
391 2885 424 2946 In
439 2888 475 2960 ,6
491 2891 521 2944 ει
536 2896 568 2948 ee
583 2882 702 2962 peccari
719 2883 838 2962 quidem
860 2881 921 2957 11¹,
937 2884 990 2944 sed
1004 2883 1087 2944 illum
1101 2901 1231 2946 errorem
1246 2901 1283 2945 ex
1299 2883 1483 2946 declination

146 2994 205 3037 non
229 2992 319 3052 posse
344 2971 541 3051 deprehendi;
565 2971 595 3032 in
611 2966 673 3033 450
693 2973 745 3043 (ex
765 2971 849 3050 cujus
864 2971 1073 3033 declinationis
1088 2971 1298 3035 observatione
1313 2971 1483 3037 exstrueud

147 3072 195 3124 est
218 3060 336 3124 theoria
357 3059 453 3133 Solis)
479 3058 510 3121 7¹
534 3058 653 3140 quidem
677 3060 770 3121 errari
795 3061 823 3120 iu
848 3060 913 3121 loco
929 3059 1020 3136 Solis,
1046 3062 1072 3122 si
1096 3080 1263 3141 apogaeum
1286 3055 1370 3147 572⁰
1394 3072 1483 3126 traua

145 3159 284 3232 ponatur,
309 3150 364 3209 sed
386 3149 440 3209 illa
460 3146 490 3209 7‘
506 3148 626 3210 admitti
649 3167 749 3228 posse,
774 3148 801 3210 si
824 3148 984 3211 declinatio
1000 3149 1064 3229 ejus
1079 3150 1136 3212 loci
1152 3149 1185 3212 2⁴
1204 3151 1312 3213 erroris
1336 3151 1366 3213 in
1392 3152 1483 3215 obser

147 3241 246 3303 vando
270 3237 423 3299 admittat.
463 3234 579 3308 Quodsi
599 3237 701 3319 Tycho
726 3238 817 3313 dicat,
842 3258 874 3300 se
899 3238 1115 3301 declinationes
1138 3239 1309 3302 vindicasse
1333 3241 1373 3302 ab
1398 3259 1483 3304 error

147 3348 205 3391 non
230 3335 346 3391 tantum
370 3324 413 3399 2¹,
439 3327 492 3388 sed
515 3326 604 3405 plane
635 3320 698 3409 ¹l,‘:
733 3346 803 3407 ergo
837 3327 866 3388 id
890 3347 1000 3408 negare
1023 3335 1145 3408 potero,
1170 3348 1205 3390 eo
1229 3329 1307 3410 quod
1329 3330 1483 3409 parallaxi

147 3419 224 3481 forte
247 3418 277 3479 iu
301 3416 430 3478 minimis
453 3425 559 3494 peccet
582 3424 635 3478 aut
657 3415 818 3497 obliquitas
840 3417 1008 3496 eclipticae.
1047 3416 1195 3498 Objiciam
1218 3419 1277 3499 ipsi
1301 3438 1372 3479 snas
1388 3419 1483 3483 obser·

145 3508 284 3570 vationes
318 3505 410 3567 etiam
443 3505 478 3569 in
507 3505 586 3585 long.
620 3506 731 3568 media.
776 3505 856 3627 lgam
889 3526 966 3568 anno
1002 3503 1096 3569 1588.
1127 3504 1157 3570 3.
1182 3507 1285 3570 Martii
1315 3507 1441 3589 eclipsis
1468 3507 1483 3571 ir

145 3592 207 3661 23⁰
228 3603 258 3670 l<
281 3595 415 3658 ostendit
437 3595 512 3656 lixas
537 3594 569 3657 7‘
591 3595 788 3675 promotiores
813 3615 902 3676 quam
925 3596 1042 3678 Tycha:
1071 3604 1104 3658 et
1133 3595 1181 3659 hic
1210 3598 1299 3677 plane
1331 3597 1483 3662 tacitam

145 3684 349 3766 Landgravio.
381 3680 461 3746 'Aut
484 3683 582 3745 dicam
605 3685 751 3756 fortasse,
776 3691 909 3747 centrum
933 3684 1015 3747 Solis
1038 3687 1086 3747 vel
1110 3687 1221 3748 Terrae
1249 3687 1279 3749 in
1309 3686 1483 3773 revolution

145 3795 246 3839 annua
268 3793 326 3836 non
354 3792 475 3835 manere
509 3772 742 3853 exquisitissime
775 3774 804 3835 in
838 3775 941 3835 eodem
974 3774 1063 3856 plano
1097 3784 1129 3837 et
1160 3775 1215 3836 sub
1247 3776 1352 3837 eodem
1384 3776 1483 3857 obculq

145 3864 286 3938 maximo,
311 3869 345 3924 ut
367 3881 422 3923 nec
446 3861 533 3925 Luna
556 3863 584 3924 in
609 3862 781 3924 menstrua?
817 3862 864 3924 De
889 3871 913 3933 ό
936 3863 1065 3925 noudum
1089 3864 1134 3926 ita
1156 3865 1329 3946 scrupulose
1351 3864 1483 3945 cogitaui

144 3975 182 4016 an
215 3954 279 4033 ejus
312 3951 441 4014 latitudo
475 3950 593 4013 omniuo
624 3952 903 4015 constantissimam
926 3960 1035 4033 arguat
1067 3953 1302 4017 inclinationem.
1355 3951 1439 4025 Quid
1471 3972 1483 4016 r

145 4052 247 4106 autem
275 4042 350 4103 baec
382 4060 489 4116 causa,
523 4059 576 4103 cnr
607 4059 663 4121 ego
690 4050 762 4121 post
790 4039 893 4121 5jam
921 4061 1016 4103 annos
1046 4043 1175 4105 nondum
1201 4053 1303 4106 tamen
1330 4042 1483 4123 impetras

143 4133 238 4213 potui,
263 4139 296 4192 ut
319 4129 509 4211 operationes
532 4149 600 4192 mea
622 4130 761 4199 methodo
784 4130 942 4193 institutae
965 4130 1023 4198 sibi
1052 4132 1125 4212 ipsis
1152 4140 1373 4196 consentaneae
1404 4131 1483 4196 exhi·

143 4218 250 4284 berent
272 4220 434 4282 distantias
459 4228 484 4290 0’
508 4240 526 4280 a
550 4215 611 4297 Θῗ
655 4219 734 4283 Nam
758 4219 837 4283 inter
860 4228 995 4282 assumta
1017 4230 1065 4282 est
1092 4222 1175 4285 locus
1199 4219 1239 4300 Θ
1264 4229 1297 4284 ut
1326 4221 1483 4286 certissirn

143 4309 290 4389 cognitus.
338 4307 401 4371 Sed
424 4309 494 4390 quid
518 4308 554 4370 de
579 4309 744 4383 veteribus,
773 4309 822 4389 qui
846 4327 1013 4390 apogaeum
1036 4310 1064 4372 iu
1089 4304 1172 4394 5¹l,'⁰
1194 4315 1227 4384 Π
1248 4311 1396 4391 posuere?
1441 4311 1483 4376 Ill

142 4397 291 4477 igiturin
320 4398 395 4460 locis
427 4395 467 4475 Θ
496 4398 577 4459 circa
608 4394 774 4477 apogaeum
803 4397 920 4461 dicendi
947 4406 1017 4461 sunt
1044 4418 1162 4462 errasse
1194 4397 1259 4464 49‘.
1304 4399 1400 4462 Nulla
1420 4398 1483 4464 mih

142 4487 247 4568 religio
271 4487 327 4549 hoc
351 4487 460 4562 dicere,
485 4505 550 4549 cum
574 4488 620 4548 usi
643 4487 754 4549 fuerint
776 4488 986 4550 observatione
1010 4489 1134 4551 solstitii
1157 4488 1396 4570 imperceptibili.

74 4637 77 4641 .
232 4574 293 4639 Sed
316 4576 488 4658 priusquam
513 4576 693 4656 triumphum
716 4596 835 4654 canam,
867 4577 1061 4658 cogitandum
1091 4578 1128 4642 de
1158 4579 1286 4663 physica
1307 4597 1417 4655 causa,
1444 4598 1483 4662 qu

141 4666 205 4729 lieri
227 4666 335 4747 possit,
358 4673 393 4727 ut
415 4684 581 4746 apogaeum
605 4665 777 4729 conficiatur
799 4685 856 4729 axe
870 4667 1049 4747 magnetico,
1075 4677 1215 4732 manente
1234 4669 1264 4735 in
1279 4667 1396 4732 directa
1411 4667 1483 4732 liner

142 4775 179 4819 ex
195 4752 255 4833 Θι
284 4754 435 4828 Quidnam
459 4763 521 4829 est,
545 4756 622 4837 quod
650 4755 739 4819 simul
760 4756 824 4831 liat,
849 4764 882 4819 ut
903 4755 931 4819 ei
954 4776 1076 4821 causam
1097 4758 1370 4823 transscribamus?
1395 4759 1483 4823 Tem
