3278 5550
142 299 186 370 26
567 298 669 355 Ialtorae
685 260 788 370 Alpion
805 302 956 371 oliomquc
973 310 1077 358 mutuae

232 483 364 563 Oportet
383 482 453 561 jam·
475 482 629 562 regionem
662 482 743 544 circa
764 482 790 543 Β
814 480 949 546 dividere
973 482 1003 543 ia
1027 478 1048 544 4
1072 485 1218 563 angulos,
1250 482 1395 565 aequales
1417 485 1501 548 datis

142 592 169 649 c,
192 573 221 648 d,
246 574 267 647 f,
293 592 319 647 e,
344 581 376 633 et
397 570 550 651 regionem
574 570 654 632 circa
675 573 705 632 A
729 570 758 631 in
783 566 803 632 4
827 571 969 651 aequales
993 571 1073 633 datis
1097 591 1127 652 g,
1147 573 1177 647 h,
1197 573 1216 645 i,
1236 573 1271 649 lr,
1296 573 1341 636 sic
1365 573 1499 655 quidem,

142 671 176 724 ut
199 662 349 723 sectiones
372 669 535 741 quaternae
565 660 711 721 linearum
735 661 820 721 exB
849 669 880 720 et
909 679 947 721 ex
968 661 999 721 A
1029 662 1269 724 concurrentium
1299 662 1438 726 incidant
1469 665 1499 725 in

142 751 411 813 circumferentiam
442 750 507 829 ejus
531 750 653 823 circuli,
685 749 770 827 cujus
797 748 853 810 BA
885 750 1021 831 utrinque
1054 751 1229 812 continuata
1260 752 1409 814 diameter
1443 763 1499 814 est

14 842 22 867 '
141 840 200 902 Hic
233 841 385 922 cylindros
415 848 447 900 et
475 859 567 901 conos
598 847 630 900 et
661 837 799 918 quicquid
824 846 872 898 est
904 839 1121 918 suppellectilis
1148 841 1349 918 geometricae
1380 843 1498 921 expedi,

141 929 288 1009 Apolloni
312 928 440 991 Gallice.
487 930 567 991 Nam
591 928 665 989 facit
687 925 828 987 instituta
851 928 1083 989 restaurationis
1111 929 1331 992 astronomicae
1354 930 1501 1012 ἀκριβεως,

142 1027 176 1081 ut
199 1020 246 1092 iis,
271 1036 347 1099 quae
371 1018 436 1098 jam
460 1015 686 1088 demonstrasti,
710 1035 816 1095 parurn
840 1016 897 1076 frui
920 1018 1072 1096 possimus
1096 1018 1135 1078 ad
1155 1019 1271 1098 majora
1294 1020 1499 1099 adspirantes.

231 1109 342 1183 Modus
365 1127 423 1188 quo
448 1126 504 1187 ego
529 1126 596 1169 sum
619 1125 691 1166 usus
717 1105 746 1165 in
771 1124 861 1184 opere
886 1106 972 1185 (quia
994 1107 1043 1167 hic
1066 1108 1222 1186 problema
1244 1108 1427 1182 illustrabit)
1452 1110 1500 1171 hic

623 1194 687 1255 luit.
712 1195 788 1256 Esto
804 1194 933 1256 circulus
951 1196 1175 1275 propositarum
1194 1198 1361 1259 sectionum
1375 1198 1498 1261 DEFG.

623 1285 707 1344 llaec
731 1291 779 1342 est
801 1283 851 1343 via
874 1282 969 1362 ipsius
996 1284 1139 1365 planetae
1170 1287 1294 1368 ejusque
1317 1295 1449 1367 quatuor
1471 1288 1499 1348 in

418 1434 434 1444 N
622 1372 676 1432 illa
700 1372 857 1433 stationes.
899 1369 1043 1434 Centrum
1067 1375 1131 1452 ejus
1156 1375 1197 1436 sit
1215 1378 1251 1450 Β,
1276 1376 1425 1438 diameter
1448 1394 1499 1457 per

621 1469 733 1540 puncta
769 1459 829 1521 duo
869 1463 1027 1541 proposita
1064 1465 1254 1544 (quaejam
1293 1464 1356 1526 sint
1388 1465 1430 1540 Ο,
1461 1468 1497 1527 A.

516 1542 548 1627 ἦ
620 1553 649 1610 Α
669 1556 804 1618 centrum
819 1550 897 1610 unde
922 1560 1112 1630 computatur
1126 1553 1346 1627 eccentricitas,
1373 1572 1415 1615 sc.
1433 1554 1496 1633 ipse

619 1639 683 1711 Sol,
710 1638 734 1702 C
756 1647 889 1699 centrum
913 1638 1125 1720 aequalitatis)
1148 1643 1301 1703 transiens
1319 1644 1375 1705 Hl.
1416 1642 1496 1705 Gou-

332 1789 366 1812 Ι,
402 1799 411 1809 .
619 1736 777 1789 nectantur
802 1727 867 1801 OD,
893 1727 955 1802 OE,
982 1728 1043 1803 CF,
1070 1730 1136 1804 GG,
1171 1732 1214 1792 sic
1246 1732 1315 1806 AD,
1340 1733 1409 1807 ΑΕ,
1434 1733 1497 1805 AF,

283 1840 315 1881 -·
371 1842 374 1899 3
399 1811 530 1899 ..N-Q
620 1817 691 1879 AG.
739 1818 817 1877 Item
839 1818 905 1891 BD,
929 1819 993 1889 BE,
1016 1820 1080 1891 BF,
1102 1819 1179 1895 BG;
1212 1828 1275 1881 tum
1307 1821 1400 1882 etiam
1433 1821 1497 1894 DE,

383 1898 586 1983 ,QNJ-s,
620 1907 681 1979 EF,
706 1905 771 1978 EG,
797 1906 873 1980 GD;
898 1907 1024 1987 denique
1048 1908 1115 1970 GE.
1156 1911 1281 1971 'Dantur
1308 1909 1498 1988 ergo'DCE,

443 1979 556 2194 ss
622 1994 713 2066 EGF,
735 1994 830 2068 FCG,
855 1995 941 2058 GOD
965 2015 1003 2055 ex
1031 1998 1202 2059 intervallis
1231 2006 1398 2078 temporum
1424 1999 1499 2060 inter

624 2082 862 2144 observationes.
910 2085 1028 2145 Dantur
1052 2087 1144 2147 etiam
1167 2089 1264 2161 DAE,
1284 2089 1378 2162 ΕΑΒ,
1402 2088 1498 2160 EAG,

625 2173 714 2234 GAD
739 2190 776 2231 ex
795 2171 951 2234 distantiis
974 2175 1106 2236 locorum
1129 2176 1254 2238 zodiaci.
1293 2177 1408 2252 Tertio,
1433 2177 1501 2258 quia

403 2293 405 2297 v
625 2263 663 2335 D,
679 2262 728 2334 Ε,
757 2263 795 2335 F,
821 2261 849 2322 G
880 2268 950 2322 sunt
982 2263 1011 2323 in
1042 2265 1169 2340 circulo,
1203 2265 1270 2325 ideo
1304 2265 1501 2345 quadrilateri

145 2361 258 2426 DEFG
280 2361 343 2422 bini
368 2355 509 2439 oppositi,
532 2361 567 2414 ut
588 2351 682 2424 EAG,
706 2350 804 2424 EDG,
829 2350 944 2411 faciunt
966 2372 1111 2414 summam
1136 2353 1156 2415 2
1180 2363 1340 2428 rectorum,
1364 2363 1396 2416 et
1418 2353 1502 2417 EFG
1549 2405 1551 2411 .

146 2449 426 2513 circumferentialis
459 2453 506 2506 est
536 2440 676 2502 dimidius
709 2439 852 2500 centralis
881 2441 980 2515 EBG,
1006 2451 1037 2502 et
1059 2444 1127 2517 ΒΕ,
1156 2443 1214 2505 BG
1246 2445 1391 2524 aequales
1423 2451 1500 2506 sunt.

146 2536 264 2613 Quarto
286 2539 469 2620 postulatur,
494 2541 527 2594 ut
549 2531 640 2604 GBE,
664 2530 748 2591 ΕΒΑ
774 2528 887 2589 faciant
910 2549 1056 2592 suminam
1081 2530 1100 2593 2
1122 2543 1283 2593 rectorum.
1322 2535 1407 2594 Haec
1432 2552 1501 2612 ergo

145 2639 216 2693 sont
238 2629 384 2709 principia
414 2619 682 2686 demonstrationis
714 2618 844 2698 petitae,
875 2628 1092 2700 praetereaque
1121 2622 1213 2682 nulla.
1261 2622 1373 2684 Cetera
1402 2623 1503 2684 omnia

145 2716 335 2802 quaeruntur.
375 2717 441 2796 Ego
465 2713 566 2792 itaque
584 2710 627 2772 sic
643 2709 699 2786 egi.
737 2708 880 2781 Primum,
905 2717 939 2769 ut
962 2709 990 2770 in
1010 2711 1116 2789 regula
1139 2710 1209 2771 falsi
1234 2711 1366 2772 solemus
1390 2726 1502 2791 ponere

145 2809 176 2870 id
200 2808 278 2890 quod
310 2806 479 2888 quaeritur,
513 2801 557 2860 sic
590 2818 646 2878 ego
675 2797 761 2875 posui
795 2798 892 2857 locum
924 2799 1050 2878 apogaei
1074 2801 1104 2860 H
1132 2807 1255 2860 certum.
1302 2802 1368 2862 Hoc
1401 2801 1499 2881 posito

145 2906 310 2978 sequuntur
332 2893 436 2973 anguli
450 2891 550 2962 llAD,
570 2889 666 2960 llAE,
687 2887 781 2960 llAF,
796 2888 898 2959 HAG,
922 2896 953 2947 ct
976 2889 1196 2969 complementis
1218 2884 1257 2949 ad
1281 2890 1497 2954 semicirculum

144 2987 230 3059 IAD,
253 2986 337 3058 IAE,
361 2984 441 3055 lAF,
466 2979 551 3040 lAG.
599 2975 739 3037 Secundo
762 2975 849 3052 posui
874 2977 959 3054 quasi
989 2986 1103 3037 certam
1132 2978 1348 3058 longitudinem
1371 2980 1503 3042 mediam

146 3074 210 3136 eive
230 3071 412 3134 anomaliam
433 3066 574 3140 cocentri,
598 3066 654 3126 hnc
673 3072 721 3124 est
734 3063 831 3137 1101),
848 3065 943 3140 HGE,
958 3066 1051 3140 HGE,
1066 3067 1164 3142 HGG,
1189 3087 1256 3129 cum
1275 3070 1505 3148 complementis

146 3162 229 3236 101),
244 3162 325 3236 ICE,
341 3160 418 3233 ICF,
439 3157 521 3220 lCG.
558 3155 594 3216 In
614 3151 774 3231 triangulis
794 3152 890 3302 (igitur
912 3163 1041 3234 quatuor
1065 3175 1155 3236 super
1178 3158 1326 3220 communi
1351 3159 1418 3220 basi
1436 3159 1504 3234 Ac,

146 3271 223 3333 quae
248 3259 319 3312 sunt
339 3247 437 3322 ADG,
454 3243 548 3318 AEG,
568 3243 661 3316 AFG,
680 3241 769 3303 AGG
814 3251 904 3304 antur
926 3244 1029 3323 anguli
1052 3264 1165 3321 omues,
1189 3256 1221 3309 et
1243 3247 1327 3309 basis
1350 3247 1409 3310 AG
1433 3268 1505 3330 per·

146 3341 279 3403 mittitur
301 3338 426 3400 arbitrio
449 3342 572 3396 nostro:
598 3331 733 3413 quaesivi
759 3349 830 3410 ergo
849 3334 1060 3413 proportiones
1083 3336 1167 3397 basis
1181 3335 1238 3398 AG
1263 3337 1302 3397 ad
1317 3336 1415 3399 lineas
1434 3339 1505 3412 AD,

148 3429 217 3505 ΑΕ,
240 3431 307 3504 AF,
330 3427 400 3490 AG.
446 3426 579 3487 Rursum
602 3439 675 3500 ergo
696 3421 727 3481 in
752 3429 880 3500 quatuor
906 3422 1066 3501 triangulis
1090 3426 1128 3485 ad
1152 3444 1336 3487 communem
1359 3426 1506 3489 verticem

145 3520 191 3594 A,
224 3538 300 3601 quae
332 3523 402 3579 sunt
424 3514 520 3587 DAE,
544 3513 637 3585 EAF,
662 3509 758 3584 FAG,
783 3510 889 3586 GAD,
922 3512 1042 3574 dantur
1063 3513 1134 3574 bina
1164 3514 1262 3576 latera
1287 3516 1352 3594 jam
1381 3515 1507 3582 inventa

148 3627 216 3669 cum
241 3606 460 3687 comprehenso
483 3602 521 3662 ad
537 3604 583 3663 A:
609 3599 745 3680 quaesivi
768 3617 839 3678 crgo
863 3600 893 3661 in
915 3602 1042 3681 singulis
1066 3604 1207 3682 angulum
1229 3624 1320 3665 unum
1344 3605 1383 3664 ad
1406 3606 1506 3679 basin,

148 3696 269 3762 scilicet
291 3694 392 3768 ADG,
409 3693 506 3764 ΑΒΕ,
521 3690 617 3764 AFG,
634 3689 726 3751 ΑΕΒ.
773 3689 813 3749 lli
837 3698 973 3768 quatuor,
999 3691 1069 3775 quia
1092 3700 1162 3754 sunt
1184 3701 1288 3772 partes
1311 3693 1516 3755 absumentes

149 3787 224 3848 duos
249 3788 279 3847 in
299 3783 503 3866 quadrilatera
521 3779 624 3840 circuli
648 3776 814 3857 oppositos,
838 3780 933 3841 additi
953 3789 984 3841 et
998 3788 1099 3842 niutuo
1115 3783 1225 3843 debent
1241 3784 1341 3843 facere
1358 3802 1507 3844 summam

147 3873 351 3938 Erectorum.
399 3870 492 3934 Atei
516 3870 573 3929 hoc
604 3887 663 3928 non
695 3867 803 3940 fiebat,
828 3868 885 3929 fuit
907 3870 981 3958 milii
1004 3872 1170 3950 repetenda
1199 3871 1355 3952 operatio,
1386 3873 1508 3934 retenta

115 4026 121 4037 ,
146 3964 298 4044 positione
323 3959 518 4042 longitudinis
542 3958 658 4018 mediae
683 3965 714 4016 et
732 3965 846 4018 mutato
871 3977 1026 4038 apogaco:
1051 3961 1178 4021 retentis
1202 3981 1242 4022 sc.
1256 3960 1506 4024 inclinationibus

144 4051 202 4114 HG
226 4054 264 4114 ad
289 4057 500 4114 concurrentes
524 4048 554 4108 in
579 4046 614 4120 O,
640 4045 694 4106 sed
717 4047 841 4107 mutatis
866 4046 1111 4110 inclinationibus
1135 4052 1195 4112 HA
1218 4051 1257 4111 ad
1280 4060 1505 4112 concurrentes.

147 4142 240 4224 quue
265 4141 434 4203 faciendum
458 4137 515 4199 luit
537 4156 594 4197 non
618 4135 666 4195 bis
690 4143 806 4196 tantum
830 4137 913 4207 (nam
938 4139 1042 4217 regula
1065 4139 1136 4200 falsi
1159 4147 1321 4201 autcossa
1343 4159 1403 4202 nou
1426 4160 1507 4221 qna-

87 4223 92 4243 *
147 4231 237 4292 drant
260 4232 332 4304 lruc)
358 4230 411 4291 sed
435 4224 628 4307 saepissime,
652 4224 746 4284 donec
769 4226 870 4303 anguli
895 4227 969 4287 dicti
992 4230 1127 4290 facerent
1154 4247 1299 4290 summam
1323 4229 1504 4309 quaesitam.

146 4321 231 4382 Tunc
264 4339 336 4399 ergo
368 4337 497 4399 pergens
530 4313 665 4395 quaesivi
698 4314 727 4373 in
752 4314 839 4376 GAE
873 4335 910 4376 ex
942 4317 1021 4397 datis
1046 4317 1116 4392 GA,
1139 4320 1197 4380 ΑΕ
1222 4328 1253 4380 et
1276 4319 1364 4381 GAE
1387 4318 1506 4393 (GAD,

147 4410 235 4471 DAE
266 4408 381 4470 faciunt
405 4407 506 4479 GAE)
532 4403 673 4482 angulum
697 4403 785 4464 AEG
810 4414 841 4464 ct
864 4405 920 4466 GE
952 4406 1038 4466 basin
1069 4416 1255 4468 communem
1282 4407 1506 4487 triangulorum

54 4568 60 4581 Δ
149 4497 242 4572 GFE,
268 4498 360 4560 GBE.
407 4497 442 4557 ln
472 4494 625 4572 triangulo
655 4493 746 4571 igitur
770 4492 853 4554 GBE
885 4496 974 4555 datur
998 4495 1070 4571 GE,
1096 4506 1127 4558 et
1150 4498 1233 4559 GBE
1257 4506 1306 4559 est
1334 4498 1442 4578 duplus
1466 4497 1506 4556 ad

149 4585 242 4661 GFE,
266 4587 315 4667 qui
339 4593 428 4646 notus
453 4593 501 4645 est
523 4583 553 4643 in
575 4581 712 4662 partibus
736 4581 830 4654 GFA,
855 4585 946 4645 AFE.
993 4586 1036 4646 Et
1058 4587 1128 4666 quia
1151 4588 1391 4667 aequecrnrium,
1416 4587 1507 4649 datur

149 4683 182 4737 et
203 4677 332 4755 angulus
355 4674 394 4735 ad
412 4674 500 4735 basin
514 4672 609 4734 BEG.
646 4673 749 4733 Antea
773 4690 843 4732 vero
862 4673 989 4734 dabatur
1004 4675 1103 4750 AEG,
1126 4677 1216 4736 datur
1239 4695 1311 4756 ergo
1335 4676 1506 4737 differentia

150 4765 327 4845 angulorum
350 4760 567 4836 AEG,.BEG,
602 4760 719 4822 scilicet
745 4761 840 4822 BEA.
860 4810 864 4819 .
886 4763 956 4824 Jam
988 4764 1018 4824 iu
1046 4765 1148 4839 BEA,
1181 4767 1251 4846 quia
1283 4766 1385 4827 nescio
1416 4784 1454 4824 an
1472 4767 1505 4825 Β

87 4915 92 4932 ,
149 4853 346 4919 cecideritin
374 4852 484 4915 lineam
509 4849 584 4926 CA,
616 4858 649 4911 ut
671 4868 795 4931 necesse
827 4859 875 4914 est
906 4851 954 4927 (in
977 4855 1199 4918 constructione
1232 4855 1351 4939 qtridem
1379 4854 1409 4921 id
1438 4853 1514 4916 fieri
