<?xml version="1.0" encoding="UTF-8"?>
<!DOCTYPE html PUBLIC "-//W3C//DTD XHTML 1.0 Transitional//EN"
    "http://www.w3.org/TR/xhtml1/DTD/xhtml1-transitional.dtd">
<html xmlns="http://www.w3.org/1999/xhtml" xml:lang="en" lang="en">
 <head>
  <title>
</title>
<meta http-equiv="Content-Type" content="text/html;charset=utf-8" />
  <meta name='ocr-system' content='tesseract 3.04.00' />
  <meta name='ocr-capabilities' content='ocr_page ocr_carea ocr_par ocr_line ocrx_word'/>
</head>
<body>
  <div class='ocr_page' id='page_1' title='image "./joanniskepleria12frisgoog/joanniskepleria12frisgoog_0105.png"; bbox 0 0 3278 5550; ppageno 0'>
   <div class='ocr_carea' id='block_1_1' title="bbox 159 288 1090 366">
    <p class='ocr_par' dir='ltr' id='par_1_1' title="bbox 159 288 1090 366">
     <span class='ocr_line' id='line_1_1' title="bbox 159 288 1090 366; baseline 0.002 -18"><span class='ocrx_word' id='word_1_1' title='bbox 159 288 204 362; x_wconf 76' lang='lat' dir='ltr'>po</span> <span class='ocrx_word' id='word_1_2' title='bbox 345 349 348 353; x_wconf 81' lang='grc'><em>,</em></span> <span class='ocrx_word' id='word_1_3' title='bbox 581 288 1090 366; x_wconf 62' lang='lat' dir='ltr'>muscae-mmm</span> 
     </span>
    </p>
   </div>
   <div class='ocr_carea' id='block_1_2' title="bbox 42 458 1470 555">
    <p class='ocr_par' dir='ltr' id='par_1_2' title="bbox 42 458 1470 555">
     <span class='ocr_line' id='line_1_2' title="bbox 42 458 1470 555; baseline -0.004 -17"><span class='ocrx_word' id='word_1_4' title='bbox 42 458 52 473; x_wconf 56' lang='lat'>&#39;¹</span> <span class='ocrx_word' id='word_1_5' title='bbox 159 469 455 538; x_wconf 66' lang='lat' dir='ltr'>3⁴-41nuenrua</span> <span class='ocrx_word' id='word_1_6' title='bbox 500 477 652 541; x_wconf 79' lang='lat' dir='ltr'>lavantur</span> <span class='ocrx_word' id='word_1_7' title='bbox 675 481 775 538; x_wconf 89' lang='lat' dir='ltr'>antem</span> <span class='ocrx_word' id='word_1_8' title='bbox 797 473 987 555; x_wconf 85' lang='lat' dir='ltr'>prolongatis</span> <span class='ocrx_word' id='word_1_9' title='bbox 1010 472 1165 536; x_wconf 69' lang='lat' dir='ltr'>distantiis</span> <span class='ocrx_word' id='word_1_10' title='bbox 1191 470 1222 533; x_wconf 91' lang='lat' dir='ltr'>in</span> <span class='ocrx_word' id='word_1_11' title='bbox 1244 469 1353 534; x_wconf 74' lang='lat' dir='ltr'>msdhs</span> <span class='ocrx_word' id='word_1_12' title='bbox 1377 467 1470 551; x_wconf 82' lang='lat' dir='ltr'>longit</span> 
     </span>
    </p>
   </div>
   <div class='ocr_carea' id='block_1_3' title="bbox 142 558 1471 4129">
    <p class='ocr_par' dir='ltr' id='par_1_3' title="bbox 157 558 1470 819">
     <span class='ocr_line' id='line_1_3' title="bbox 158 558 1470 645; baseline -0.002 -20"><span class='ocrx_word' id='word_1_13' title='bbox 158 563 288 626; x_wconf 74' lang='lat' dir='ltr'>dindina.</span> <span class='ocrx_word' id='word_1_14' title='bbox 335 560 386 628; x_wconf 88' lang='lat' dir='ltr'>Sic</span> <span class='ocrx_word' id='word_1_15' title='bbox 409 565 586 645; x_wconf 86' lang='lat' dir='ltr'>igiturest,</span> <span class='ocrx_word' id='word_1_16' title='bbox 616 565 658 628; x_wconf 89' lang='lat' dir='ltr'>mi</span> <span class='ocrx_word' id='word_1_17' title='bbox 680 564 809 629; x_wconf 78' lang='lat' dir='ltr'>Fabrici.</span> <span class='ocrx_word' id='word_1_18' title='bbox 855 563 1009 645; x_wconf 84' lang='lat' dir='ltr'>Negativa</span> <span class='ocrx_word' id='word_1_19' title='bbox 1036 562 1140 626; x_wconf 90' lang='lat' dir='ltr'>circuli</span> <span class='ocrx_word' id='word_1_20' title='bbox 1165 558 1364 623; x_wconf 71' lang='lat' dir='ltr'>validissimis</span> <span class='ocrx_word' id='word_1_21' title='bbox 1392 559 1470 641; x_wconf 83' lang='lat' dir='ltr'>qnid</span> 
     </span>
     <span class='ocr_line' id='line_1_4' title="bbox 157 644 1470 733; baseline -0.004 -17"><span class='ocrx_word' id='word_1_22' title='bbox 157 644 264 716; x_wconf 87' lang='lat' dir='ltr'>nititur</span> <span class='ocrx_word' id='word_1_23' title='bbox 286 653 469 733; x_wconf 79' lang='lat' dir='ltr'>argumentis</span> <span class='ocrx_word' id='word_1_24' title='bbox 498 664 532 718; x_wconf 89' lang='lat' dir='ltr'>et</span> <span class='ocrx_word' id='word_1_25' title='bbox 563 655 694 718; x_wconf 87' lang='lat' dir='ltr'>ovalitas</span> <span class='ocrx_word' id='word_1_26' title='bbox 723 654 854 728; x_wconf 76' lang='lat' dir='ltr'>(frustra</span> <span class='ocrx_word' id='word_1_27' title='bbox 883 661 916 717; x_wconf 93' lang='lat' dir='ltr'>te</span> <span class='ocrx_word' id='word_1_28' title='bbox 948 652 1143 716; x_wconf 76' lang='lat' dir='ltr'>concludente</span> <span class='ocrx_word' id='word_1_29' title='bbox 1176 657 1284 714; x_wconf 89' lang='lat' dir='ltr'>contra</span> <span class='ocrx_word' id='word_1_30' title='bbox 1314 648 1427 726; x_wconf 90' lang='lat' dir='ltr'>hanc),</span> <span class='ocrx_word' id='word_1_31' title='bbox 1461 667 1470 712; x_wconf 85' lang='lat' dir='ltr'>e</span> 
     </span>
     <span class='ocr_line' id='line_1_5' title="bbox 157 738 1423 819; baseline -0.005 -12"><span class='ocrx_word' id='word_1_32' title='bbox 157 741 340 807; x_wconf 78' lang='lat' dir='ltr'>affirmativa</span> <span class='ocrx_word' id='word_1_33' title='bbox 360 744 466 807; x_wconf 90' lang='lat' dir='ltr'>harum</span> <span class='ocrx_word' id='word_1_34' title='bbox 489 745 699 808; x_wconf 78' lang='lat' dir='ltr'>distantiarum</span> <span class='ocrx_word' id='word_1_35' title='bbox 728 763 766 806; x_wconf 90' lang='lat' dir='ltr'>ex</span> <span class='ocrx_word' id='word_1_36' title='bbox 796 741 1028 806; x_wconf 78' lang='lat' dir='ltr'>ratiocinatione</span> <span class='ocrx_word' id='word_1_37' title='bbox 1055 761 1124 805; x_wconf 91' lang='lat' dir='ltr'>mea</span> <span class='ocrx_word' id='word_1_38' title='bbox 1152 739 1230 803; x_wconf 85' lang='lat' dir='ltr'>nudo</span> <span class='ocrx_word' id='word_1_39' title='bbox 1259 738 1423 819; x_wconf 84' lang='lat' dir='ltr'>dependet.</span> 
     </span>
    </p>

    <p class='ocr_par' dir='ltr' id='par_1_4' title="bbox 153 828 1470 1718">
     <span class='ocr_line' id='line_1_6' title="bbox 156 828 1470 914; baseline -0.003 -20"><span class='ocrx_word' id='word_1_40' title='bbox 156 831 280 895; x_wconf 88' lang='lat' dir='ltr'>vitiose:</span> <span class='ocrx_word' id='word_1_41' title='bbox 303 832 488 913; x_wconf 89' lang='lat' dir='ltr'>Kepleriana</span> <span class='ocrx_word' id='word_1_42' title='bbox 511 834 641 897; x_wconf 89' lang='lat' dir='ltr'>ovalitas</span> <span class='ocrx_word' id='word_1_43' title='bbox 661 833 783 896; x_wconf 90' lang='lat' dir='ltr'>nimium</span> <span class='ocrx_word' id='word_1_44' title='bbox 798 840 908 908; x_wconf 75' lang='lat' dir='ltr'>curtat</span> <span class='ocrx_word' id='word_1_45' title='bbox 933 850 1006 914; x_wconf 87' lang='lat' dir='ltr'>ergo</span> <span class='ocrx_word' id='word_1_46' title='bbox 1024 832 1106 894; x_wconf 85' lang='lat' dir='ltr'>nulla</span> <span class='ocrx_word' id='word_1_47' title='bbox 1118 831 1209 913; x_wconf 92' lang='lat' dir='ltr'>plane</span> <span class='ocrx_word' id='word_1_48' title='bbox 1224 828 1358 892; x_wconf 84' lang='lat' dir='ltr'>ovalitas</span> <span class='ocrx_word' id='word_1_49' title='bbox 1371 832 1470 910; x_wconf 86' lang='lat' dir='ltr'>ponat</span> 
     </span>
     <span class='ocr_line' id='line_1_7' title="bbox 156 915 1470 1004; baseline -0.004 -19"><span class='ocrx_word' id='word_1_50' title='bbox 156 920 223 1003; x_wconf 76' lang='lat' dir='ltr'>Ego</span> <span class='ocrx_word' id='word_1_51' title='bbox 247 940 341 1004; x_wconf 90' lang='lat' dir='ltr'>aeque</span> <span class='ocrx_word' id='word_1_52' title='bbox 362 922 490 987; x_wconf 84' lang='lat' dir='ltr'>vitiose:</span> <span class='ocrx_word' id='word_1_53' title='bbox 521 922 662 987; x_wconf 86' lang='lat' dir='ltr'>Ovalitas</span> <span class='ocrx_word' id='word_1_54' title='bbox 687 930 736 985; x_wconf 90' lang='lat' dir='ltr'>eet</span> <span class='ocrx_word' id='word_1_55' title='bbox 759 921 873 1004; x_wconf 90' lang='lat' dir='ltr'>aliqua,</span> <span class='ocrx_word' id='word_1_56' title='bbox 897 941 969 1002; x_wconf 90' lang='lat' dir='ltr'>ergo</span> <span class='ocrx_word' id='word_1_57' title='bbox 992 920 1069 983; x_wconf 89' lang='lat' dir='ltr'>haec</span> <span class='ocrx_word' id='word_1_58' title='bbox 1092 921 1165 994; x_wconf 88' lang='lat' dir='ltr'>erit,</span> <span class='ocrx_word' id='word_1_59' title='bbox 1200 936 1289 999; x_wconf 89' lang='lat' dir='ltr'>quarn</span> <span class='ocrx_word' id='word_1_60' title='bbox 1311 915 1470 999; x_wconf 80' lang='lat' dir='ltr'>aequabili</span> 
     </span>
     <span class='ocr_line' id='line_1_8' title="bbox 157 1004 1470 1095; baseline -0.005 -20"><span class='ocrx_word' id='word_1_61' title='bbox 157 1018 256 1075; x_wconf 90' lang='lat' dir='ltr'>motus</span> <span class='ocrx_word' id='word_1_62' title='bbox 280 1010 407 1095; x_wconf 86' lang='lat' dir='ltr'>epicycli</span> <span class='ocrx_word' id='word_1_63' title='bbox 432 1020 593 1077; x_wconf 84' lang='lat' dir='ltr'>monstrat</span> <span class='ocrx_word' id='word_1_64' title='bbox 630 1013 666 1075; x_wconf 91' lang='lat' dir='ltr'>In</span> <span class='ocrx_word' id='word_1_65' title='bbox 686 1012 871 1075; x_wconf 89' lang='lat' dir='ltr'>dimensione</span> <span class='ocrx_word' id='word_1_66' title='bbox 886 1011 967 1074; x_wconf 88' lang='lat' dir='ltr'>orbis</span> <span class='ocrx_word' id='word_1_67' title='bbox 983 1009 1073 1072; x_wconf 89' lang='lat' dir='ltr'>annui</span> <span class='ocrx_word' id='word_1_68' title='bbox 1091 1004 1221 1074; x_wconf 91' lang='lat'>100000</span> <span class='ocrx_word' id='word_1_69' title='bbox 1240 1006 1344 1071; x_wconf 86' lang='lat' dir='ltr'>circuli</span> <span class='ocrx_word' id='word_1_70' title='bbox 1365 1005 1470 1089; x_wconf 75' lang='lat' dir='ltr'>parrae</span> 
     </span>
     <span class='ocr_line' id='line_1_9' title="bbox 155 1093 1470 1181; baseline -0.004 -18"><span class='ocrx_word' id='word_1_71' title='bbox 155 1100 317 1181; x_wconf 84' lang='lat' dir='ltr'>prolongat</span> <span class='ocrx_word' id='word_1_72' title='bbox 339 1101 410 1177; x_wconf 81' lang='lat' dir='ltr'>circ.</span> <span class='ocrx_word' id='word_1_73' title='bbox 435 1099 502 1167; x_wconf 86' lang='lat'>800</span> <span class='ocrx_word' id='word_1_74' title='bbox 525 1111 580 1165; x_wconf 90' lang='lat' dir='ltr'>aut</span> <span class='ocrx_word' id='word_1_75' title='bbox 601 1099 666 1167; x_wconf 86' lang='lat'>900</span> <span class='ocrx_word' id='word_1_76' title='bbox 689 1101 788 1165; x_wconf 88' lang='lat' dir='ltr'>nimis.</span> <span class='ocrx_word' id='word_1_77' title='bbox 826 1099 968 1164; x_wconf 84' lang='lat' dir='ltr'>Ovalitas</span> <span class='ocrx_word' id='word_1_78' title='bbox 991 1118 1059 1161; x_wconf 91' lang='lat' dir='ltr'>mea</span> <span class='ocrx_word' id='word_1_79' title='bbox 1077 1106 1178 1162; x_wconf 87' lang='lat' dir='ltr'>curtat</span> <span class='ocrx_word' id='word_1_80' title='bbox 1195 1093 1262 1160; x_wconf 76' lang='lat'>400</span> <span class='ocrx_word' id='word_1_81' title='bbox 1277 1095 1398 1159; x_wconf 80' lang='lat' dir='ltr'>circiter</span> <span class='ocrx_word' id='word_1_82' title='bbox 1412 1094 1470 1159; x_wconf 91' lang='lat' dir='ltr'>uim</span> 
     </span>
     <span class='ocr_line' id='line_1_10' title="bbox 155 1185 1470 1272; baseline -0.004 -21"><span class='ocrx_word' id='word_1_83' title='bbox 155 1189 280 1252; x_wconf 85' lang='lat' dir='ltr'>Veritas</span> <span class='ocrx_word' id='word_1_84' title='bbox 305 1197 353 1254; x_wconf 88' lang='lat' dir='ltr'>est</span> <span class='ocrx_word' id='word_1_85' title='bbox 375 1190 406 1252; x_wconf 92' lang='lat' dir='ltr'>in</span> <span class='ocrx_word' id='word_1_86' title='bbox 428 1191 542 1266; x_wconf 90' lang='lat' dir='ltr'>medio,</span> <span class='ocrx_word' id='word_1_87' title='bbox 572 1192 694 1272; x_wconf 88' lang='lat' dir='ltr'>propior</span> <span class='ocrx_word' id='word_1_88' title='bbox 717 1199 819 1254; x_wconf 87' lang='lat' dir='ltr'>tamen</span> <span class='ocrx_word' id='word_1_89' title='bbox 852 1190 992 1253; x_wconf 89' lang='lat' dir='ltr'>ovalitati</span> <span class='ocrx_word' id='word_1_90' title='bbox 1024 1208 1120 1252; x_wconf 91' lang='lat' dir='ltr'>meae.</span> <span class='ocrx_word' id='word_1_91' title='bbox 1166 1187 1274 1268; x_wconf 90' lang='lat' dir='ltr'>Neque</span> <span class='ocrx_word' id='word_1_92' title='bbox 1301 1193 1407 1248; x_wconf 89' lang='lat' dir='ltr'>tamen</span> <span class='ocrx_word' id='word_1_93' title='bbox 1436 1185 1470 1247; x_wconf 87' lang='lat' dir='ltr'>im</span> 
     </span>
     <span class='ocr_line' id='line_1_11' title="bbox 154 1273 1470 1363; baseline -0.003 -22"><span class='ocrx_word' id='word_1_94' title='bbox 154 1278 357 1360; x_wconf 84' lang='lat' dir='ltr'>longitudines</span> <span class='ocrx_word' id='word_1_95' title='bbox 379 1280 495 1344; x_wconf 87' lang='lat' dir='ltr'>medias</span> <span class='ocrx_word' id='word_1_96' title='bbox 517 1281 759 1363; x_wconf 91' lang='lat' dir='ltr'>prolongandae,</span> <span class='ocrx_word' id='word_1_97' title='bbox 788 1279 842 1343; x_wconf 87' lang='lat' dir='ltr'>sed</span> <span class='ocrx_word' id='word_1_98' title='bbox 874 1280 967 1342; x_wconf 89' lang='lat' dir='ltr'>etiam</span> <span class='ocrx_word' id='word_1_99' title='bbox 994 1296 1085 1358; x_wconf 86' lang='lat' dir='ltr'>snpra</span> <span class='ocrx_word' id='word_1_100' title='bbox 1108 1277 1272 1341; x_wconf 86' lang='lat' dir='ltr'>etiamnum</span> <span class='ocrx_word' id='word_1_101' title='bbox 1288 1274 1387 1357; x_wconf 88' lang='lat' dir='ltr'>magia</span> <span class='ocrx_word' id='word_1_102' title='bbox 1403 1273 1470 1337; x_wconf 85' lang='lat' dir='ltr'>dece</span> 
     </span>
     <span class='ocr_line' id='line_1_12' title="bbox 154 1362 1470 1451; baseline -0.005 -19"><span class='ocrx_word' id='word_1_103' title='bbox 154 1369 265 1432; x_wconf 88' lang='lat' dir='ltr'>tandae</span> <span class='ocrx_word' id='word_1_104' title='bbox 280 1376 350 1432; x_wconf 88' lang='lat' dir='ltr'>sunt</span> <span class='ocrx_word' id='word_1_105' title='bbox 369 1369 567 1444; x_wconf 81' lang='lat' dir='ltr'>differentiae,</span> <span class='ocrx_word' id='word_1_106' title='bbox 590 1390 679 1451; x_wconf 90' lang='lat' dir='ltr'>quam</span> <span class='ocrx_word' id='word_1_107' title='bbox 693 1390 762 1443; x_wconf 85' lang='lat' dir='ltr'>mea</span> <span class='ocrx_word' id='word_1_108' title='bbox 775 1370 835 1433; x_wconf 85' lang='lat' dir='ltr'>fert</span> <span class='ocrx_word' id='word_1_109' title='bbox 848 1370 961 1433; x_wconf 88' lang='lat' dir='ltr'>ovalis:</span> <span class='ocrx_word' id='word_1_110' title='bbox 986 1368 1134 1432; x_wconf 89' lang='lat' dir='ltr'>omnino</span> <span class='ocrx_word' id='word_1_111' title='bbox 1159 1364 1270 1448; x_wconf 88' lang='lat' dir='ltr'>quasi</span> <span class='ocrx_word' id='word_1_112' title='bbox 1295 1363 1356 1427; x_wconf 89' lang='lat' dir='ltr'>via</span> <span class='ocrx_word' id='word_1_113' title='bbox 1368 1362 1470 1426; x_wconf 86' lang='lat' dir='ltr'>Mart</span> 
     </span>
     <span class='ocr_line' id='line_1_13' title="bbox 154 1453 1470 1540; baseline -0.004 -20"><span class='ocrx_word' id='word_1_114' title='bbox 154 1466 261 1522; x_wconf 88' lang='lat' dir='ltr'>esset</span> <span class='ocrx_word' id='word_1_115' title='bbox 283 1459 461 1539; x_wconf 83' lang='lat' dir='ltr'>perlecta</span> <span class='ocrx_word' id='word_1_116' title='bbox 485 1460 647 1540; x_wconf 87' lang='lat' dir='ltr'>ellipsis.</span> <span class='ocrx_word' id='word_1_117' title='bbox 693 1459 757 1522; x_wconf 92' lang='lat' dir='ltr'>Sed</span> <span class='ocrx_word' id='word_1_118' title='bbox 780 1458 924 1522; x_wconf 91' lang='lat' dir='ltr'>nihildum</span> <span class='ocrx_word' id='word_1_119' title='bbox 947 1458 1028 1521; x_wconf 89' lang='lat' dir='ltr'>circa</span> <span class='ocrx_word' id='word_1_120' title='bbox 1051 1457 1128 1520; x_wconf 90' lang='lat' dir='ltr'>hanc</span> <span class='ocrx_word' id='word_1_121' title='bbox 1143 1453 1308 1536; x_wconf 85' lang='lat' dir='ltr'>exploravi.</span> <span class='ocrx_word' id='word_1_122' title='bbox 1345 1455 1415 1517; x_wconf 87' lang='lat' dir='ltr'>Hoc</span> <span class='ocrx_word' id='word_1_123' title='bbox 1430 1470 1470 1515; x_wconf 81' lang='lat' dir='ltr'>ve:</span> 
     </span>
     <span class='ocr_line' id='line_1_14' title="bbox 154 1543 1470 1631; baseline -0.005 -21"><span class='ocrx_word' id='word_1_124' title='bbox 154 1547 299 1623; x_wconf 88' lang='lat' dir='ltr'>similius,</span> <span class='ocrx_word' id='word_1_125' title='bbox 333 1547 498 1631; x_wconf 88' lang='lat' dir='ltr'>epioyclum</span> <span class='ocrx_word' id='word_1_126' title='bbox 531 1556 562 1612; x_wconf 89' lang='lat' dir='ltr'>et</span> <span class='ocrx_word' id='word_1_127' title='bbox 592 1550 624 1612; x_wconf 90' lang='lat' dir='ltr'>in</span> <span class='ocrx_word' id='word_1_128' title='bbox 653 1549 771 1630; x_wconf 90' lang='lat' dir='ltr'>aphelio</span> <span class='ocrx_word' id='word_1_129' title='bbox 802 1556 834 1610; x_wconf 88' lang='lat' dir='ltr'>et</span> <span class='ocrx_word' id='word_1_130' title='bbox 864 1548 895 1610; x_wconf 92' lang='lat' dir='ltr'>in</span> <span class='ocrx_word' id='word_1_131' title='bbox 922 1547 1073 1628; x_wconf 85' lang='lat' dir='ltr'>perihelio&#39;</span> <span class='ocrx_word' id='word_1_132' title='bbox 1100 1543 1275 1608; x_wconf 85' lang='lat' dir='ltr'>accelerari.</span> <span class='ocrx_word' id='word_1_133' title='bbox 1327 1545 1378 1608; x_wconf 85' lang='lat' dir='ltr'>Ita</span> <span class='ocrx_word' id='word_1_134' title='bbox 1410 1561 1470 1604; x_wconf 83' lang='lat' dir='ltr'>ome</span> 
     </span>
     <span class='ocr_line' id='line_1_15' title="bbox 153 1631 1470 1718; baseline -0.003 -19"><span class='ocrx_word' id='word_1_135' title='bbox 153 1637 296 1718; x_wconf 89' lang='lat' dir='ltr'>planetae</span> <span class='ocrx_word' id='word_1_136' title='bbox 321 1655 388 1699; x_wconf 90' lang='lat' dir='ltr'>curn</span> <span class='ocrx_word' id='word_1_137' title='bbox 409 1639 436 1710; x_wconf 61' lang='lat' dir='ltr'>b</span> <span class='ocrx_word' id='word_1_138' title='bbox 461 1639 492 1701; x_wconf 92' lang='lat' dir='ltr'>in</span> <span class='ocrx_word' id='word_1_139' title='bbox 516 1639 593 1701; x_wconf 89' lang='lat' dir='ltr'>hanc</span> <span class='ocrx_word' id='word_1_140' title='bbox 624 1639 802 1701; x_wconf 87' lang='lat' dir='ltr'>societatem</span> <span class='ocrx_word' id='word_1_141' title='bbox 824 1636 1071 1700; x_wconf 90' lang='lat' dir='ltr'>Variationis</span> <span class='ocrx_word' id='word_1_142' title='bbox 1101 1636 1127 1697; x_wconf 93' lang='lat' dir='ltr'>T</span> <span class='ocrx_word' id='word_1_143' title='bbox 1161 1633 1343 1697; x_wconf 89' lang='lat' dir='ltr'>chonicae</span> <span class='ocrx_word' id='word_1_144' title='bbox 1376 1631 1470 1695; x_wconf 74' lang='lat' dir='ltr'>veniet</span> 
     </span>
    </p>

    <p class='ocr_par' dir='ltr' id='par_1_5' title="bbox 150 1656 1471 3038">
     <span class='ocr_line' id='line_1_16' title="bbox 242 1656 1470 1807; baseline -0.002 -20"><span class='ocrx_word' id='word_1_145' title='bbox 242 1724 424 1807; x_wconf 87' lang='lat' dir='ltr'>Resipoisti,</span> <span class='ocrx_word' id='word_1_146' title='bbox 458 1728 560 1803; x_wconf 85' lang='lat' dir='ltr'>video,</span> <span class='ocrx_word' id='word_1_147' title='bbox 595 1749 662 1792; x_wconf 91' lang='lat' dir='ltr'>curn</span> <span class='ocrx_word' id='word_1_148' title='bbox 690 1735 744 1790; x_wconf 88' lang='lat' dir='ltr'>tua</span> <span class='ocrx_word' id='word_1_149' title='bbox 774 1726 984 1790; x_wconf 87' lang='lat' dir='ltr'>observatione</span> <span class='ocrx_word' id='word_1_150' title='bbox 1009 1724 1079 1789; x_wconf 87' lang='lat' dir='ltr'>anni</span> <span class='ocrx_word' id='word_1_151' title='bbox 1105 1656 1205 1800; x_wconf 46' lang='lat'><strong>1302,</strong></span> <span class='ocrx_word' id='word_1_152' title='bbox 1240 1741 1330 1804; x_wconf 90' lang='lat' dir='ltr'>quarn</span> <span class='ocrx_word' id='word_1_153' title='bbox 1354 1740 1423 1786; x_wconf 89' lang='lat' dir='ltr'>cum</span> <span class='ocrx_word' id='word_1_154' title='bbox 1445 1740 1470 1785; x_wconf 91' lang='lat' dir='ltr'>m</span> 
     </span>
     <span class='ocr_line' id='line_1_17' title="bbox 153 1810 1470 1899; baseline -0.002 -21"><span class='ocrx_word' id='word_1_155' title='bbox 153 1814 315 1899; x_wconf 82' lang='lat' dir='ltr'>hypothesi</span> <span class='ocrx_word' id='word_1_156' title='bbox 333 1815 398 1897; x_wconf 88' lang='lat' dir='ltr'>jam</span> <span class='ocrx_word' id='word_1_157' title='bbox 421 1817 501 1880; x_wconf 93' lang='lat' dir='ltr'>intra</span> <span class='ocrx_word' id='word_1_158' title='bbox 524 1815 556 1881; x_wconf 77' lang='lat'>5⁴</span> <span class='ocrx_word' id='word_1_159' title='bbox 580 1817 739 1891; x_wconf 73' lang='lat' dir='ltr'>concilias:</span> <span class='ocrx_word' id='word_1_160' title='bbox 763 1824 854 1898; x_wconf 89' lang='lat' dir='ltr'>atque</span> <span class='ocrx_word' id='word_1_161' title='bbox 877 1816 935 1879; x_wconf 89' lang='lat' dir='ltr'>hoc</span> <span class='ocrx_word' id='word_1_162' title='bbox 958 1816 1102 1880; x_wconf 84' lang='lat' dir='ltr'>dixeram.</span> <span class='ocrx_word' id='word_1_163' title='bbox 1150 1816 1245 1876; x_wconf 89' lang='lat' dir='ltr'>Totus</span> <span class='ocrx_word' id='word_1_164' title='bbox 1268 1832 1346 1876; x_wconf 90' lang='lat' dir='ltr'>nunc</span> <span class='ocrx_word' id='word_1_165' title='bbox 1369 1811 1403 1874; x_wconf 90' lang='lat' dir='ltr'>in</span> <span class='ocrx_word' id='word_1_166' title='bbox 1420 1810 1470 1877; x_wconf 81' lang='lat' dir='ltr'>Cor</span> 
     </span>
     <span class='ocr_line' id='line_1_18' title="bbox 154 1902 1452 1985; baseline -0.003 -18"><span class='ocrx_word' id='word_1_167' title='bbox 154 1904 311 1967; x_wconf 81' lang='lat' dir='ltr'>mortariis</span> <span class='ocrx_word' id='word_1_168' title='bbox 334 1925 409 1982; x_wconf 83' lang='lat' dir='ltr'>sum,</span> <span class='ocrx_word' id='word_1_169' title='bbox 434 1915 468 1969; x_wconf 91' lang='lat' dir='ltr'>ut</span> <span class='ocrx_word' id='word_1_170' title='bbox 490 1906 541 1969; x_wconf 87' lang='lat' dir='ltr'>vix</span> <span class='ocrx_word' id='word_1_171' title='bbox 565 1908 659 1970; x_wconf 87' lang='lat' dir='ltr'>otium</span> <span class='ocrx_word' id='word_1_172' title='bbox 682 1906 812 1968; x_wconf 87' lang='lat' dir='ltr'>habeam</span> <span class='ocrx_word' id='word_1_173' title='bbox 835 1906 996 1969; x_wconf 87' lang='lat' dir='ltr'>scribendi.</span> <span class='ocrx_word' id='word_1_174' title='bbox 1043 1903 1124 1966; x_wconf 91' lang='lat' dir='ltr'>Veni</span> <span class='ocrx_word' id='word_1_175' title='bbox 1143 1904 1209 1985; x_wconf 91' lang='lat' dir='ltr'>jam</span> <span class='ocrx_word' id='word_1_176' title='bbox 1240 1902 1331 1983; x_wconf 89' lang='lat' dir='ltr'>plane</span> <span class='ocrx_word' id='word_1_177' title='bbox 1354 1920 1452 1983; x_wconf 88' lang='lat' dir='ltr'>usqne</span> 
     </span>
     <span class='ocr_line' id='line_1_19' title="bbox 152 1989 1470 2078; baseline -0.002 -23"><span class='ocrx_word' id='word_1_178' title='bbox 152 1993 230 2056; x_wconf 90' lang='lat' dir='ltr'>hunc</span> <span class='ocrx_word' id='word_1_179' title='bbox 253 1994 407 2075; x_wconf 89' lang='lat' dir='ltr'>scopulum</span> <span class='ocrx_word' id='word_1_180' title='bbox 430 1995 579 2077; x_wconf 88' lang='lat' dir='ltr'>prioribus</span> <span class='ocrx_word' id='word_1_181' title='bbox 603 1994 762 2077; x_wconf 87' lang='lat' dir='ltr'>expeditis.</span> <span class='ocrx_word' id='word_1_182' title='bbox 794 1996 830 2058; x_wconf 93' lang='lat' dir='ltr'>In</span> <span class='ocrx_word' id='word_1_183' title='bbox 849 1995 917 2076; x_wconf 90' lang='lat' dir='ltr'>ipsa</span> <span class='ocrx_word' id='word_1_184' title='bbox 941 1993 1137 2078; x_wconf 88' lang='lat' dir='ltr'>quadratione</span> <span class='ocrx_word' id='word_1_185' title='bbox 1161 1991 1321 2054; x_wconf 84' lang='lat' dir='ltr'>ovalitatie</span> <span class='ocrx_word' id='word_1_186' title='bbox 1339 1989 1470 2066; x_wconf 68' lang='lat' dir='ltr'>meaetl</span> 
     </span>
     <span class='ocr_line' id='line_1_20' title="bbox 153 2078 1470 2167; baseline -0.001 -23"><span class='ocrx_word' id='word_1_187' title='bbox 153 2102 221 2145; x_wconf 88' lang='lat' dir='ltr'>sero</span> <span class='ocrx_word' id='word_1_188' title='bbox 245 2082 323 2145; x_wconf 87' lang='lat' dir='ltr'>enirn</span> <span class='ocrx_word' id='word_1_189' title='bbox 347 2103 431 2161; x_wconf 89' lang='lat' dir='ltr'>eam,</span> <span class='ocrx_word' id='word_1_190' title='bbox 464 2093 499 2146; x_wconf 90' lang='lat' dir='ltr'>ut</span> <span class='ocrx_word' id='word_1_191' title='bbox 526 2085 578 2147; x_wconf 91' lang='lat' dir='ltr'>alii</span> <span class='ocrx_word' id='word_1_192' title='bbox 605 2086 747 2160; x_wconf 85' lang='lat' dir='ltr'>videant,</span> <span class='ocrx_word' id='word_1_193' title='bbox 781 2091 910 2167; x_wconf 90' lang='lat' dir='ltr'>quantae</span> <span class='ocrx_word' id='word_1_194' title='bbox 940 2083 1028 2147; x_wconf 90' lang='lat' dir='ltr'>molis</span> <span class='ocrx_word' id='word_1_195' title='bbox 1052 2082 1157 2158; x_wconf 86' lang='lat' dir='ltr'>inerit)</span> <span class='ocrx_word' id='word_1_196' title='bbox 1181 2080 1368 2162; x_wconf 90' lang='lat' dir='ltr'>importunus</span> <span class='ocrx_word' id='word_1_197' title='bbox 1392 2078 1470 2162; x_wconf 81' lang='lat' dir='ltr'>qaid</span> 
     </span>
     <span class='ocr_line' id='line_1_21' title="bbox 152 2169 1471 2253; baseline -0.001 -20"><span class='ocrx_word' id='word_1_198' title='bbox 152 2172 265 2253; x_wconf 86' lang='lat' dir='ltr'>hospes</span> <span class='ocrx_word' id='word_1_199' title='bbox 292 2191 347 2253; x_wconf 88' lang='lat' dir='ltr'>per</span> <span class='ocrx_word' id='word_1_200' title='bbox 374 2193 501 2237; x_wconf 89' lang='lat' dir='ltr'>arcanos</span> <span class='ocrx_word' id='word_1_201' title='bbox 532 2175 633 2237; x_wconf 87' lang='lat' dir='ltr'>aditus</span> <span class='ocrx_word' id='word_1_202' title='bbox 663 2193 731 2236; x_wconf 87' lang='lat' dir='ltr'>sese</span> <span class='ocrx_word' id='word_1_203' title='bbox 763 2174 793 2237; x_wconf 92' lang='lat' dir='ltr'>in</span> <span class='ocrx_word' id='word_1_204' title='bbox 826 2193 910 2236; x_wconf 88' lang='lat' dir='ltr'>meas</span> <span class='ocrx_word' id='word_1_205' title='bbox 933 2174 1026 2236; x_wconf 88' lang='lat' dir='ltr'>aedes</span> <span class='ocrx_word' id='word_1_206' title='bbox 1056 2171 1173 2235; x_wconf 87' lang='lat' dir='ltr'>intulit·</span> <span class='ocrx_word' id='word_1_207' title='bbox 1189 2189 1296 2252; x_wconf 89' lang='lat' dir='ltr'>meque</span> <span class='ocrx_word' id='word_1_208' title='bbox 1323 2169 1471 2252; x_wconf 87' lang='lat' dir='ltr'>perturba</span> 
     </span>
     <span class='ocr_line' id='line_1_22' title="bbox 152 2257 1470 2346; baseline -0.002 -21"><span class='ocrx_word' id='word_1_209' title='bbox 152 2257 184 2325; x_wconf 84' lang='grc'>3.</span> <span class='ocrx_word' id='word_1_210' title='bbox 208 2261 283 2323; x_wconf 88' lang='lat' dir='ltr'>Dec.</span> <span class='ocrx_word' id='word_1_211' title='bbox 308 2269 347 2323; x_wconf 78' lang='lat' dir='ltr'>et</span> <span class='ocrx_word' id='word_1_212' title='bbox 371 2282 400 2325; x_wconf 91' lang='lat' dir='ltr'>n.</span> <span class='ocrx_word' id='word_1_213' title='bbox 426 2262 474 2325; x_wconf 90' lang='lat' dir='ltr'>die</span> <span class='ocrx_word' id='word_1_214' title='bbox 499 2263 525 2338; x_wconf 80' lang='grc' dir='ltr'>ῼ</span> <span class='ocrx_word' id='word_1_215' title='bbox 548 2282 636 2326; x_wconf 91' lang='lat' dir='ltr'>mane</span> <span class='ocrx_word' id='word_1_216' title='bbox 660 2264 827 2346; x_wconf 88' lang='lat' dir='ltr'>quadrante</span> <span class='ocrx_word' id='word_1_217' title='bbox 852 2272 922 2326; x_wconf 88' lang='lat' dir='ltr'>ante</span> <span class='ocrx_word' id='word_1_218' title='bbox 949 2259 1178 2326; x_wconf 68' lang='lat' dir='ltr'>renoramini</span> <span class='ocrx_word' id='word_1_219' title='bbox 1202 2259 1367 2340; x_wconf 85' lang='lat' dir='ltr'>horologii,</span> <span class='ocrx_word' id='word_1_220' title='bbox 1393 2259 1470 2323; x_wconf 88' lang='lat' dir='ltr'>nomi</span> 
     </span>
     <span class='ocr_line' id='line_1_23' title="bbox 151 2348 1470 2433; baseline 0 -21"><span class='ocrx_word' id='word_1_221' title='bbox 151 2350 373 2415; x_wconf 84' lang='lat' dir='ltr'>Fridericus</span> <span class='ocrx_word' id='word_1_222' title='bbox 394 2351 596 2433; x_wconf 86' lang='lat' dir='ltr'>Keplerue.</span> <span class='ocrx_word' id='word_1_223' title='bbox 644 2352 727 2417; x_wconf 85' lang='lat' dir='ltr'>Ante</span> <span class='ocrx_word' id='word_1_224' title='bbox 760 2372 857 2416; x_wconf 89' lang='lat' dir='ltr'>meum</span> <span class='ocrx_word' id='word_1_225' title='bbox 888 2351 1058 2415; x_wconf 88' lang='lat' dir='ltr'>decubitum</span> <span class='ocrx_word' id='word_1_226' title='bbox 1092 2351 1213 2432; x_wconf 88' lang='lat' dir='ltr'>adjutus</span> <span class='ocrx_word' id='word_1_227' title='bbox 1241 2348 1425 2411; x_wconf 90' lang='lat' dir='ltr'>astudioeo</span> <span class='ocrx_word' id='word_1_228' title='bbox 1446 2366 1470 2412; x_wconf 85' lang='lat' dir='ltr'>u</span> 
     </span>
     <span class='ocr_line' id='line_1_24' title="bbox 152 2437 1470 2522; baseline 0.002 -22"><span class='ocrx_word' id='word_1_229' title='bbox 152 2437 259 2520; x_wconf 87' lang='lat' dir='ltr'>scripsi</span> <span class='ocrx_word' id='word_1_230' title='bbox 290 2440 411 2502; x_wconf 89' lang='lat' dir='ltr'>tabulae</span> <span class='ocrx_word' id='word_1_231' title='bbox 438 2442 559 2507; x_wconf 82' lang='lat' dir='ltr'>Martis.</span> <span class='ocrx_word' id='word_1_232' title='bbox 607 2440 822 2522; x_wconf 80' lang='lat' dir='ltr'>Compendinm</span> <span class='ocrx_word' id='word_1_233' title='bbox 853 2443 930 2516; x_wconf 89' lang='lat' dir='ltr'>tale,</span> <span class='ocrx_word' id='word_1_234' title='bbox 964 2449 998 2504; x_wconf 92' lang='lat' dir='ltr'>nt</span> <span class='ocrx_word' id='word_1_235' title='bbox 1030 2440 1110 2503; x_wconf 90' lang='lat' dir='ltr'>intra</span> <span class='ocrx_word' id='word_1_236' title='bbox 1142 2456 1232 2503; x_wconf 90' lang='lat' dir='ltr'>unum</span> <span class='ocrx_word' id='word_1_237' title='bbox 1266 2437 1345 2501; x_wconf 88' lang='lat' dir='ltr'>diem</span> <span class='ocrx_word' id='word_1_238' title='bbox 1378 2437 1470 2502; x_wconf 78' lang='lat' dir='ltr'>scribe</span> 
     </span>
     <span class='ocr_line' id='line_1_25' title="bbox 151 2525 1470 2614; baseline 0 -24"><span class='ocrx_word' id='word_1_239' title='bbox 151 2527 267 2609; x_wconf 82' lang='lat' dir='ltr'>possim</span> <span class='ocrx_word' id='word_1_240' title='bbox 294 2529 486 2610; x_wconf 87' lang='lat' dir='ltr'>ephemerida</span> <span class='ocrx_word' id='word_1_241' title='bbox 514 2531 711 2614; x_wconf 81' lang='lat' dir='ltr'>longitudinis</span> <span class='ocrx_word' id='word_1_242' title='bbox 734 2540 769 2604; x_wconf 73' lang='lat' dir='ltr'>d·</span> <span class='ocrx_word' id='word_1_243' title='bbox 784 2533 813 2595; x_wconf 93' lang='lat' dir='ltr'>ln</span> <span class='ocrx_word' id='word_1_244' title='bbox 837 2551 925 2595; x_wconf 91' lang='lat' dir='ltr'>unum</span> <span class='ocrx_word' id='word_1_245' title='bbox 950 2550 1069 2606; x_wconf 89' lang='lat' dir='ltr'>annum,</span> <span class='ocrx_word' id='word_1_246' title='bbox 1092 2547 1147 2609; x_wconf 90' lang='lat' dir='ltr'>per</span> <span class='ocrx_word' id='word_1_247' title='bbox 1174 2529 1268 2591; x_wconf 90' lang='lat' dir='ltr'>denos</span> <span class='ocrx_word' id='word_1_248' title='bbox 1293 2525 1359 2591; x_wconf 86' lang='lat' dir='ltr'>dies</span> <span class='ocrx_word' id='word_1_249' title='bbox 1383 2545 1470 2609; x_wconf 80' lang='lat' dir='ltr'>propt</span> 
     </span>
     <span class='ocr_line' id='line_1_26' title="bbox 150 2617 1470 2699; baseline 0.001 -19"><span class='ocrx_word' id='word_1_250' title='bbox 150 2617 308 2682; x_wconf 85' lang='lat' dir='ltr'>tionaliter</span> <span class='ocrx_word' id='word_1_251' title='bbox 329 2620 456 2699; x_wconf 89' lang='lat' dir='ltr'>agendo,</span> <span class='ocrx_word' id='word_1_252' title='bbox 481 2620 539 2684; x_wconf 86' lang='lat' dir='ltr'>nisi</span> <span class='ocrx_word' id='word_1_253' title='bbox 562 2622 645 2685; x_wconf 88' lang='lat' dir='ltr'>circa</span> <span class='ocrx_word' id='word_1_254' title='bbox 667 2622 826 2685; x_wconf 88' lang='lat' dir='ltr'>stationes.</span> <span class='ocrx_word' id='word_1_255' title='bbox 870 2621 1020 2695; x_wconf 88' lang='lat' dir='ltr'>(Tabulae</span> <span class='ocrx_word' id='word_1_256' title='bbox 1044 2637 1164 2699; x_wconf 87' lang='lat' dir='ltr'>semper</span> <span class='ocrx_word' id='word_1_257' title='bbox 1186 2625 1320 2692; x_wconf 86' lang='lat' dir='ltr'>manent,</span> <span class='ocrx_word' id='word_1_258' title='bbox 1345 2617 1470 2698; x_wconf 89' lang='lat' dir='ltr'>quomod</span> 
     </span>
     <span class='ocr_line' id='line_1_27' title="bbox 151 2704 1470 2791; baseline 0 -22"><span class='ocrx_word' id='word_1_259' title='bbox 151 2726 265 2789; x_wconf 91' lang='lat' dir='ltr'>conque</span> <span class='ocrx_word' id='word_1_260' title='bbox 288 2717 407 2771; x_wconf 86' lang='lat' dir='ltr'>mutata</span> <span class='ocrx_word' id='word_1_261' title='bbox 428 2710 544 2773; x_wconf 89' lang='lat' dir='ltr'>tabella</span> <span class='ocrx_word' id='word_1_262' title='bbox 567 2711 804 2785; x_wconf 85' lang='lat' dir='ltr'>distantiarum.)</span> <span class='ocrx_word' id='word_1_263' title='bbox 833 2709 1075 2774; x_wconf 85' lang='lat' dir='ltr'>Periclitavimus</span> <span class='ocrx_word' id='word_1_264' title='bbox 1091 2716 1124 2770; x_wconf 89' lang='lat' dir='ltr'>et</span> <span class='ocrx_word' id='word_1_265' title='bbox 1140 2707 1296 2791; x_wconf 86' lang='lat' dir='ltr'>physicam</span> <span class='ocrx_word' id='word_1_266' title='bbox 1315 2704 1470 2789; x_wconf 86' lang='lat' dir='ltr'>hypothes</span> 
     </span>
     <span class='ocr_line' id='line_1_28' title="bbox 152 2794 1470 2882; baseline 0.002 -24"><span class='ocrx_word' id='word_1_267' title='bbox 152 2794 179 2859; x_wconf 94' lang='lat'>0</span> <span class='ocrx_word' id='word_1_268' title='bbox 203 2796 448 2861; x_wconf 82' lang='lat' dir='ltr'>immanissimum</span> <span class='ocrx_word' id='word_1_269' title='bbox 471 2799 615 2876; x_wconf 88' lang='lat' dir='ltr'>laborem,</span> <span class='ocrx_word' id='word_1_270' title='bbox 640 2799 677 2863; x_wconf 91' lang='lat' dir='ltr'>de</span> <span class='ocrx_word' id='word_1_271' title='bbox 694 2820 751 2881; x_wconf 90' lang='lat' dir='ltr'>quo</span> <span class='ocrx_word' id='word_1_272' title='bbox 766 2802 866 2863; x_wconf 72' lang='lat' dir='ltr'>tamna</span> <span class='ocrx_word' id='word_1_273' title='bbox 888 2804 995 2882; x_wconf 86' lang='lat' dir='ltr'>parum</span> <span class='ocrx_word' id='word_1_274' title='bbox 1014 2817 1071 2879; x_wconf 89' lang='lat' dir='ltr'>ego</span> <span class='ocrx_word' id='word_1_275' title='bbox 1093 2794 1270 2876; x_wconf 74' lang='lat' dir='ltr'>degustav13</span> <span class='ocrx_word' id='word_1_276' title='bbox 1293 2814 1331 2858; x_wconf 92' lang='lat' dir='ltr'>ne</span> <span class='ocrx_word' id='word_1_277' title='bbox 1353 2795 1393 2859; x_wconf 90' lang='lat' dir='ltr'>de</span> <span class='ocrx_word' id='word_1_278' title='bbox 1409 2814 1470 2861; x_wconf 83' lang='lat' dir='ltr'>mot</span> 
     </span>
     <span class='ocr_line' id='line_1_29' title="bbox 150 2884 1470 2967; baseline 0.002 -20"><span class='ocrx_word' id='word_1_279' title='bbox 150 2886 326 2967; x_wconf 88' lang='lat' dir='ltr'>suspiceris.</span> <span class='ocrx_word' id='word_1_280' title='bbox 374 2886 437 2950; x_wconf 90' lang='lat' dir='ltr'>Sed</span> <span class='ocrx_word' id='word_1_281' title='bbox 460 2897 561 2951; x_wconf 85' lang='lat' dir='ltr'>tamen</span> <span class='ocrx_word' id='word_1_282' title='bbox 584 2891 653 2951; x_wconf 88' lang='lat' dir='ltr'>vide</span> <span class='ocrx_word' id='word_1_283' title='bbox 676 2910 713 2952; x_wconf 90' lang='lat' dir='ltr'>ne</span> <span class='ocrx_word' id='word_1_284' title='bbox 737 2890 929 2964; x_wconf 74' lang='lat' dir='ltr'>vaticinaris,</span> <span class='ocrx_word' id='word_1_285' title='bbox 953 2888 1024 2951; x_wconf 90' lang='lat' dir='ltr'>dum</span> <span class='ocrx_word' id='word_1_286' title='bbox 1047 2907 1094 2950; x_wconf 89' lang='lat' dir='ltr'>me</span> <span class='ocrx_word' id='word_1_287' title='bbox 1118 2905 1186 2950; x_wconf 88' lang='lat' dir='ltr'>cum</span> <span class='ocrx_word' id='word_1_288' title='bbox 1208 2886 1265 2949; x_wconf 91' lang='lat' dir='ltr'>hoc</span> <span class='ocrx_word' id='word_1_289' title='bbox 1287 2884 1394 2948; x_wconf 82' lang='lat' dir='ltr'>labore</span> <span class='ocrx_word' id='word_1_290' title='bbox 1418 2885 1470 2951; x_wconf 79' lang='lat' dir='ltr'>vic</span> 
     </span>
     <span class='ocr_line' id='line_1_30' title="bbox 151 2975 491 3038; baseline 0.006 -2"><span class='ocrx_word' id='word_1_291' title='bbox 151 2975 301 3037; x_wconf 88' lang='lat' dir='ltr'>finiturum</span> <span class='ocrx_word' id='word_1_292' title='bbox 324 2975 491 3038; x_wconf 83' lang='lat' dir='ltr'>existimas.</span> 
     </span>
    </p>

    <p class='ocr_par' dir='ltr' id='par_1_6' title="bbox 142 3062 1470 3860">
     <span class='ocr_line' id='line_1_31' title="bbox 239 3062 1470 3146; baseline 0.002 -22"><span class='ocrx_word' id='word_1_293' title='bbox 239 3063 286 3125; x_wconf 91' lang='lat' dir='ltr'>De</span> <span class='ocrx_word' id='word_1_294' title='bbox 310 3064 517 3128; x_wconf 91' lang='lat' dir='ltr'>latitudine</span> <span class='ocrx_word' id='word_1_295' title='bbox 541 3084 647 3146; x_wconf 87' lang='lat' dir='ltr'>pamm</span> <span class='ocrx_word' id='word_1_296' title='bbox 669 3065 817 3128; x_wconf 87' lang='lat' dir='ltr'>hactenus</span> <span class='ocrx_word' id='word_1_297' title='bbox 839 3066 882 3127; x_wconf 86' lang='lat' dir='ltr'>ini</span> <span class='ocrx_word' id='word_1_298' title='bbox 901 3065 1065 3141; x_wconf 88' lang='lat' dir='ltr'>sollicitus,</span> <span class='ocrx_word' id='word_1_299' title='bbox 1095 3064 1173 3146; x_wconf 90' lang='lat' dir='ltr'>qnod</span> <span class='ocrx_word' id='word_1_300' title='bbox 1197 3065 1280 3127; x_wconf 91' lang='lat' dir='ltr'>illam</span> <span class='ocrx_word' id='word_1_301' title='bbox 1304 3062 1395 3126; x_wconf 88' lang='lat' dir='ltr'>lacile</span> <span class='ocrx_word' id='word_1_302' title='bbox 1420 3082 1470 3146; x_wconf 86' lang='lat' dir='ltr'>aeq</span> 
     </span>
     <span class='ocr_line' id='line_1_32' title="bbox 150 3151 1470 3236; baseline -0.001 -22"><span class='ocrx_word' id='word_1_303' title='bbox 150 3151 239 3214; x_wconf 84' lang='lat' dir='ltr'>facile</span> <span class='ocrx_word' id='word_1_304' title='bbox 256 3151 376 3215; x_wconf 85' lang='lat' dir='ltr'>inflecti</span> <span class='ocrx_word' id='word_1_305' title='bbox 400 3154 528 3217; x_wconf 92' lang='lat' dir='ltr'>videam.</span> <span class='ocrx_word' id='word_1_306' title='bbox 568 3152 783 3236; x_wconf 88' lang='lat' dir='ltr'>Compendinm</span> <span class='ocrx_word' id='word_1_307' title='bbox 806 3163 909 3218; x_wconf 91' lang='lat' dir='ltr'>tamen</span> <span class='ocrx_word' id='word_1_308' title='bbox 933 3165 964 3218; x_wconf 92' lang='lat' dir='ltr'>te</span> <span class='ocrx_word' id='word_1_309' title='bbox 987 3174 1045 3217; x_wconf 95' lang='lat' dir='ltr'>non</span> <span class='ocrx_word' id='word_1_310' title='bbox 1060 3155 1175 3218; x_wconf 89' lang='lat' dir='ltr'>celabo.</span> <span class='ocrx_word' id='word_1_311' title='bbox 1213 3155 1249 3218; x_wconf 92' lang='lat' dir='ltr'>Iu</span> <span class='ocrx_word' id='word_1_312' title='bbox 1264 3152 1418 3232; x_wconf 89' lang='lat' dir='ltr'>triangulo</span> <span class='ocrx_word' id='word_1_313' title='bbox 1434 3153 1470 3217; x_wconf 73' lang='lat' dir='ltr'>int</span> 
     </span>
     <span class='ocr_line' id='line_1_33' title="bbox 150 3238 1469 3326; baseline -0.002 -24"><span class='ocrx_word' id='word_1_314' title='bbox 150 3238 190 3319; x_wconf 99' lang='grc' dir='ltr'>Θ</span> <span class='ocrx_word' id='word_1_315' title='bbox 216 3243 241 3317; x_wconf 70' lang='grc' dir='ltr'>ὅ</span> <span class='ocrx_word' id='word_1_316' title='bbox 266 3248 292 3311; x_wconf 72' lang='lat' dir='ltr'>d</span> <span class='ocrx_word' id='word_1_317' title='bbox 314 3242 364 3304; x_wconf 87' lang='lat' dir='ltr'>vel</span> <span class='ocrx_word' id='word_1_318' title='bbox 387 3261 592 3324; x_wconf 89' lang='lat' dir='ltr'>quemcunque</span> <span class='ocrx_word' id='word_1_319' title='bbox 615 3244 770 3326; x_wconf 89' lang='lat' dir='ltr'>planetam</span> <span class='ocrx_word' id='word_1_320' title='bbox 793 3245 949 3324; x_wconf 89' lang='lat' dir='ltr'>ingredere</span> <span class='ocrx_word' id='word_1_321' title='bbox 979 3245 1208 3326; x_wconf 88' lang='lat' dir='ltr'>parallacticam</span> <span class='ocrx_word' id='word_1_322' title='bbox 1236 3250 1374 3306; x_wconf 85' lang='lat' dir='ltr'>nostram</span> <span class='ocrx_word' id='word_1_323' title='bbox 1399 3247 1469 3314; x_wconf 72' lang='lat' dir='ltr'>(Vol</span> 
     </span>
     <span class='ocr_line' id='line_1_34' title="bbox 148 3327 1470 3413; baseline 0.006 -27"><span class='ocrx_word' id='word_1_324' title='bbox 148 3335 256 3403; x_wconf 64' lang='lat' dir='ltr'>peel.)</span> <span class='ocrx_word' id='word_1_325' title='bbox 278 3350 299 3391; x_wconf 89' lang='lat' dir='ltr'>a</span> <span class='ocrx_word' id='word_1_326' title='bbox 319 3327 455 3411; x_wconf 80' lang='lat' dir='ltr'>margine</span> <span class='ocrx_word' id='word_1_327' title='bbox 479 3352 544 3395; x_wconf 90' lang='lat' dir='ltr'>oum</span> <span class='ocrx_word' id='word_1_328' title='bbox 568 3333 688 3412; x_wconf 90' lang='lat' dir='ltr'>angulis</span> <span class='ocrx_word' id='word_1_329' title='bbox 713 3331 764 3411; x_wconf 87' lang='grc' dir='ltr'>Θ,</span> <span class='ocrx_word' id='word_1_330' title='bbox 789 3337 864 3410; x_wconf 69' lang='grc' dir='ltr'>ὅθι</span> <span class='ocrx_word' id='word_1_331' title='bbox 877 3334 906 3396; x_wconf 90' lang='lat' dir='ltr'>in</span> <span class='ocrx_word' id='word_1_332' title='bbox 930 3334 967 3396; x_wconf 88' lang='lat' dir='ltr'>iis</span> <span class='ocrx_word' id='word_1_333' title='bbox 991 3335 1079 3396; x_wconf 88' lang='lat' dir='ltr'>lineis</span> <span class='ocrx_word' id='word_1_334' title='bbox 1103 3335 1181 3413; x_wconf 88' lang='lat' dir='ltr'>elige</span> <span class='ocrx_word' id='word_1_335' title='bbox 1196 3351 1307 3408; x_wconf 88' lang='lat' dir='ltr'>aream,</span> <span class='ocrx_word' id='word_1_336' title='bbox 1328 3350 1407 3412; x_wconf 90' lang='lat' dir='ltr'>quae</span> <span class='ocrx_word' id='word_1_337' title='bbox 1421 3333 1470 3412; x_wconf 83' lang='lat' dir='ltr'>ino</span> 
     </span>
     <span class='ocr_line' id='line_1_35' title="bbox 148 3419 1470 3503; baseline 0.004 -23"><span class='ocrx_word' id='word_1_338' title='bbox 148 3419 302 3481; x_wconf 89' lang='lat' dir='ltr'>nationem</span> <span class='ocrx_word' id='word_1_339' title='bbox 324 3420 408 3499; x_wconf 92' lang='lat' dir='ltr'>plani</span> <span class='ocrx_word' id='word_1_340' title='bbox 432 3441 448 3483; x_wconf 92' lang='lat' dir='ltr'>e</span> <span class='ocrx_word' id='word_1_341' title='bbox 472 3421 595 3503; x_wconf 88' lang='lat' dir='ltr'>regione</span> <span class='ocrx_word' id='word_1_342' title='bbox 610 3422 712 3503; x_wconf 84' lang='lat' dir='ltr'>anguli</span> <span class='ocrx_word' id='word_1_343' title='bbox 728 3420 768 3499; x_wconf 93' lang='grc' dir='ltr'>Θ</span> <span class='ocrx_word' id='word_1_344' title='bbox 789 3424 940 3499; x_wconf 81' lang='lat' dir='ltr'>exhibeat,</span> <span class='ocrx_word' id='word_1_345' title='bbox 966 3423 1071 3486; x_wconf 87' lang='lat' dir='ltr'>statim</span> <span class='ocrx_word' id='word_1_346' title='bbox 1095 3423 1201 3485; x_wconf 85' lang='lat' dir='ltr'>eadem</span> <span class='ocrx_word' id='word_1_347' title='bbox 1224 3423 1365 3485; x_wconf 88' lang='lat' dir='ltr'>columna</span> <span class='ocrx_word' id='word_1_348' title='bbox 1388 3421 1470 3485; x_wconf 76' lang='lat' dir='ltr'>exhi!</span> 
     </span>
     <span class='ocr_line' id='line_1_36' title="bbox 142 3509 1470 3591; baseline 0.003 -21"><span class='ocrx_word' id='word_1_349' title='bbox 142 3527 165 3570; x_wconf 87' lang='lat' dir='ltr'>e</span> <span class='ocrx_word' id='word_1_350' title='bbox 187 3509 311 3591; x_wconf 89' lang='lat' dir='ltr'>regione</span> <span class='ocrx_word' id='word_1_351' title='bbox 337 3510 496 3590; x_wconf 62' lang='lat' dir='ltr'>hogulifiy</span> <span class='ocrx_word' id='word_1_352' title='bbox 527 3528 630 3574; x_wconf 88' lang='lat' dir='ltr'>veram</span> <span class='ocrx_word' id='word_1_353' title='bbox 663 3512 864 3575; x_wconf 84' lang='lat' dir='ltr'>latitudinem.</span> <span class='ocrx_word' id='word_1_354' title='bbox 911 3513 946 3576; x_wconf 90' lang='lat' dir='ltr'>Si</span> <span class='ocrx_word' id='word_1_355' title='bbox 976 3532 1036 3574; x_wconf 93' lang='lat' dir='ltr'>non</span> <span class='ocrx_word' id='word_1_356' title='bbox 1066 3512 1218 3575; x_wconf 84' lang='lat' dir='ltr'>invenitur</span> <span class='ocrx_word' id='word_1_357' title='bbox 1245 3519 1313 3573; x_wconf 86' lang='lat' dir='ltr'>tnta</span> <span class='ocrx_word' id='word_1_358' title='bbox 1342 3510 1470 3574; x_wconf 89' lang='lat' dir='ltr'>inclinat</span> 
     </span>
     <span class='ocr_line' id='line_1_37' title="bbox 148 3600 1470 3684; baseline 0.004 -24"><span class='ocrx_word' id='word_1_359' title='bbox 148 3605 310 3679; x_wconf 88' lang='lat' dir='ltr'>quaeratur</span> <span class='ocrx_word' id='word_1_360' title='bbox 328 3618 383 3680; x_wconf 91' lang='lat' dir='ltr'>per</span> <span class='ocrx_word' id='word_1_361' title='bbox 396 3606 501 3680; x_wconf 87' lang='lat' dir='ltr'>partes</span> <span class='ocrx_word' id='word_1_362' title='bbox 525 3609 674 3682; x_wconf 90' lang='lat' dir='ltr'>utcunque</span> <span class='ocrx_word' id='word_1_363' title='bbox 690 3602 909 3682; x_wconf 86' lang='lat' dir='ltr'>disseparatas‚</span> <span class='ocrx_word' id='word_1_364' title='bbox 933 3602 1037 3684; x_wconf 92' lang='lat' dir='ltr'>prodit</span> <span class='ocrx_word' id='word_1_365' title='bbox 1051 3601 1130 3664; x_wconf 87' lang='lat' dir='ltr'>euim</span> <span class='ocrx_word' id='word_1_366' title='bbox 1144 3609 1178 3664; x_wconf 89' lang='lat' dir='ltr'>et</span> <span class='ocrx_word' id='word_1_367' title='bbox 1191 3600 1322 3664; x_wconf 89' lang='lat' dir='ltr'>latitudo</span> <span class='ocrx_word' id='word_1_368' title='bbox 1335 3618 1391 3681; x_wconf 92' lang='lat' dir='ltr'>per</span> <span class='ocrx_word' id='word_1_369' title='bbox 1404 3609 1470 3682; x_wconf 80' lang='lat' dir='ltr'>patl</span> 
     </span>
     <span class='ocr_line' id='line_1_38' title="bbox 147 3687 1470 3773; baseline 0.003 -23"><span class='ocrx_word' id='word_1_370' title='bbox 147 3688 293 3770; x_wconf 87' lang='lat' dir='ltr'>totuplae.</span> <span class='ocrx_word' id='word_1_371' title='bbox 339 3690 448 3751; x_wconf 88' lang='lat' dir='ltr'>Potest</span> <span class='ocrx_word' id='word_1_372' title='bbox 471 3697 571 3753; x_wconf 85' lang='lat' dir='ltr'>autern</span> <span class='ocrx_word' id='word_1_373' title='bbox 600 3699 630 3752; x_wconf 86' lang='lat' dir='ltr'>et</span> <span class='ocrx_word' id='word_1_374' title='bbox 662 3691 817 3755; x_wconf 90' lang='lat' dir='ltr'>inclinatio</span> <span class='ocrx_word' id='word_1_375' title='bbox 849 3692 919 3773; x_wconf 89' lang='lat' dir='ltr'>ipsa</span> <span class='ocrx_word' id='word_1_376' title='bbox 950 3711 988 3754; x_wconf 88' lang='lat' dir='ltr'>ex</span> <span class='ocrx_word' id='word_1_377' title='bbox 1018 3687 1220 3771; x_wconf 90' lang='lat' dir='ltr'>parallactica</span> <span class='ocrx_word' id='word_1_378' title='bbox 1247 3688 1339 3758; x_wconf 80' lang='lat' dir='ltr'>sumi,</span> <span class='ocrx_word' id='word_1_379' title='bbox 1368 3689 1470 3771; x_wconf 65' lang='lat' dir='ltr'>quaen?</span> 
     </span>
     <span class='ocr_line' id='line_1_39' title="bbox 146 3776 1419 3860; baseline 0.003 -21"><span class='ocrx_word' id='word_1_380' title='bbox 146 3776 280 3839; x_wconf 88' lang='lat' dir='ltr'>maxima</span> <span class='ocrx_word' id='word_1_381' title='bbox 301 3776 494 3841; x_wconf 86' lang='lat' dir='ltr'>inclinatione</span> <span class='ocrx_word' id='word_1_382' title='bbox 516 3780 547 3841; x_wconf 89' lang='lat' dir='ltr'>in</span> <span class='ocrx_word' id='word_1_383' title='bbox 572 3780 671 3859; x_wconf 89' lang='lat' dir='ltr'>capite</span> <span class='ocrx_word' id='word_1_384' title='bbox 694 3780 744 3842; x_wconf 86' lang='lat' dir='ltr'>vel</span> <span class='ocrx_word' id='word_1_385' title='bbox 769 3781 876 3851; x_wconf 80' lang='lat' dir='ltr'>fronte,</span> <span class='ocrx_word' id='word_1_386' title='bbox 901 3780 1049 3844; x_wconf 89' lang='lat' dir='ltr'>distantia</span> <span class='ocrx_word' id='word_1_387' title='bbox 1072 3801 1091 3842; x_wconf 93' lang='lat' dir='ltr'>a</span> <span class='ocrx_word' id='word_1_388' title='bbox 1113 3780 1191 3843; x_wconf 94' lang='lat' dir='ltr'>nodo</span> <span class='ocrx_word' id='word_1_389' title='bbox 1215 3781 1246 3842; x_wconf 92' lang='lat' dir='ltr'>in</span> <span class='ocrx_word' id='word_1_390' title='bbox 1268 3778 1419 3860; x_wconf 89' lang='lat' dir='ltr'>margine.</span> 
     </span>
    </p>

    <p class='ocr_par' dir='ltr' id='par_1_7' title="bbox 146 3863 1470 4129">
     <span class='ocr_line' id='line_1_40' title="bbox 234 3863 1470 3952; baseline 0.004 -23"><span class='ocrx_word' id='word_1_391' title='bbox 234 3866 376 3946; x_wconf 83' lang='lat' dir='ltr'>Exempli</span> <span class='ocrx_word' id='word_1_392' title='bbox 409 3886 503 3930; x_wconf 88' lang='lat' dir='ltr'>cansa</span> <span class='ocrx_word' id='word_1_393' title='bbox 535 3869 576 3931; x_wconf 87' lang='lat' dir='ltr'>sit</span> <span class='ocrx_word' id='word_1_394' title='bbox 608 3868 763 3931; x_wconf 89' lang='lat' dir='ltr'>inclinatio</span> <span class='ocrx_word' id='word_1_395' title='bbox 797 3871 969 3952; x_wconf 90' lang='lat' dir='ltr'>quaerenda</span> <span class='ocrx_word' id='word_1_396' title='bbox 1002 3871 1042 3933; x_wconf 92' lang='lat' dir='ltr'>ad</span> <span class='ocrx_word' id='word_1_397' title='bbox 1074 3869 1254 3933; x_wconf 87' lang='lat' dir='ltr'>distantiam</span> <span class='ocrx_word' id='word_1_398' title='bbox 1282 3867 1405 3931; x_wconf 85' lang='lat' dir='ltr'>anodo</span> <span class='ocrx_word' id='word_1_399' title='bbox 1434 3863 1470 3934; x_wconf 75' lang='grc'>4(</span> 
     </span>
     <span class='ocr_line' id='line_1_41' title="bbox 146 3951 1470 4042; baseline 0.002 -24"><span class='ocrx_word' id='word_1_400' title='bbox 146 3951 281 4018; x_wconf 87' lang='lat' dir='ltr'>Maxima</span> <span class='ocrx_word' id='word_1_401' title='bbox 304 3961 330 4025; x_wconf 83' lang='lat'>&lt;5</span> <span class='ocrx_word' id='word_1_402' title='bbox 353 3954 454 4019; x_wconf 90' lang='lat' dir='ltr'>inolin.</span> <span class='ocrx_word' id='word_1_403' title='bbox 479 3965 528 4020; x_wconf 89' lang='lat' dir='ltr'>est</span> <span class='ocrx_word' id='word_1_404' title='bbox 554 3955 591 4021; x_wconf 87' lang='lat'>1⁰</span> <span class='ocrx_word' id='word_1_405' title='bbox 611 3955 667 4023; x_wconf 69' lang='lat'>⁴10¹</span> <span class='ocrx_word' id='word_1_406' title='bbox 690 3955 767 4024; x_wconf 70' lang='lat'>45⁰.</span> <span class='ocrx_word' id='word_1_407' title='bbox 813 3960 859 4025; x_wconf 83' lang='lat' dir='ltr'>At</span> <span class='ocrx_word' id='word_1_408' title='bbox 881 3961 1080 4042; x_wconf 88' lang='lat' dir='ltr'>parallactica</span> <span class='ocrx_word' id='word_1_409' title='bbox 1093 3978 1152 4022; x_wconf 92' lang='lat' dir='ltr'>non</span> <span class='ocrx_word' id='word_1_410' title='bbox 1175 3959 1296 4023; x_wconf 91' lang='lat' dir='ltr'>excedit</span> <span class='ocrx_word' id='word_1_411' title='bbox 1319 3953 1382 4023; x_wconf 81' lang='lat'>66⁴.</span> <span class='ocrx_word' id='word_1_412' title='bbox 1426 3957 1470 4021; x_wconf 80' lang='lat' dir='ltr'>Er</span> 
     </span>
     <span class='ocr_line' id='line_1_42' title="bbox 146 4042 818 4129; baseline 0.01 -24"><span class='ocrx_word' id='word_1_413' title='bbox 146 4043 293 4129; x_wconf 86' lang='lat' dir='ltr'>distribuo</span> <span class='ocrx_word' id='word_1_414' title='bbox 317 4042 482 4110; x_wconf 86' lang='lat' dir='ltr'>rheximam</span> <span class='ocrx_word' id='word_1_415' title='bbox 505 4047 732 4111; x_wconf 90' lang='lat' dir='ltr'>inclinationem</span> <span class='ocrx_word' id='word_1_416' title='bbox 756 4049 818 4113; x_wconf 86' lang='lat' dir='ltr'>sic:</span> 
     </span>
    </p>
   </div>
   <div class='ocr_carea' id='block_1_4' title="bbox 144 4187 1027 4263">
    <p class='ocr_par' dir='ltr' id='par_1_8' title="bbox 144 4187 1027 4263">
     <span class='ocr_line' id='line_1_43' title="bbox 144 4187 1027 4263; baseline 0.006 -20"><span class='ocrx_word' id='word_1_417' title='bbox 144 4187 493 4263; x_wconf 79' lang='lat' dir='ltr'>Eregione40⁰dat65‘</span> <span class='ocrx_word' id='word_1_418' title='bbox 552 4236 559 4250; x_wconf 88' lang='lat'>.</span> <span class='ocrx_word' id='word_1_419' title='bbox 601 4236 608 4250; x_wconf 92' lang='lat'>.</span> <span class='ocrx_word' id='word_1_420' title='bbox 643 4204 658 4249; x_wconf 89' lang='grc'>·.</span> <span class='ocrx_word' id='word_1_421' title='bbox 700 4237 706 4250; x_wconf 91' lang='grc'><strong>.</strong></span> <span class='ocrx_word' id='word_1_422' title='bbox 749 4236 756 4250; x_wconf 97' lang='grc'><strong>.</strong></span> <span class='ocrx_word' id='word_1_423' title='bbox 847 4235 854 4249; x_wconf 97' lang='grc'><strong>.</strong></span> <span class='ocrx_word' id='word_1_424' title='bbox 897 4187 1027 4250; x_wconf 78' lang='lat' dir='ltr'>41‘4&#39;l“</span> 
     </span>
    </p>
   </div>
   <div class='ocr_carea' id='block_1_5' title="bbox 442 4269 1470 4413">
    <p class='ocr_par' dir='ltr' id='par_1_9' title="bbox 442 4269 1470 4413">
     <span class='ocr_line' id='line_1_44' title="bbox 442 4269 1470 4413; baseline 0.007 -87"><span class='ocrx_word' id='word_1_425' title='bbox 442 4269 490 4327; x_wconf 80' lang='lat'>45.</span> <span class='ocrx_word' id='word_1_426' title='bbox 516 4315 608 4408; x_wconf 42' lang='lat'>45¹⁰·</span> <span class='ocrx_word' id='word_1_427' title='bbox 651 4316 657 4330; x_wconf 97' lang='lat'>.</span> <span class='ocrx_word' id='word_1_428' title='bbox 700 4317 706 4330; x_wconf 92' lang='lat'>.</span> <span class='ocrx_word' id='word_1_429' title='bbox 748 4317 755 4331; x_wconf 86' lang='lat'>.</span> <span class='ocrx_word' id='word_1_430' title='bbox 847 4313 854 4327; x_wconf 91' lang='lat'>.</span> <span class='ocrx_word' id='word_1_431' title='bbox 898 4273 944 4330; x_wconf 82' lang='lat'>28.</span> <span class='ocrx_word' id='word_1_432' title='bbox 967 4275 1014 4413; x_wconf 57' lang='lat' dir='ltr'>gg.</span> <span class='ocrx_word' id='word_1_433' title='bbox 1037 4276 1117 4412; x_wconf 51' lang='grc' dir='ltr'>ξὲἲιὲ</span> <span class='ocrx_word' id='word_1_434' title='bbox 1136 4272 1165 4330; x_wconf 88' lang='lat' dir='ltr'>in</span> <span class='ocrx_word' id='word_1_435' title='bbox 1184 4289 1254 4331; x_wconf 78' lang='lat' dir='ltr'>arca</span> <span class='ocrx_word' id='word_1_436' title='bbox 1273 4272 1470 4347; x_wconf 79' lang='lat' dir='ltr'>paransctica</span> 
     </span>
    </p>
   </div>
   <div class='ocr_carea' id='block_1_6' title="bbox 386 4425 594 4441">
    <p class='ocr_par' dir='ltr' id='par_1_10' title="bbox 386 4425 594 4441">
     <span class='ocr_line' id='line_1_45' title="bbox 386 4425 594 4441; baseline 0.01 -2"><span class='ocrx_word' id='word_1_437' title='bbox 386 4425 594 4441; x_wconf 53' lang='lat' dir='ltr'>*un-.-</span> 
     </span>
    </p>
   </div>
   <div class='ocr_carea' id='block_1_7' title="bbox 256 4432 1298 4512">
    <p class='ocr_par' dir='ltr' id='par_1_11' title="bbox 256 4432 1298 4512">
     <span class='ocr_line' id='line_1_46' title="bbox 256 4432 1298 4512; baseline 0.003 -9"><span class='ocrx_word' id='word_1_438' title='bbox 256 4447 368 4505; x_wconf 76' lang='lat' dir='ltr'>Summa</span> <span class='ocrx_word' id='word_1_439' title='bbox 390 4446 493 4506; x_wconf 80' lang='lat'>1⁰50‘</span> <span class='ocrx_word' id='word_1_440' title='bbox 515 4450 577 4507; x_wconf 71' lang='lat'>45⁰</span> <span class='ocrx_word' id='word_1_441' title='bbox 599 4452 695 4510; x_wconf 73' lang='lat' dir='ltr'>nem.</span> <span class='ocrx_word' id='word_1_442' title='bbox 717 4471 792 4511; x_wconf 73' lang='lat' dir='ltr'>max.</span> <span class='ocrx_word' id='word_1_443' title='bbox 846 4456 877 4509; x_wconf 87' lang='lat'>1⁰</span> <span class='ocrx_word' id='word_1_444' title='bbox 901 4452 948 4511; x_wconf 91' lang='lat'>11‘</span> <span class='ocrx_word' id='word_1_445' title='bbox 972 4453 1030 4511; x_wconf 78' lang='lat'>11¹¹</span> <span class='ocrx_word' id='word_1_446' title='bbox 1071 4452 1169 4512; x_wconf 73' lang='lat' dir='ltr'>ruem.</span> <span class='ocrx_word' id='word_1_447' title='bbox 1190 4453 1252 4509; x_wconf 75' lang='lat'>1001.</span> <span class='ocrx_word' id='word_1_448' title='bbox 1289 4432 1298 4441; x_wconf 84' lang='lat'>‘</span> 
     </span>
    </p>
   </div>
   <div class='ocr_carea' id='block_1_8' title="bbox 142 4578 1470 4941">
    <p class='ocr_par' dir='ltr' id='par_1_12' title="bbox 142 4578 1470 4941">
     <span class='ocr_line' id='line_1_47' title="bbox 232 4578 1460 4667; baseline 0.004 -26"><span class='ocrx_word' id='word_1_449' title='bbox 232 4578 282 4642; x_wconf 85' lang='lat' dir='ltr'>Sit</span> <span class='ocrx_word' id='word_1_450' title='bbox 309 4582 377 4661; x_wconf 87' lang='lat' dir='ltr'>jam</span> <span class='ocrx_word' id='word_1_451' title='bbox 409 4582 536 4662; x_wconf 92' lang='lat' dir='ltr'>angulus</span> <span class='ocrx_word' id='word_1_452' title='bbox 570 4585 609 4646; x_wconf 92' lang='lat' dir='ltr'>ad</span> <span class='ocrx_word' id='word_1_453' title='bbox 644 4582 684 4663; x_wconf 96' lang='grc' dir='ltr'>Θ</span> <span class='ocrx_word' id='word_1_454' title='bbox 720 4581 766 4660; x_wconf 79' lang='lat'>1⁰,</span> <span class='ocrx_word' id='word_1_455' title='bbox 805 4587 931 4667; x_wconf 86' lang='lat' dir='ltr'>angulus</span> <span class='ocrx_word' id='word_1_456' title='bbox 961 4588 999 4649; x_wconf 88' lang='lat' dir='ltr'>ed</span> <span class='ocrx_word' id='word_1_457' title='bbox 1036 4590 1062 4665; x_wconf 72' lang='grc' dir='ltr'>ὁ</span> <span class='ocrx_word' id='word_1_458' title='bbox 1094 4582 1140 4651; x_wconf 86' lang='lat'>3⁰.</span> <span class='ocrx_word' id='word_1_459' title='bbox 1194 4583 1353 4666; x_wconf 90' lang='lat' dir='ltr'>Ingredior</span> <span class='ocrx_word' id='word_1_460' title='bbox 1383 4601 1460 4665; x_wconf 89' lang='lat' dir='ltr'>ergo</span> 
     </span>
     <span class='ocr_line' id='line_1_48' title="bbox 144 4667 1470 4759; baseline 0.007 -29"><span class='ocrx_word' id='word_1_461' title='bbox 144 4669 277 4749; x_wconf 87' lang='lat' dir='ltr'>margine</span> <span class='ocrx_word' id='word_1_462' title='bbox 290 4667 336 4745; x_wconf 87' lang='lat'>1⁰,</span> <span class='ocrx_word' id='word_1_463' title='bbox 353 4690 478 4737; x_wconf 73' lang='lat' dir='ltr'>eccum</span> <span class='ocrx_word' id='word_1_464' title='bbox 499 4676 608 4754; x_wconf 89' lang='lat' dir='ltr'>angulo</span> <span class='ocrx_word' id='word_1_465' title='bbox 625 4676 664 4736; x_wconf 91' lang='lat' dir='ltr'>ad</span> <span class='ocrx_word' id='word_1_466' title='bbox 675 4671 727 4751; x_wconf 90' lang='grc' dir='ltr'>Θ,</span> <span class='ocrx_word' id='word_1_467' title='bbox 750 4674 781 4736; x_wconf 93' lang='lat' dir='ltr'>in</span> <span class='ocrx_word' id='word_1_468' title='bbox 796 4695 834 4736; x_wconf 90' lang='lat' dir='ltr'>ea</span> <span class='ocrx_word' id='word_1_469' title='bbox 847 4677 929 4739; x_wconf 92' lang='lat' dir='ltr'>linea</span> <span class='ocrx_word' id='word_1_470' title='bbox 943 4677 1087 4759; x_wconf 89' lang='lat' dir='ltr'>perquiro</span> <span class='ocrx_word' id='word_1_471' title='bbox 1096 4692 1202 4738; x_wconf 84' lang='lat' dir='ltr'>omnes</span> <span class='ocrx_word' id='word_1_472' title='bbox 1225 4679 1391 4747; x_wconf 84' lang='lat' dir='ltr'>columnas,</span> <span class='ocrx_word' id='word_1_473' title='bbox 1410 4673 1470 4739; x_wconf 88' lang='lat' dir='ltr'>don</span> 
     </span>
     <span class='ocr_line' id='line_1_49' title="bbox 143 4754 1443 4848; baseline 0.007 -30"><span class='ocrx_word' id='word_1_474' title='bbox 143 4756 245 4838; x_wconf 88' lang='lat' dir='ltr'>aliqua</span> <span class='ocrx_word' id='word_1_475' title='bbox 266 4759 500 4842; x_wconf 82' lang='lat' dir='ltr'>mihiplaceat3</span> <span class='ocrx_word' id='word_1_476' title='bbox 530 4765 633 4844; x_wconf 85' lang='lat' dir='ltr'>placet</span> <span class='ocrx_word' id='word_1_477' title='bbox 661 4754 763 4826; x_wconf 81' lang='lat' dir='ltr'>aut&#39;ern</span> <span class='ocrx_word' id='word_1_478' title='bbox 790 4765 847 4826; x_wconf 88' lang='lat' dir='ltr'>ool.</span> <span class='ocrx_word' id='word_1_479' title='bbox 880 4764 933 4842; x_wconf 81' lang='lat'>57,</span> <span class='ocrx_word' id='word_1_480' title='bbox 965 4767 1036 4848; x_wconf 90' lang='lat' dir='ltr'>quia</span> <span class='ocrx_word' id='word_1_481' title='bbox 1065 4768 1096 4829; x_wconf 89' lang='lat' dir='ltr'>in</span> <span class='ocrx_word' id='word_1_482' title='bbox 1126 4784 1164 4827; x_wconf 92' lang='lat' dir='ltr'>ea</span> <span class='ocrx_word' id='word_1_483' title='bbox 1186 4784 1203 4827; x_wconf 91' lang='lat' dir='ltr'>e</span> <span class='ocrx_word' id='word_1_484' title='bbox 1226 4764 1349 4846; x_wconf 89' lang='lat' dir='ltr'>regione</span> <span class='ocrx_word' id='word_1_485' title='bbox 1381 4763 1443 4829; x_wconf 86' lang='lat' dir='ltr'>mei</span> 
     </span>
     <span class='ocr_line' id='line_1_50' title="bbox 142 4844 1442 4941; baseline 0.008 -33"><span class='ocrx_word' id='word_1_486' title='bbox 142 4844 395 4935; x_wconf 71' lang='lat' dir='ltr'>invsno&#39;100‘3</span> <span class='ocrx_word' id='word_1_487' title='bbox 422 4848 525 4931; x_wconf 88' lang='lat' dir='ltr'>apices</span> <span class='ocrx_word' id='word_1_488' title='bbox 552 4852 631 4936; x_wconf 91' lang='lat' dir='ltr'>ipsis</span> <span class='ocrx_word' id='word_1_489' title='bbox 660 4871 716 4934; x_wconf 87' lang='lat' dir='ltr'>ego</span> <span class='ocrx_word' id='word_1_490' title='bbox 748 4853 861 4941; x_wconf 82' lang='lat' dir='ltr'>affingo</span> <span class='ocrx_word' id='word_1_491' title='bbox 896 4875 935 4920; x_wconf 92' lang='lat' dir='ltr'>ex</span> <span class='ocrx_word' id='word_1_492' title='bbox 963 4875 1034 4921; x_wconf 82' lang='lat' dir='ltr'>mos</span> <span class='ocrx_word' id='word_1_493' title='bbox 1064 4854 1258 4927; x_wconf 68' lang='lat' dir='ltr'>inclinatione</span> <span class='ocrx_word' id='word_1_494' title='bbox 1292 4852 1442 4933; x_wconf 69' lang='lat' dir='ltr'>mammo,</span> 
     </span>
    </p>
   </div>
   <div class='ocr_carea' id='block_1_9' title="bbox 0 0 1644 5550">
    <p class='ocr_par' dir='ltr' id='par_1_13' title="bbox 0 0 1644 5550">
     <span class='ocr_line' id='line_1_51' title="bbox 0 0 1644 5550; baseline 0 2"><span class='ocrx_word' id='word_1_495' title='bbox 0 0 1644 5550; x_wconf 95' lang='lat' dir='ltr'> </span> 
     </span>
    </p>
   </div>
  </div>
 </body>
</html>
