3278 5550
153 258 217 330 178
634 263 674 315 De
692 262 801 314 Metulum
820 260 913 313 Stellae
931 261 1019 314 Martis

150 443 257 517 ficitur,
283 451 317 504 ut
339 443 471 522 pondere
496 441 610 520 majore
635 442 774 504 deorsum
799 443 941 503 tendente
966 461 1045 521 aqna
1068 440 1241 503 necessario
1264 459 1385 503 snrsnm
1408 442 1484 507 cedat

150 532 267 602 Quodsi
295 533 386 594 etiam
416 530 552 609 perfecte
580 532 735 592 circularis
759 542 859 593 motus
884 540 967 592 esset
989 533 1174 613 quorundam
1198 531 1408 606 membrorum,
1432 535 1484 596 atii

151 642 211 683 non
245 631 316 683 sunt
348 620 504 701 perpetui,
541 639 595 680 nec
619 617 725 683 mirum
755 623 791 681 de
821 640 856 682 eo
886 629 985 692 esset,
1014 640 1080 681 cum
1110 640 1194 682 mens
1218 620 1345 682 animali
1371 622 1484 686 facultati

147 710 323 790 praesideat
347 711 375 771 in
400 710 528 772 hnmano
553 728 697 788 corpore;
722 718 755 770 at
779 719 875 784 certe,
900 710 927 770 si
950 710 1001 770 via
1024 710 1086 770 ulla
1110 711 1219 772 fuisset
1244 710 1422 772 facultatem
1442 712 1484 774 ali·

150 819 238 879 quam
262 800 417 860 matricem
442 799 486 859 sic
509 799 689 872 instruendi,
714 808 747 860 ut
770 818 877 879 corpus
903 799 1024 879 aliquod
1048 817 1156 880 gyrare
1180 798 1290 878 possit,
1316 818 1376 860 non
1399 801 1484 864 fuisset

147 889 176 950 in
200 890 330 950 hnmano
355 905 479 968 corpore
503 888 654 964 neglecta.

235 978 329 1039 Porro
352 986 387 1038 nt
410 996 495 1037 mens
520 977 622 1055 aliqua
647 976 727 1038 riam
752 983 900 1038 monstret
923 976 1098 1038 circularem
1122 977 1200 1039 citra
1222 985 1336 1038 metam
1347 978 1395 1039 vel
1410 981 1484 1041 centri

145 1066 193 1128 rel
216 1067 350 1147 corporis
374 1066 513 1145 alicujus,
538 1067 615 1145 quod
642 1083 694 1144 pro
720 1084 843 1127 accessu
867 1067 913 1127 vel
940 1085 1061 1127 recessu
1077 1068 1189 1145 majore
1206 1066 1255 1127 vel
1270 1067 1484 1148 minoreangulo

144 1164 301 1236 appareat,
338 1157 369 1217 id
393 1155 457 1216 fieri
483 1174 670 1234 nequaquam
692 1164 805 1235 potest.
867 1153 1004 1217 Circnlns
1029 1156 1106 1216 enim
1129 1155 1237 1216 iisdem
1256 1164 1289 1216 et
1313 1156 1484 1219 definituret

143 1244 306 1325 perficitur,
332 1245 519 1324 aequalitate
544 1244 664 1305 scilicet
687 1245 850 1305 distantiae
875 1266 894 1305 a
917 1245 1015 1305 medio
1035 1252 1068 1304 et
1082 1253 1343 1323 quantumcunque
1364 1245 1484 1307 motrices

143 1334 234 1395 hasce
265 1334 428 1395 facultates
459 1333 605 1407 extollas,
636 1333 764 1394 circulus
792 1342 891 1393 tamen
927 1353 962 1394 ne
986 1334 1052 1394 Deo
1085 1333 1204 1414 quidem
1238 1333 1320 1394 aliud
1344 1343 1393 1395 est
1415 1355 1484 1414 quan

148 1423 226 1504 quod
246 1423 313 1502 jam
337 1423 458 1484 dictum.
505 1423 625 1483 Docent
647 1421 766 1503 quidem
791 1434 973 1501 geometrae,
999 1422 1078 1484 datis
1103 1423 1198 1484 tribus
1214 1424 1243 1482 in
1259 1423 1484 1486 circumferentia

146 1513 267 1591 punctis
298 1512 472 1573 continuare
506 1511 662 1572 circulum:
694 1511 748 1572 sed
777 1512 832 1572 hoc
856 1512 921 1590 ipso
945 1512 1197 1589 praesupponitur
1220 1512 1324 1591 aliqua
1346 1532 1416 1593 pars
1437 1514 1484 1574 cir·

147 1600 362 1662 cumferentiae
387 1603 507 1680 (utpote
530 1619 583 1679 per
606 1601 686 1663 trina
708 1611 821 1681 puncta
844 1602 922 1674 iens)
952 1601 1016 1679 jam
1040 1601 1188 1662 confecta.
1238 1600 1314 1671 Quis
1338 1621 1410 1680 ergo
1431 1604 1484 1682 pla-

145 1698 235 1751 netae
267 1690 325 1751 hoc
354 1691 472 1752 initium
495 1690 652 1762 ostendet,
677 1709 715 1750 ex
739 1709 796 1769 quo
820 1690 966 1769 reliquum
991 1691 1050 1750 iter
1073 1690 1263 1751 conformet?
1310 1691 1415 1770 ltaque
1436 1691 1484 1754 lieri

145 1778 236 1840 aliter
258 1799 317 1840 non
340 1788 460 1858 potest,
482 1780 561 1864 ‘quin
592 1779 733 1857 planetae
766 1790 864 1840 motor
894 1799 931 1839 err
953 1778 1172 1840 Aricennae
1194 1775 1236 1852 ῃ)
1266 1780 1420 1840 sententia
1448 1780 1485 1841 rel

145 1875 281 1930 centrum
314 1868 396 1929 orbis
434 1868 478 1929 sui
512 1886 655 1946 suamque
693 1867 731 1928 ab
769 1887 803 1928 eo
833 1869 1009 1929 distantiam
1038 1868 1095 1928 sibi
1123 1867 1318 1946 imaginetur,
1361 1870 1406 1929 rel
1438 1870 1484 1931 alit

145 1956 274 2036 quadam
305 1956 492 2037 proprietate
522 1957 624 2019 circuli
651 1958 837 2036 praestanda
868 1957 906 2018 ad
935 1957 1171 2018 efformationem
1195 1955 1289 2036 ipsius
1313 1958 1418 2020 circuli
1440 1959 1484 2020 al-

140 2045 273 2125 juvetur.

231 2134 302 2196 Jam
326 2133 420 2213 igitur
443 2134 533 2196 aliter
556 2135 643 2196 nobis
668 2134 877 2197 informabitur
900 2134 1076 2216 hypothesis
1101 2133 1227 2215 physica
1249 2135 1356 2196 horum
1377 2135 1484 2197 duoruu

142 2223 339 2286 schematum.
385 2224 464 2285 Nam
497 2225 525 2285 in
550 2225 723 2303 posteriori,
756 2225 833 2306 qnod
863 2223 1028 2302 simplicius
1060 2231 1122 2295 est,
1155 2224 1303 2303 siquidem
1327 2242 1430 2284 verum
1453 2236 1484 2287 ort

53 2327 59 2340 ·
143 2313 222 2392 quod
255 2312 423 2393 posuimus,
456 2322 611 2387 motorem‚
642 2314 691 2394 qui
720 2315 874 2392 planetam
903 2330 956 2389 per
979 2313 1037 2374 iter
1059 2318 1124 2391 yso
1147 2312 1337 2391 circumagit,
1370 2313 1402 2373 in
1436 2313 1484 2392 ipsu

60 2425 63 2431 ’
140 2403 266 2481 planeta
288 2403 398 2476 inesse,
423 2420 548 2464 necesse
571 2403 673 2482 itaque
698 2404 796 2476 fuerit,
820 2403 849 2462 in
873 2402 1014 2481 planetae
1044 2412 1190 2463 motorem
1214 2403 1323 2463 cadere
1349 2403 1484 2480 qnandan

142 2491 434 2577 animadversionem
459 2493 634 2572 apparentis
662 2491 877 2571 magnitudinis
902 2491 995 2569 ipsius
1018 2492 1151 2571 corporis
1176 2492 1205 2552 in
1229 2514 1262 2566 α,
1289 2511 1326 2551 er
1350 2514 1373 2569 y,
1390 2515 1416 2563 e,
1431 2496 1484 2567 »pt

140 2580 270 2660 inspecti
302 2579 365 2655 (vel
393 2581 480 2660 quasi
509 2582 652 2661 inspecti)
680 2591 900 2662 proptereaque
923 2582 1078 2659 planetam
1102 2581 1174 2647 niti,
1203 2589 1236 2640 nt
1270 2588 1299 2640 et
1330 2581 1484 2660 aequaliter

140 2669 262 2731 incedat
294 2670 388 2751 (quod
415 2679 576 2751 praestant
600 2671 736 2750 integrae
762 2679 794 2731 et
818 2689 875 2731 non
899 2670 1061 2749 impeditae
1093 2670 1227 2731 motricis
1256 2669 1376 2731 animae
1403 2670 1484 2744 uires]

140 2768 171 2820 et
204 2779 309 2822 omnes
339 2760 503 2821 distantias
534 2783 590 2839 ay,
615 2784 672 2834 aa,
697 2783 759 2837 αη,
783 2765 831 2821 αδ
853 2760 898 2820 ita
922 2760 1024 2820 ordine
1047 2766 1272 2838 repraesentet,
1302 2768 1337 2819 ut
1365 2759 1437 2820 illae
1459 2777 1484 2821 er

140 2848 307 2910 eccentrico
332 2850 376 2929 βγ
399 2858 563 2928 sequuntur
586 2851 653 2927 lege
676 2850 875 2926 geometrica3
899 2849 1048 2929 quemad
1072 2850 1160 2910 finem
1183 2849 1259 2909 scire
1284 2847 1377 2909 etiam
1398 2849 1484 2920 dehet

139 2945 252 3017 quanto
275 2960 321 3017 ap
342 2938 460 3016 longior
486 2938 527 2998 sit
550 2957 638 3018 qnam
661 2962 681 2999 a
696 2944 721 3010 d,
747 2938 804 2999 hoc
827 2946 875 2999 est
898 2946 1011 3019 quanta
1030 2938 1071 2999 sit
1084 2937 1296 2999 eccentricitas
1305 2937 1387 3011 viae,
1411 2956 1484 3019 quan

138 3027 329 3088 confecturus
354 3034 411 3094 est,
436 3047 455 3087 a
477 3045 601 3105 corpore
625 3027 654 3087 in
679 3052 698 3088 a
721 3027 802 3089 circa
825 3028 902 3107 quod
926 3028 1021 3089 iturus
1038 3037 1095 3088 est.
1144 3024 1211 3097 Quo
1230 3036 1319 3106 pacto
1335 3027 1385 3089 hio
1399 3036 1484 3089 motor

136 3115 279 3194 planetae
303 3116 333 3176 in
357 3116 460 3176 multis
485 3113 571 3177 simul
595 3117 799 3195 occupabitur.
843 3116 877 3178 Si
900 3118 956 3179 hoc
980 3117 1046 3199 quis
1071 3117 1157 3196 fugit,
1182 3116 1274 3196 igitur
1297 3135 1424 3178 necesse
1445 3123 1484 3177 est

139 3212 173 3263 nt
196 3203 289 3279 dicat,
313 3205 466 3283 planetam
491 3205 528 3264 ad
552 3206 572 3281 β
594 3215 747 3284 punctum,
772 3206 849 3285 quod
874 3206 952 3267 omni
976 3225 1099 3285 corpore
1124 3215 1176 3266 aut
1199 3215 1272 3267 nota
1295 3206 1372 3268 reali
1395 3211 1478 3279 vacat

139 3292 351 3372 respicereet
374 3293 517 3373 aequales
541 3294 581 3355 ab
605 3314 640 3355 eo
664 3295 827 3358 distantias
850 3297 935 3358 tueri.

223 3381 313 3444 Prius
337 3400 408 3445 vero
432 3384 562 3467 schema
577 3384 700 3467 physice
725 3386 768 3446 sic
792 3386 973 3466 explicatur,
1004 3393 1036 3446 ut
1060 3384 1245 3462 concipiatur
1273 3384 1371 3445 virtus
1394 3383 1475 3463 aliqua
