3278 5550
236 275 279 350 36
652 274 753 332 hlteras
772 276 878 343 Ksplsri
896 275 1046 342 aliorumque
1063 282 1165 329 mntuss

238 481 272 526 se
295 461 361 542 ipso
384 459 511 523 libratur
534 457 565 521 in
587 457 734 520 diametro
757 456 901 540 epicycli;
925 455 1041 536 rapitur
1063 455 1214 540 ayvirtute
1238 475 1276 518 ex
1299 455 1373 520 Sole
1395 456 1426 519 in
1449 457 1593 521 mnndum
1630 500 1635 539 ς

236 569 360 633 sparsa;
384 555 510 630 utraque
534 549 626 611 motio
650 555 699 609 est
719 546 905 629 inaequalis;
939 545 1061 608 libratio
1091 545 1258 610 intenditur
1290 555 1321 609 et
1343 545 1510 609 remittitur
1533 565 1592 610 nou
1628 589 1635 631 4

235 647 353 703 tanturn
375 640 442 720 lege
466 639 590 701 duorum
614 636 803 711 circulorum,
826 645 861 698 ut
883 636 912 698 in
937 634 1116 716 Oopemico,
1141 636 1195 698 sed
1217 635 1263 698 illi
1286 635 1344 717 ipsi
1363 637 1467 698 circuli
1491 636 1592 699 inten-
1627 680 1635 721 ¹

236 730 346 793 duntur
369 736 400 790 et
422 728 614 790 remittuntur
638 727 676 788 ad
699 745 870 788 mensuram
885 724 1050 787 crescentis
1068 734 1100 787 et
1117 725 1321 788 decrescentis
1337 724 1476 788 diametri
1492 724 1592 802 Solis;
1631 771 1635 812 ἶ

237 827 350 903 quanto
373 817 468 898 major
491 815 669 898 apparentia
699 815 776 877 disci
799 813 917 879 Solaria
939 814 971 876 in
993 814 1139 895 perihelio
1169 834 1259 896 quam
1281 815 1312 877 in
1334 814 1471 895 aphelio,
1506 823 1635 903 tanto
1631 826 1634 831 ’

237 907 334 988 major
355 905 418 968 illic
441 907 565 969 diurnus
589 925 677 987 qnam
699 905 759 980 hic,
782 906 831 967 vel
855 923 961 966 eversa
978 903 1182 1006 proportione,
1205 910 1293 969 tanto
1321 904 1433 983 diutins
1457 862 1635 993 moratur:

237 995 413 1078 planetam
436 1015 495 1058 uno
519 996 613 1076 grado
637 993 805 1056 anomaliae
833 1001 1016 1075 coaequatae
1041 993 1071 1056 in
1101 993 1238 1074 ephebo,
1270 1013 1359 1075 quam
1381 993 1412 1055 in
1435 952 1635 1074 perihelio
1626 1027 1635 1083 ,-

237 1085 357 1165 Raptus
388 1104 460 1148 vero
492 1103 633 1151 mensura
665 1091 714 1146 est
745 1083 833 1164 copia
864 1082 985 1145 luminis
1018 1102 1056 1144 ex
1078 1082 1205 1146 Solem
1226 1083 1411 1165 planetam
1403 1102 1435 1144 m
1458 1082 1593 1163 qualibet
1624 1126 1632 1162 ,

237 1173 384 1236 distantia
408 1174 533 1256 allapsi,
564 1192 669 1253 nempe
701 1173 856 1255 quantitas
888 1171 964 1235 disci
997 1171 1132 1252 corporis
1155 1172 1284 1235 Solaria.
1332 1172 1525 1243 Quomodo
1547 1172 1635 1235 adl

239 1262 343 1327 mille
375 1262 543 1343 parietes
576 1255 786 1342 impingens
817 1263 912 1325 hanc
946 1261 1065 1325 solam
1097 1260 1195 1324 viam
1226 1261 1285 1324 ire
1317 1268 1476 1324 coactus
1506 1280 1635 1375 sum:
1624 1272 1635 1306 ι

239 1351 431 1433 capitibus
455 1351 542 1414 illis
565 1348 606 1415 51
632 1352 870 1442 descriptum.
1627 1426 1635 1435 ¹

327 1440 744 1522 Hocsimplicit,ercertnm
771 1461 814 1503 ex
838 1441 924 1504 Sole
947 1457 1154 1521 propagari
1177 1457 1261 1512 vim
1292 1457 1387 1519 quae
1410 1437 1592 1518 planetas
1627 1438 1635 1459 ¹

239 1529 360 1610 rapit;
384 1538 485 1591 cetera
509 1530 552 1592 sic
576 1531 696 1612 quidem
719 1491 823 1604 dbbia,
847 1539 881 1593 ut
902 1537 1004 1592 tamen
1027 1528 1189 1590 identidem
1213 1526 1311 1589 simile
1335 1526 1489 1609 quippiam
1505 1528 1592 1590 aliud
1626 1526 1635 1621 ζ

110 1631 119 1651 ·
238 1618 406 1701 postoliud
424 1619 463 1681 ad
479 1638 600 1700 scopum
616 1640 663 1682 me
686 1621 809 1702 propius
832 1620 970 1682 adducat.
1009 1619 1113 1680 Habes
1127 1619 1164 1679 de
1183 1635 1249 1678 meo
1266 1618 1411 1696 profectu.
1451 1615 1592 1680 Ceterum
1627 1632 1635 1643 ·

241 1707 466 1793 Commentario
487 1709 563 1771 haec
587 1710 717 1771 fortasse
741 1730 828 1772 nemo
852 1709 912 1772 nisi
934 1706 1015 1788 apud
1036 1727 1083 1770 me
1106 1705 1225 1769 viderit
1263 1705 1368 1768 Habes
1391 1713 1423 1767 et
1444 1705 1591 1769 rationu

240 1796 385 1877 temporis
407 1797 566 1877 prolixam.
614 1798 695 1870 Quid
718 1819 789 1861 vero
812 1799 930 1878 tojam
953 1796 1037 1877 agis,
1061 1804 1221 1878 postquam
1244 1814 1290 1856 me
1314 1815 1381 1857 cum
1403 1814 1470 1858 meo
1493 1796 1593 1860 Marta
1628 1812 1634 1822 ·

241 1885 401 1948 delusisti?
445 1888 562 1967 Nempe
594 1889 763 1968 catalogum
795 1907 936 1950 recenses
964 1906 1082 1959 eorum,
1113 1904 1188 1967 quae
1218 1884 1248 1945 in
1270 1885 1358 1946 Luna
1381 1885 1485 1966 'lycho
1510 1893 1542 1946 et
1562 1893 1594 1947 tu
1627 1874 1635 1911 ¹

199 2043 208 2056 ,
241 1973 473 2056 praestiteritis,
498 1983 529 2037 et
551 1984 659 2055 postea
682 1977 856 2058 subjungis,
889 1997 936 2038 me
959 1977 1035 2038 haec
1058 1974 1156 2037 omnia
1179 1973 1374 2054 aequiparare
1398 1973 1592 2054 sterquiliueo
1628 1964 1635 2005 ³

241 2063 370 2144 Augiae.
417 2067 503 2127 Bona
526 2066 627 2127 verba.
675 2066 756 2138 Quin
787 2073 820 2128 tu
851 2066 953 2149 potius
977 2064 1162 2146 exspectasti
1185 2063 1313 2125 reditum
1335 2070 1418 2125 tnum
1440 2063 1594 2138 Hafniam,

242 2159 277 2215 ut
298 2152 442 2235 inspectis
465 2153 564 2216 literis
587 2156 663 2218 meis
686 2161 852 2231 cerneres,
869 2177 908 2218 an
938 2156 1000 2217 tale
1032 2153 1184 2237 quippiam
1214 2152 1397 2215 contineant.
1442 2152 1597 2219 Adhaesit
1632 2176 1634 2180 ·

242 2241 497 2304 memoriae'tnae
520 2244 640 2325 Augias
663 2264 731 2308 vox.
778 2240 826 2308 Ne
849 2243 920 2327 quid
947 2263 1059 2327 quaeso
1092 2261 1145 2323 per
1176 2241 1375 2317 calumniam,
1408 2260 1485 2323 quae
1519 2241 1597 2304 solet
1632 2246 1635 2277 ²

242 2331 415 2434 plemmque
440 2334 579 2414 occupari
602 2333 683 2397 circa
704 2333 864 2397 invidiosa.
912 2334 1013 2414 Atque
1036 2341 1071 2396 ut
1092 2332 1213 2406 videas,
1244 2350 1291 2392 me
1314 2337 1417 2392 tenere
1440 2331 1596 2433 memoria,

243 2419 291 2482 cni
313 2419 357 2481 rei
380 2419 453 2482 mihi
475 2420 578 2502 Augia
601 2423 750 2499 servierit,
775 2423 911 2505 quamvis
935 2423 964 2486 id
987 2430 1020 2485 tn
1044 2442 1081 2484 ex
1102 2419 1342 2504 praesentibust
1329 2419 1385 2482 tibi
1404 2419 1502 2482 literis
1522 2418 1597 2483 meis

243 2508 355 2572 rectius
376 2510 531 2614 percipere
553 2519 655 2593 potes,
687 2513 778 2588 scito,
811 2533 858 2576 me
886 2533 945 2575 non
969 2513 1186 2577 dehonestasse
1209 2509 1425 2572 astronomiam
1450 2509 1596 2599 convicio,

244 2604 334 2680 quam
356 2599 479 2661 maximi
498 2601 566 2681 jure
590 2601 683 2679 facio,
717 2603 771 2665 sed
803 2623 889 2666 namn
922 2622 990 2665 esse
1015 2600 1209 2665 similitudine
1233 2596 1326 2680 eaque
1349 2592 1480 2660 minime
1494 2598 1527 2662 in
1550 2597 1595 2672 iis,

243 2706 320 2769 quae
342 2694 375 2750 tu
399 2689 446 2750 vel
470 2690 573 2772 Tycho
598 2693 814 2795 praestitistis,
838 2693 1008 2766 elevandis,
1039 2691 1119 2773 qnod
1140 2689 1214 2752 mihi
1237 2697 1290 2750 aut
1312 2688 1359 2750 ira
1380 2694 1524 2750 caecatus
1546 2693 1597 2748 aut

243 2775 362 2840 malitia
385 2786 543 2860 corruptus
566 2799 633 2843 cum
656 2781 767 2861 insigni
791 2782 899 2861 injuria
921 2781 1043 2855 tribuis,
1068 2779 1153 2842 sed
1145 2800 1176 2842 ιιι
1200 2776 1421 2859 comparatione
1444 2777 1592 2859 hypothe-

243 2864 321 2928 sinm
344 2866 533 2948 antiquarum
557 2889 623 2931 cum
645 2888 711 2931 meo
734 2871 842 2932 itinere
866 2870 956 2932 ovali.
995 2872 1041 2931 Tu
1063 2888 1163 2931 meum
1189 2867 1275 2929 ovale
1296 2867 1356 2928 iter.
1378 2864 1594 2939 dehonestasti,

247 2971 303 3034 ego
327 2953 383 3016 tibi
406 2957 546 3038 centuplo
570 2957 762 3020 absurdiores
786 2960 884 3040 spiras
908 2957 1097 3040 antiquorum
1121 2959 1211 3039 (quo's
1227 2956 1388 3019 etiamnum
1403 2956 1509 3037 Tycho
1529 2953 1597 3018 imi·

247 3049 330 3104 tatus
353 3052 410 3118 est,
433 3063 493 3106 non
515 3065 595 3107 nova
612 3047 761 3127 fingendo,
786 3049 840 3109 sed
860 3055 963 3109 vetera
976 3047 1186 3128 relinquendo)
1204 3045 1338 3128 opposui.
1376 3045 1411 3108 Si
1427 3054 1599 3119 succenses,

247 3148 336 3193 ame
359 3151 419 3194 uon
441 3142 568 3212 posset
555 3136 622 3197 tolli
647 3135 703 3198 iter
720 3137 817 3208 ovale,
841 3144 960 3220 quanto
967 3136 1064 3217 magis
1081 3155 1257 3206 succensere
1280 3134 1373 3196 debes
1389 3134 1499 3214 spiras,
1524 3153 1600 3214 quas

247 3218 366 3281 sustuli.
413 3220 520 3326 Quasi
531 3225 721 3304 peccaverim
745 3225 774 3286 in
798 3225 878 3288 ovali
901 3226 1022 3300 relicta,
1047 3246 1114 3288 cum
1138 3226 1230 3287 ceteri
1247 3224 1368 3306 antiqui
1391 3243 1450 3285 nou
1472 3228 1602 3305 peccent

246 3306 333 3371 tibi
325 3327 356 3369 ru
378 3316 463 3373 tots
448 3311 548 3391 spiris
593 3315 660 3375 Hoc
683 3321 731 3376 est
752 3314 874 3378 multari
898 3316 935 3377 ob
958 3335 1047 3378 unum
1079 3334 1195 3377 carrum
1223 3313 1332 3377 fimeti.
1345 3312 1499 3387 relictum,
1534 3330 1602 3374 cum

248 3396 395 3479 reliquam
417 3400 550 3480 Augiam
572 3404 803 3485 expurgaveris,
835 3413 887 3467 tuo
912 3424 1019 3482 sensu,
1047 3406 1098 3486 qni
1120 3404 1262 3485 repudias
1283 3420 1381 3463 meam
1404 3402 1525 3463 ovalem
1547 3421 1603 3463 ceu

247 3505 338 3549 unum
360 3508 478 3552 carrum
501 3492 603 3567 hmeti,
628 3512 695 3556 cnm
716 3492 830 3556 toleres
851 3493 959 3575 spiras,
983 3511 1058 3598 quae
1074 3501 1171 3556 totum
1185 3493 1336 3556 stabolum
1350 3498 1429 3565 suut,
1454 3490 1603 3571 siquidem

249 3594 317 3639 mea
340 3578 437 3642 ovalis
460 3580 502 3642 sit
516 3600 592 3643 nnus
613 3601 785 3644 carrus-
743 3582 863 3646 -Sed
877 3583 995 3665 piget,
987 3604 1018 3646 m
1031 3581 1279 3645 manifestissima
1295 3579 1444 3642 calumnia
1459 3579 1604 3641 diluenda

249 3663 400 3728 immorari
402 3713 489 3730 .....
535 3671 595 3732 Ριο
618 3673 729 3733 Deum!
752 3673 931 3735 Nondnmne
955 3672 1031 3735 satis
1053 3672 1189 3754 probasti
1212 3671 1299 3745 mihi,
1326 3676 1356 3731 te
1379 3688 1447 3730 mea
1470 3667 1605 3748 epistola

250 3753 403 3819 carnisse?
440 3756 546 3820 Audes
570 3759 708 3822 iterum
700 3780 731 3823 ιιι
761 3761 871 3823 itinera
894 3761 994 3824 ovalia
1016 3762 1171 3837 insultare,
1195 3781 1262 3823 curn
1286 3757 1376 3832 scias,
1401 3757 1479 3838 apud
1493 3757 1604 3821 Ptole·

250 3862 368 3907 maenm
391 3854 423 3907 et
436 3839 608 3929 Tychonem
631 3869 699 3911 esse
722 3850 856 3932 spiralia.
902 3851 1013 3921 Annon
1031 3850 1087 3913 tibi
1110 3809 1288 3931 desbripsi
1280 3868 1310 3912 ιιι
1332 3847 1443 3910 scheda
1461 3848 1605 3910 modum⁹

252 3934 364 3997 Annon
386 3934 491 4010 dixi,
483 3956 514 3998 ιιι
536 3937 603 4017 ipso
627 3938 718 4000 etiam
738 3939 905 4021 (lopernico
929 3960 997 4003 esse
1021 3940 1135 4013 ovales,
1160 3958 1270 4021 easque
1294 3936 1395 4000 studio
1418 3957 1438 3997 a
1459 3936 1604 4038 Tycbpne

252 4020 439 4085 traductas
431 4044 462 4086 ru
486 4046 556 4088 snas
578 4027 784 4109 hypotheses?
825 4029 936 4092 Annon
958 4028 1032 4104 dixi,
1056 4029 1174 4091 ovalem
1196 4046 1293 4092 meam
1315 4045 1354 4088 ex
1376 4025 1492 4088 dnobus
1515 4025 1604 4107 prin-

251 4109 339 4190 cipiis
362 4112 596 4192 regularissimis
619 4117 777 4197 componi?
813 4118 908 4181 Jubes
930 4138 977 4180 me
1001 4118 1101 4180 omnia
1119 4119 1157 4179 ad
1171 4118 1332 4181 circulares
1346 4115 1495 4177 motiones
1510 4134 1604 4177 revo-

252 4218 339 4275 care;
372 4202 502 4265 nondum
526 4202 619 4284 igitur
640 4205 801 4287 intelligis,
838 4207 944 4289 quales
968 4207 1071 4270 ovales
1094 4207 1247 4270 fabricem.
1292 4209 1416 4271 Revoca
1438 4212 1472 4266 tu
1495 4211 1549 4266 tna
1571 4211 1607 4268 et

251 4289 440 4355 Ptolemaios
472 4300 504 4355 et
535 4294 743 4375 Oopemicana
775 4296 813 4357 ad
844 4296 983 4359 circulos.
1035 4296 1241 4360 Praestitisti?
1283 4293 1430 4360 Praestiti
1471 4301 1502 4355 et
1534 4311 1604 4373 ego.

252 4376 356 4442 Nolito
378 4389 500 4461 putare,
531 4402 578 4445 me
610 4384 760 4447 mentibus
792 4384 989 4448 divinissimis
1021 4385 1152 4449 tribuere
1180 4385 1412 4449 destinationem
1444 4382 1507 4465 opi,
1541 4383 1603 4447 imo

253 4476 409 4548 appetunt
422 4469 559 4547 circulos,
585 4473 640 4534 sed
661 4492 716 4554 per
738 4474 879 4536 accidens
902 4474 1084 4550 exorbitant,
1107 4483 1142 4538 ut
1154 4475 1328 4538 Ptolemaeo
1342 4473 1484 4553 planetae
1505 4489 1604 4553 appe-

254 4561 323 4619 tunt
345 4556 524 4641 epicyclicos
548 4570 579 4623 et
601 4562 784 4627 eccentricos
807 4570 921 4639 motus,
954 4564 1009 4625 sed
1039 4583 1093 4644 per
1124 4565 1263 4627 accidens
1285 4564 1316 4626 in
1340 4558 1439 4642 spiras
1462 4569 1602 4642 aguntur.

255 4645 349 4709 Ratio
373 4654 421 4709 est
442 4649 531 4729 plane
555 4651 669 4713 eadem.
716 4651 776 4724 Qui
806 4669 890 4716 meas
922 4653 1024 4714 ovales
1055 4653 1168 4734 carpit,
1200 4661 1308 4733 carpat
1337 4661 1370 4714 et
1397 4650 1605 4713 confusionem

258 4744 432 4817 aspectuum
463 4736 493 4802 in
528 4737 707 4804 calendario
740 4761 793 4803 seu
823 4741 1031 4822 Ephemeride.
1085 4745 1207 4818 Mones,
1245 4742 1289 4804 sic
1319 4740 1462 4823 physicas
1494 4759 1605 4803 causas

258 4844 410 4918 quaeram,
432 4845 469 4891 ne
492 4827 613 4893 interim
635 4830 752 4897 coelum
774 4851 793 4893 a
815 4849 862 4895 me
876 4827 947 4894 vim
967 4831 1111 4911 patiatur.
1149 4833 1227 4913 Ego,
1250 4831 1291 4894 mi
1314 4829 1496 4904 Christiane,
1520 4828 1547 4891 si
1570 4823 1605 4892 8⁴
