<?xml version="1.0" encoding="UTF-8"?>
<!DOCTYPE html PUBLIC "-//W3C//DTD XHTML 1.0 Transitional//EN"
    "http://www.w3.org/TR/xhtml1/DTD/xhtml1-transitional.dtd">
<html xmlns="http://www.w3.org/1999/xhtml" xml:lang="en" lang="en">
 <head>
  <title>
</title>
<meta http-equiv="Content-Type" content="text/html;charset=utf-8" />
  <meta name='ocr-system' content='tesseract 3.04.00' />
  <meta name='ocr-capabilities' content='ocr_page ocr_carea ocr_par ocr_line ocrx_word'/>
</head>
<body>
  <div class='ocr_page' id='page_1' title='image "./joanniskepleria12frisgoog/joanniskepleria12frisgoog_0651.png"; bbox 0 0 3278 5550; ppageno 0'>
   <div class='ocr_carea' id='block_1_1' title="bbox 158 284 902 356">
    <p class='ocr_par' dir='ltr' id='par_1_1' title="bbox 158 284 902 356">
     <span class='ocr_line' id='line_1_1' title="bbox 158 284 902 356; baseline -0.005 0"><span class='ocrx_word' id='word_1_1' title='bbox 158 284 223 356; x_wconf 90' lang='grc'><strong>646</strong></span> <span class='ocrx_word' id='word_1_2' title='bbox 763 286 802 339; x_wconf 79' lang='lat' dir='ltr'>D·</span> <span class='ocrx_word' id='word_1_3' title='bbox 819 287 902 339; x_wconf 75' lang='lat' dir='ltr'>Lusa</span> 
     </span>
    </p>
   </div>
   <div class='ocr_carea' id='block_1_2' title="bbox 155 462 1480 1023">
    <p class='ocr_par' dir='ltr' id='par_1_2' title="bbox 157 462 1480 606">
     <span class='ocr_line' id='line_1_2' title="bbox 157 462 1473 538; baseline 0 -12"><span class='ocrx_word' id='word_1_4' title='bbox 157 472 297 525; x_wconf 87' lang='lat' dir='ltr'>diametro.</span> <span class='ocrx_word' id='word_1_5' title='bbox 339 468 398 521; x_wconf 87' lang='lat' dir='ltr'>Illic</span> <span class='ocrx_word' id='word_1_6' title='bbox 419 467 504 538; x_wconf 88' lang='lat' dir='ltr'>igitur</span> <span class='ocrx_word' id='word_1_7' title='bbox 524 467 692 537; x_wconf 81' lang='lat' dir='ltr'>colliguntur</span> <span class='ocrx_word' id='word_1_8' title='bbox 712 483 843 521; x_wconf 82' lang='lat' dir='ltr'>excessus</span> <span class='ocrx_word' id='word_1_9' title='bbox 864 482 882 520; x_wconf 88' lang='lat' dir='ltr'>a</span> <span class='ocrx_word' id='word_1_10' title='bbox 902 473 961 521; x_wconf 93' lang='lat' dir='ltr'>toto</span> <span class='ocrx_word' id='word_1_11' title='bbox 982 469 1017 521; x_wconf 88' lang='lat' dir='ltr'>ad</span> <span class='ocrx_word' id='word_1_12' title='bbox 1038 467 1123 532; x_wconf 86' lang='lat' dir='ltr'>nilsil,</span> <span class='ocrx_word' id='word_1_13' title='bbox 1154 470 1201 524; x_wconf 88' lang='lat' dir='ltr'>bio</span> <span class='ocrx_word' id='word_1_14' title='bbox 1226 470 1372 525; x_wconf 83' lang='lat' dir='ltr'>distantias</span> <span class='ocrx_word' id='word_1_15' title='bbox 1390 462 1412 533; x_wconf 66' lang='lat' dir='ltr'>J</span> <span class='ocrx_word' id='word_1_16' title='bbox 1429 468 1473 536; x_wconf 66' lang='grc' dir='ltr'><strong>ἐι</strong></span> 
     </span>
     <span class='ocr_line' id='line_1_3' title="bbox 157 549 1480 606; baseline -0.005 0"><span class='ocrx_word' id='word_1_17' title='bbox 157 558 220 606; x_wconf 93' lang='lat' dir='ltr'>tota</span> <span class='ocrx_word' id='word_1_18' title='bbox 240 553 273 606; x_wconf 91' lang='lat' dir='ltr'>ad</span> <span class='ocrx_word' id='word_1_19' title='bbox 296 549 371 603; x_wconf 83' lang='lat' dir='ltr'>nihil.</span> <span class='ocrx_word' id='word_1_20' title='bbox 1476 550 1480 561; x_wconf 91' lang='lat'>&#39;</span> 
     </span>
    </p>

    <p class='ocr_par' dir='ltr' id='par_1_3' title="bbox 155 622 1479 1023">
     <span class='ocr_line' id='line_1_4' title="bbox 245 622 1476 707; baseline 0.002 -22"><span class='ocrx_word' id='word_1_21' title='bbox 245 637 283 685; x_wconf 83' lang='lat' dir='ltr'>nt</span> <span class='ocrx_word' id='word_1_22' title='bbox 303 645 408 683; x_wconf 93' lang='lat' dir='ltr'>rursum</span> <span class='ocrx_word' id='word_1_23' title='bbox 430 627 557 689; x_wconf 88' lang='lat' dir='ltr'>instatur,</span> <span class='ocrx_word' id='word_1_24' title='bbox 578 628 647 680; x_wconf 88' lang='lat' dir='ltr'>haec</span> <span class='ocrx_word' id='word_1_25' title='bbox 668 626 742 682; x_wconf 90' lang='lat' dir='ltr'>illius</span> <span class='ocrx_word' id='word_1_26' title='bbox 759 643 864 681; x_wconf 88' lang='lat' dir='ltr'>summa</span> <span class='ocrx_word' id='word_1_27' title='bbox 882 634 926 681; x_wconf 87' lang='lat' dir='ltr'>est</span> <span class='ocrx_word' id='word_1_28' title='bbox 949 622 1029 690; x_wconf 72' lang='lat'><strong>22¹³.</strong></span> <span class='ocrx_word' id='word_1_29' title='bbox 1051 635 1082 682; x_wconf 91' lang='lat' dir='ltr'>et</span> <span class='ocrx_word' id='word_1_30' title='bbox 1101 642 1190 697; x_wconf 89' lang='lat' dir='ltr'>supra</span> <span class='ocrx_word' id='word_1_31' title='bbox 1210 628 1267 682; x_wconf 85' lang='lat' dir='ltr'>boc</span> <span class='ocrx_word' id='word_1_32' title='bbox 1287 630 1383 707; x_wconf 72' lang='lat' dir='ltr'>ialsum</span> <span class='ocrx_word' id='word_1_33' title='bbox 1399 647 1476 687; x_wconf 77' lang='lat' dir='ltr'>saun</span> 
     </span>
     <span class='ocr_line' id='line_1_5' title="bbox 156 706 1477 783; baseline -0.001 -17"><span class='ocrx_word' id='word_1_34' title='bbox 156 728 262 774; x_wconf 88' lang='lat' dir='ltr'>seram,</span> <span class='ocrx_word' id='word_1_35' title='bbox 293 718 379 764; x_wconf 88' lang='lat' dir='ltr'>totarn</span> <span class='ocrx_word' id='word_1_36' title='bbox 400 707 559 762; x_wconf 78' lang='lat' dir='ltr'>distantiam</span> <span class='ocrx_word' id='word_1_37' title='bbox 580 706 606 759; x_wconf 91' lang='lat' dir='ltr'>in</span> <span class='ocrx_word' id='word_1_38' title='bbox 628 707 800 777; x_wconf 78' lang='lat' dir='ltr'>quadraturis</span> <span class='ocrx_word' id='word_1_39' title='bbox 823 714 978 761; x_wconf 85' lang='lat' dir='ltr'>versantem</span> <span class='ocrx_word' id='word_1_40' title='bbox 1005 708 1057 761; x_wconf 89' lang='lat' dir='ltr'>boo</span> <span class='ocrx_word' id='word_1_41' title='bbox 1084 709 1213 771; x_wconf 78' lang='lat' dir='ltr'>efficere.</span> <span class='ocrx_word' id='word_1_42' title='bbox 1249 720 1281 763; x_wconf 92' lang='lat' dir='ltr'>ut</span> <span class='ocrx_word' id='word_1_43' title='bbox 1306 712 1426 783; x_wconf 86' lang='lat' dir='ltr'>aequatio</span> <span class='ocrx_word' id='word_1_44' title='bbox 1446 729 1477 782; x_wconf 84' lang='lat' dir='ltr'>per</span> 
     </span>
     <span class='ocr_line' id='line_1_6' title="bbox 157 786 1478 863; baseline 0 -18"><span class='ocrx_word' id='word_1_45' title='bbox 157 786 208 852; x_wconf 64' lang='lat'>2¹1,</span> <span class='ocrx_word' id='word_1_46' title='bbox 231 793 267 844; x_wconf 92' lang='lat' dir='ltr'>sit</span> <span class='ocrx_word' id='word_1_47' title='bbox 287 789 382 857; x_wconf 87' lang='lat' dir='ltr'>major.</span> <span class='ocrx_word' id='word_1_48' title='bbox 418 788 527 841; x_wconf 80' lang='lat' dir='ltr'>Falsum</span> <span class='ocrx_word' id='word_1_49' title='bbox 549 787 656 857; x_wconf 92' lang='lat' dir='ltr'>inquam</span> <span class='ocrx_word' id='word_1_50' title='bbox 677 788 729 840; x_wconf 84' lang='lat' dir='ltr'>boe</span> <span class='ocrx_word' id='word_1_51' title='bbox 749 794 799 843; x_wconf 89' lang='lat' dir='ltr'>est.</span> <span class='ocrx_word' id='word_1_52' title='bbox 840 788 910 840; x_wconf 89' lang='lat' dir='ltr'>Nam</span> <span class='ocrx_word' id='word_1_53' title='bbox 932 789 1001 857; x_wconf 89' lang='lat' dir='ltr'>quod</span> <span class='ocrx_word' id='word_1_54' title='bbox 1023 788 1166 843; x_wconf 80' lang='lat' dir='ltr'>mediocris</span> <span class='ocrx_word' id='word_1_55' title='bbox 1187 789 1326 845; x_wconf 88' lang='lat' dir='ltr'>distantia</span> <span class='ocrx_word' id='word_1_56' title='bbox 1346 792 1373 845; x_wconf 93' lang='lat' dir='ltr'>in</span> <span class='ocrx_word' id='word_1_57' title='bbox 1391 794 1478 863; x_wconf 76' lang='lat' dir='ltr'>quadus</span> 
     </span>
     <span class='ocr_line' id='line_1_7' title="bbox 156 867 1479 938; baseline 0 -12"><span class='ocrx_word' id='word_1_58' title='bbox 156 874 224 926; x_wconf 90' lang='lat' dir='ltr'>turis</span> <span class='ocrx_word' id='word_1_59' title='bbox 246 880 380 931; x_wconf 78' lang='lat' dir='ltr'>versatur,</span> <span class='ocrx_word' id='word_1_60' title='bbox 403 868 428 920; x_wconf 91' lang='lat' dir='ltr'>id</span> <span class='ocrx_word' id='word_1_61' title='bbox 449 874 580 920; x_wconf 75' lang='lat' dir='ltr'>causatur</span> <span class='ocrx_word' id='word_1_62' title='bbox 601 867 828 937; x_wconf 79' lang='lat' dir='ltr'>inaequalitatem</span> <span class='ocrx_word' id='word_1_63' title='bbox 849 875 995 923; x_wconf 81' lang='lat' dir='ltr'>ostentum.</span> <span class='ocrx_word' id='word_1_64' title='bbox 1022 870 1155 938; x_wconf 64' lang='lat' dir='ltr'>atquod</span> <span class='ocrx_word' id='word_1_65' title='bbox 1169 871 1342 925; x_wconf 74' lang='lat' dir='ltr'>excedentes</span> <span class='ocrx_word' id='word_1_66' title='bbox 1362 871 1479 926; x_wconf 64' lang='lat' dir='ltr'>diamasa</span> 
     </span>
     <span class='ocr_line' id='line_1_8' title="bbox 155 946 1276 1023; baseline -0.003 -17"><span class='ocrx_word' id='word_1_67' title='bbox 155 953 182 1006; x_wconf 94' lang='lat' dir='ltr'>in</span> <span class='ocrx_word' id='word_1_68' title='bbox 203 950 377 1023; x_wconf 83' lang='lat' dir='ltr'>quadraturis</span> <span class='ocrx_word' id='word_1_69' title='bbox 398 956 553 1011; x_wconf 81' lang='lat' dir='ltr'>versantur,</span> <span class='ocrx_word' id='word_1_70' title='bbox 575 947 602 999; x_wconf 91' lang='lat' dir='ltr'>id</span> <span class='ocrx_word' id='word_1_71' title='bbox 622 949 727 1000; x_wconf 89' lang='lat' dir='ltr'>demum</span> <span class='ocrx_word' id='word_1_72' title='bbox 748 948 816 1000; x_wconf 84' lang='lat' dir='ltr'>iacit</span> <span class='ocrx_word' id='word_1_73' title='bbox 837 946 1062 1017; x_wconf 83' lang='lat' dir='ltr'>inaequalitatem</span> <span class='ocrx_word' id='word_1_74' title='bbox 1083 949 1276 1020; x_wconf 87' lang='lat' dir='ltr'>aequationis.</span> 
     </span>
    </p>
   </div>
   <div class='ocr_carea' id='block_1_3' title="bbox 711 1054 943 1121">
    <p class='ocr_par' dir='ltr' id='par_1_4' title="bbox 711 1054 943 1121">
     <span class='ocr_line' id='line_1_9' title="bbox 711 1054 943 1121; baseline 0 -15"><span class='ocrx_word' id='word_1_75' title='bbox 711 1056 802 1121; x_wconf 88' lang='grc'><strong>(1604.</strong></span> <span class='ocrx_word' id='word_1_76' title='bbox 823 1055 847 1106; x_wconf 83' lang='grc'>0.</span> <span class='ocrx_word' id='word_1_77' title='bbox 867 1054 943 1119; x_wconf 83' lang='lat' dir='ltr'>Nor.)</span> 
     </span>
    </p>
   </div>
   <div class='ocr_carea' id='block_1_4' title="bbox 144 1148 1517 4911">
    <p class='ocr_par' dir='ltr' id='par_1_5' title="bbox 150 1148 1479 2111">
     <span class='ocr_line' id='line_1_10' title="bbox 242 1148 1479 1221; baseline 0.001 -11"><span class='ocrx_word' id='word_1_78' title='bbox 242 1157 298 1210; x_wconf 86' lang='lat' dir='ltr'>Inro</span> <span class='ocrx_word' id='word_1_79' title='bbox 319 1154 405 1208; x_wconf 87' lang='lat' dir='ltr'>dicam</span> <span class='ocrx_word' id='word_1_80' title='bbox 427 1150 528 1221; x_wconf 91' lang='lat' dir='ltr'>aliquid</span> <span class='ocrx_word' id='word_1_81' title='bbox 550 1150 675 1220; x_wconf 89' lang='lat' dir='ltr'>amplius.</span> <span class='ocrx_word' id='word_1_82' title='bbox 716 1150 748 1203; x_wconf 88' lang='lat' dir='ltr'>ln</span> <span class='ocrx_word' id='word_1_83' title='bbox 769 1148 942 1219; x_wconf 86' lang='lat' dir='ltr'>quadraturis</span> <span class='ocrx_word' id='word_1_84' title='bbox 964 1167 1056 1205; x_wconf 89' lang='lat' dir='ltr'>omnes</span> <span class='ocrx_word' id='word_1_85' title='bbox 1078 1152 1172 1205; x_wconf 89' lang='lat' dir='ltr'>ordine</span> <span class='ocrx_word' id='word_1_86' title='bbox 1193 1154 1393 1210; x_wconf 78' lang='lat' dir='ltr'>distantiarum</span> <span class='ocrx_word' id='word_1_87' title='bbox 1410 1174 1479 1211; x_wconf 80' lang='lat' dir='ltr'>extas</span> 
     </span>
     <span class='ocr_line' id='line_1_11' title="bbox 154 1228 1478 1307; baseline -0.001 -14"><span class='ocrx_word' id='word_1_88' title='bbox 154 1256 199 1293; x_wconf 92' lang='lat' dir='ltr'>sus</span> <span class='ocrx_word' id='word_1_89' title='bbox 221 1239 347 1291; x_wconf 88' lang='lat' dir='ltr'>damnum</span> <span class='ocrx_word' id='word_1_90' title='bbox 372 1234 490 1288; x_wconf 82' lang='lat' dir='ltr'>afferunt</span> <span class='ocrx_word' id='word_1_91' title='bbox 514 1229 635 1299; x_wconf 86' lang='lat' dir='ltr'>ejusdem</span> <span class='ocrx_word' id='word_1_92' title='bbox 660 1229 786 1292; x_wconf 81' lang='lat' dir='ltr'>virtutis,</span> <span class='ocrx_word' id='word_1_93' title='bbox 814 1228 928 1300; x_wconf 86' lang='lat' dir='ltr'>ejusque</span> <span class='ocrx_word' id='word_1_94' title='bbox 953 1231 1099 1287; x_wconf 88' lang='lat' dir='ltr'>maximae.</span> <span class='ocrx_word' id='word_1_95' title='bbox 1141 1236 1182 1286; x_wconf 79' lang='lat' dir='ltr'>At</span> <span class='ocrx_word' id='word_1_96' title='bbox 1207 1234 1356 1307; x_wconf 86' lang='lat' dir='ltr'>digressus</span> <span class='ocrx_word' id='word_1_97' title='bbox 1374 1237 1478 1291; x_wconf 83' lang='lat' dir='ltr'>Luuses</span> 
     </span>
     <span class='ocr_line' id='line_1_12' title="bbox 153 1310 1478 1383; baseline -0.001 -10"><span class='ocrx_word' id='word_1_98' title='bbox 153 1318 286 1373; x_wconf 88' lang='lat' dir='ltr'>diametro</span> <span class='ocrx_word' id='word_1_99' title='bbox 308 1314 386 1369; x_wconf 90' lang='lat' dir='ltr'>initio</span> <span class='ocrx_word' id='word_1_100' title='bbox 407 1328 510 1383; x_wconf 82' lang='lat' dir='ltr'>parvae</span> <span class='ocrx_word' id='word_1_101' title='bbox 532 1310 641 1364; x_wconf 81' lang='lat' dir='ltr'>virtutis</span> <span class='ocrx_word' id='word_1_102' title='bbox 661 1326 775 1381; x_wconf 83' lang='lat' dir='ltr'>parrum</span> <span class='ocrx_word' id='word_1_103' title='bbox 795 1310 876 1362; x_wconf 84' lang='lat' dir='ltr'>all&#39;ert</span> <span class='ocrx_word' id='word_1_104' title='bbox 889 1310 1024 1373; x_wconf 82' lang='lat' dir='ltr'>damnum.</span> <span class='ocrx_word' id='word_1_105' title='bbox 1046 1312 1112 1382; x_wconf 90' lang='lat' dir='ltr'>quia</span> <span class='ocrx_word' id='word_1_106' title='bbox 1131 1312 1274 1368; x_wconf 84' lang='lat' dir='ltr'>diameter</span> <span class='ocrx_word' id='word_1_107' title='bbox 1294 1333 1349 1371; x_wconf 90' lang='lat' dir='ltr'>non</span> <span class='ocrx_word' id='word_1_108' title='bbox 1368 1326 1412 1371; x_wconf 90' lang='lat' dir='ltr'>est</span> <span class='ocrx_word' id='word_1_109' title='bbox 1428 1318 1478 1371; x_wconf 69' lang='lat' dir='ltr'>snt</span> 
     </span>
     <span class='ocr_line' id='line_1_13' title="bbox 153 1390 1478 1471; baseline 0 -19"><span class='ocrx_word' id='word_1_110' title='bbox 153 1417 205 1471; x_wconf 93' lang='lat' dir='ltr'>que</span> <span class='ocrx_word' id='word_1_111' title='bbox 227 1397 382 1468; x_wconf 91' lang='lat' dir='ltr'>aequaliter</span> <span class='ocrx_word' id='word_1_112' title='bbox 402 1393 538 1453; x_wconf 82' lang='lat' dir='ltr'>virtuosa,</span> <span class='ocrx_word' id='word_1_113' title='bbox 560 1391 607 1444; x_wconf 90' lang='lat' dir='ltr'>sed</span> <span class='ocrx_word' id='word_1_114' title='bbox 630 1392 655 1443; x_wconf 94' lang='lat' dir='ltr'>in</span> <span class='ocrx_word' id='word_1_115' title='bbox 677 1397 771 1442; x_wconf 85' lang='lat' dir='ltr'>centro</span> <span class='ocrx_word' id='word_1_116' title='bbox 792 1390 894 1444; x_wconf 82' lang='lat' dir='ltr'>Terrae</span> <span class='ocrx_word' id='word_1_117' title='bbox 914 1390 1120 1449; x_wconf 79' lang='lat' dir='ltr'>virtuosissima.</span> <span class='ocrx_word' id='word_1_118' title='bbox 1164 1393 1234 1448; x_wconf 87' lang='lat' dir='ltr'>inde</span> <span class='ocrx_word' id='word_1_119' title='bbox 1256 1396 1347 1468; x_wconf 88' lang='lat' dir='ltr'>magis</span> <span class='ocrx_word' id='word_1_120' title='bbox 1368 1396 1478 1470; x_wconf 58' lang='lat' dir='ltr'>magus!</span> 
     </span>
     <span class='ocr_line' id='line_1_14' title="bbox 153 1470 1477 1551; baseline 0.003 -20"><span class='ocrx_word' id='word_1_121' title='bbox 153 1487 274 1551; x_wconf 90' lang='lat' dir='ltr'>augetur</span> <span class='ocrx_word' id='word_1_122' title='bbox 294 1478 437 1536; x_wconf 88' lang='lat' dir='ltr'>damnum,</span> <span class='ocrx_word' id='word_1_123' title='bbox 466 1481 562 1542; x_wconf 89' lang='lat' dir='ltr'>estque</span> <span class='ocrx_word' id='word_1_124' title='bbox 591 1472 617 1524; x_wconf 90' lang='lat' dir='ltr'>in</span> <span class='ocrx_word' id='word_1_125' title='bbox 639 1470 813 1542; x_wconf 87' lang='lat' dir='ltr'>quadraturis</span> <span class='ocrx_word' id='word_1_126' title='bbox 838 1470 1002 1533; x_wconf 82' lang='lat' dir='ltr'>maximum,</span> <span class='ocrx_word' id='word_1_127' title='bbox 1028 1472 1137 1525; x_wconf 79' lang='lat' dir='ltr'>virtutis</span> <span class='ocrx_word' id='word_1_128' title='bbox 1159 1474 1311 1533; x_wconf 84' lang='lat' dir='ltr'>maximae.</span> <span class='ocrx_word' id='word_1_129' title='bbox 1355 1477 1418 1533; x_wconf 78' lang='lat' dir='ltr'>Can</span> <span class='ocrx_word' id='word_1_130' title='bbox 1435 1492 1477 1548; x_wconf 73' lang='grc' dir='ltr'><strong>ιιιι</strong></span> 
     </span>
     <span class='ocr_line' id='line_1_15' title="bbox 151 1550 1477 1632; baseline 0 -19"><span class='ocrx_word' id='word_1_131' title='bbox 151 1560 262 1632; x_wconf 89' lang='lat' dir='ltr'>longior</span> <span class='ocrx_word' id='word_1_132' title='bbox 281 1557 319 1611; x_wconf 87' lang='lat' dir='ltr'>ait</span> <span class='ocrx_word' id='word_1_133' title='bbox 339 1555 444 1609; x_wconf 89' lang='lat' dir='ltr'>sinuum</span> <span class='ocrx_word' id='word_1_134' title='bbox 466 1552 575 1606; x_wconf 89' lang='lat' dir='ltr'>dimidia</span> <span class='ocrx_word' id='word_1_135' title='bbox 597 1568 673 1621; x_wconf 84' lang='lat' dir='ltr'>pars,</span> <span class='ocrx_word' id='word_1_136' title='bbox 696 1566 776 1622; x_wconf 86' lang='lat' dir='ltr'>quarn</span> <span class='ocrx_word' id='word_1_137' title='bbox 797 1550 904 1621; x_wconf 88' lang='lat' dir='ltr'>reliqua</span> <span class='ocrx_word' id='word_1_138' title='bbox 924 1551 1043 1614; x_wconf 73' lang='lat' dir='ltr'>brevior,</span> <span class='ocrx_word' id='word_1_139' title='bbox 1073 1553 1163 1606; x_wconf 90' lang='lat' dir='ltr'>adbuo</span> <span class='ocrx_word' id='word_1_140' title='bbox 1182 1556 1274 1609; x_wconf 89' lang='lat' dir='ltr'>multo</span> <span class='ocrx_word' id='word_1_141' title='bbox 1296 1557 1387 1628; x_wconf 89' lang='lat' dir='ltr'>magis</span> <span class='ocrx_word' id='word_1_142' title='bbox 1408 1556 1477 1611; x_wconf 69' lang='lat' dir='ltr'>ellat</span> 
     </span>
     <span class='ocr_line' id='line_1_16' title="bbox 152 1628 1475 1708; baseline -0.002 -14"><span class='ocrx_word' id='word_1_143' title='bbox 152 1648 292 1694; x_wconf 83' lang='lat' dir='ltr'>natantum</span> <span class='ocrx_word' id='word_1_144' title='bbox 313 1633 516 1705; x_wconf 87' lang='lat' dir='ltr'>inaequalitas,</span> <span class='ocrx_word' id='word_1_145' title='bbox 544 1648 624 1703; x_wconf 93' lang='lat' dir='ltr'>quam</span> <span class='ocrx_word' id='word_1_146' title='bbox 649 1630 734 1701; x_wconf 92' lang='lat' dir='ltr'>prius.</span> <span class='ocrx_word' id='word_1_147' title='bbox 776 1628 844 1683; x_wconf 80' lang='lat' dir='ltr'>t’tnt</span> <span class='ocrx_word' id='word_1_148' title='bbox 868 1630 924 1693; x_wconf 87' lang='lat' dir='ltr'>sit,</span> <span class='ocrx_word' id='word_1_149' title='bbox 951 1638 1072 1685; x_wconf 85' lang='lat' dir='ltr'>testatur</span> <span class='ocrx_word' id='word_1_150' title='bbox 1098 1636 1279 1702; x_wconf 81' lang='lat' dir='ltr'>experienfra</span> <span class='ocrx_word' id='word_1_151' title='bbox 1300 1637 1475 1708; x_wconf 78' lang='lat' dir='ltr'>inaequalitati</span> 
     </span>
     <span class='ocr_line' id='line_1_17' title="bbox 151 1705 1475 1789; baseline -0.002 -15"><span class='ocrx_word' id='word_1_152' title='bbox 151 1728 291 1774; x_wconf 83' lang='lat' dir='ltr'>natantum</span> <span class='ocrx_word' id='word_1_153' title='bbox 314 1714 523 1787; x_wconf 70' lang='lat' dir='ltr'>aggerationem</span> <span class='ocrx_word' id='word_1_154' title='bbox 544 1729 630 1782; x_wconf 91' lang='lat' dir='ltr'>usque</span> <span class='ocrx_word' id='word_1_155' title='bbox 651 1711 678 1764; x_wconf 94' lang='lat' dir='ltr'>in</span> <span class='ocrx_word' id='word_1_156' title='bbox 699 1712 882 1781; x_wconf 87' lang='lat' dir='ltr'>quadraturas</span> <span class='ocrx_word' id='word_1_157' title='bbox 904 1710 1011 1764; x_wconf 80' lang='lat' dir='ltr'>efficere</span> <span class='ocrx_word' id='word_1_158' title='bbox 1033 1705 1066 1767; x_wconf 73' lang='grc' dir='ltr'>2ο</span> <span class='ocrx_word' id='word_1_159' title='bbox 1088 1706 1151 1776; x_wconf 75' lang='lat'>29&#39;,</span> <span class='ocrx_word' id='word_1_160' title='bbox 1172 1716 1262 1785; x_wconf 91' lang='lat' dir='ltr'>plane</span> <span class='ocrx_word' id='word_1_161' title='bbox 1283 1724 1318 1771; x_wconf 85' lang='lat' dir='ltr'>ut</span> <span class='ocrx_word' id='word_1_162' title='bbox 1339 1726 1369 1770; x_wconf 89' lang='lat' dir='ltr'>et</span> <span class='ocrx_word' id='word_1_163' title='bbox 1388 1733 1475 1789; x_wconf 74' lang='lat' dir='ltr'>aggere</span> 
     </span>
     <span class='ocr_line' id='line_1_18' title="bbox 150 1788 1475 1867; baseline -0.003 -14"><span class='ocrx_word' id='word_1_164' title='bbox 150 1800 251 1854; x_wconf 90' lang='lat' dir='ltr'>tionem</span> <span class='ocrx_word' id='word_1_165' title='bbox 272 1793 479 1866; x_wconf 87' lang='lat' dir='ltr'>inaequalitatis</span> <span class='ocrx_word' id='word_1_166' title='bbox 501 1790 671 1863; x_wconf 87' lang='lat' dir='ltr'>aequationis</span> <span class='ocrx_word' id='word_1_167' title='bbox 697 1791 725 1843; x_wconf 93' lang='lat' dir='ltr'>in</span> <span class='ocrx_word' id='word_1_168' title='bbox 746 1790 812 1861; x_wconf 89' lang='lat' dir='ltr'>ipsis</span> <span class='ocrx_word' id='word_1_169' title='bbox 833 1791 1016 1861; x_wconf 87' lang='lat' dir='ltr'>quadraturis.</span> <span class='ocrx_word' id='word_1_170' title='bbox 1048 1792 1149 1854; x_wconf 87' lang='lat' dir='ltr'>Quodsi</span> <span class='ocrx_word' id='word_1_171' title='bbox 1171 1802 1251 1849; x_wconf 90' lang='lat' dir='ltr'>esset</span> <span class='ocrx_word' id='word_1_172' title='bbox 1270 1788 1421 1867; x_wconf 80' lang='lat' dir='ltr'>proportio,</span> <span class='ocrx_word' id='word_1_173' title='bbox 1436 1798 1475 1867; x_wconf 83' lang='lat' dir='ltr'>qs&#39;a</span> 
     </span>
     <span class='ocr_line' id='line_1_19' title="bbox 151 1871 1474 1948; baseline 0 -16"><span class='ocrx_word' id='word_1_174' title='bbox 151 1894 281 1934; x_wconf 79' lang='lat' dir='ltr'>excessus</span> <span class='ocrx_word' id='word_1_175' title='bbox 303 1874 494 1929; x_wconf 85' lang='lat' dir='ltr'>distantiarum</span> <span class='ocrx_word' id='word_1_176' title='bbox 515 1873 543 1925; x_wconf 90' lang='lat' dir='ltr'>in</span> <span class='ocrx_word' id='word_1_177' title='bbox 564 1872 696 1926; x_wconf 88' lang='lat' dir='ltr'>diametro</span> <span class='ocrx_word' id='word_1_178' title='bbox 718 1871 842 1940; x_wconf 89' lang='lat' dir='ltr'>simplum</span> <span class='ocrx_word' id='word_1_179' title='bbox 864 1872 945 1925; x_wconf 81' lang='lat' dir='ltr'>allert</span> <span class='ocrx_word' id='word_1_180' title='bbox 965 1872 1107 1936; x_wconf 82' lang='lat' dir='ltr'>damnum,</span> <span class='ocrx_word' id='word_1_181' title='bbox 1136 1872 1164 1927; x_wconf 93' lang='lat' dir='ltr'>in</span> <span class='ocrx_word' id='word_1_182' title='bbox 1184 1878 1368 1946; x_wconf 84' lang='lat' dir='ltr'>quadraturis</span> <span class='ocrx_word' id='word_1_183' title='bbox 1388 1879 1474 1948; x_wconf 81' lang='lat' dir='ltr'>duplua</span> 
     </span>
     <span class='ocr_line' id='line_1_20' title="bbox 150 1944 1474 2029; baseline -0.003 -16"><span class='ocrx_word' id='word_1_184' title='bbox 150 1958 259 2013; x_wconf 78' lang='lat' dir='ltr'>uirtutis</span> <span class='ocrx_word' id='word_1_185' title='bbox 282 1955 367 2027; x_wconf 89' lang='lat' dir='ltr'>igitur</span> <span class='ocrx_word' id='word_1_186' title='bbox 387 1954 415 2007; x_wconf 93' lang='lat' dir='ltr'>in</span> <span class='ocrx_word' id='word_1_187' title='bbox 443 1953 575 2006; x_wconf 88' lang='lat' dir='ltr'>diametro</span> <span class='ocrx_word' id='word_1_188' title='bbox 598 1949 696 2021; x_wconf 90' lang='lat' dir='ltr'>(supra</span> <span class='ocrx_word' id='word_1_189' title='bbox 717 1952 762 2005; x_wconf 93' lang='lat' dir='ltr'>ubi</span> <span class='ocrx_word' id='word_1_190' title='bbox 782 1952 863 2005; x_wconf 88' lang='lat' dir='ltr'>Luna</span> <span class='ocrx_word' id='word_1_191' title='bbox 884 1944 997 2019; x_wconf 89' lang='lat' dir='ltr'>transit)</span> <span class='ocrx_word' id='word_1_192' title='bbox 1028 1952 1113 2022; x_wconf 88' lang='lat' dir='ltr'>dupla</span> <span class='ocrx_word' id='word_1_193' title='bbox 1128 1962 1215 2021; x_wconf 85' lang='lat' dir='ltr'>¹esset</span> <span class='ocrx_word' id='word_1_194' title='bbox 1241 1956 1357 2011; x_wconf 81' lang='lat' dir='ltr'>virtutis</span> <span class='ocrx_word' id='word_1_195' title='bbox 1382 1956 1474 2029; x_wconf 85' lang='lat' dir='ltr'>quse&#39;u</span> 
     </span>
     <span class='ocr_line' id='line_1_21' title="bbox 151 2030 1429 2111; baseline 0 -18"><span class='ocrx_word' id='word_1_196' title='bbox 151 2037 333 2111; x_wconf 83' lang='lat' dir='ltr'>quadraturis,</span> <span class='ocrx_word' id='word_1_197' title='bbox 355 2035 435 2088; x_wconf 90' lang='lat' dir='ltr'>Luna</span> <span class='ocrx_word' id='word_1_198' title='bbox 456 2033 541 2105; x_wconf 90' lang='lat' dir='ltr'>igitur</span> <span class='ocrx_word' id='word_1_199' title='bbox 561 2033 645 2103; x_wconf 92' lang='lat' dir='ltr'>duplo</span> <span class='ocrx_word' id='word_1_200' title='bbox 666 2031 780 2084; x_wconf 84' lang='lat' dir='ltr'>celerior</span> <span class='ocrx_word' id='word_1_201' title='bbox 801 2030 828 2084; x_wconf 93' lang='lat' dir='ltr'>in</span> <span class='ocrx_word' id='word_1_202' title='bbox 849 2030 981 2085; x_wconf 90' lang='lat' dir='ltr'>diametro</span> <span class='ocrx_word' id='word_1_203' title='bbox 1003 2048 1083 2102; x_wconf 88' lang='lat' dir='ltr'>quam</span> <span class='ocrx_word' id='word_1_204' title='bbox 1104 2033 1131 2086; x_wconf 92' lang='lat' dir='ltr'>in</span> <span class='ocrx_word' id='word_1_205' title='bbox 1154 2036 1336 2104; x_wconf 88' lang='lat' dir='ltr'>quadraturis</span> <span class='ocrx_word' id='word_1_206' title='bbox 1358 2039 1429 2093; x_wconf 79' lang='lat' dir='ltr'>soret</span> 
     </span>
    </p>

    <p class='ocr_par' dir='ltr' id='par_1_6' title="bbox 149 2109 1475 2577">
     <span class='ocr_line' id='line_1_22' title="bbox 239 2109 1475 2188; baseline 0.002 -16"><span class='ocrx_word' id='word_1_207' title='bbox 239 2120 340 2173; x_wconf 90' lang='lat' dir='ltr'>lterum</span> <span class='ocrx_word' id='word_1_208' title='bbox 369 2116 404 2170; x_wconf 86' lang='lat' dir='ltr'>ab</span> <span class='ocrx_word' id='word_1_209' title='bbox 430 2116 481 2168; x_wconf 90' lang='lat' dir='ltr'>hoo</span> <span class='ocrx_word' id='word_1_210' title='bbox 507 2112 616 2176; x_wconf 83' lang='lat' dir='ltr'>exorsi,</span> <span class='ocrx_word' id='word_1_211' title='bbox 646 2111 887 2182; x_wconf 91' lang='lat' dir='ltr'>retrogrediamur.</span> <span class='ocrx_word' id='word_1_212' title='bbox 929 2109 1000 2173; x_wconf 87' lang='lat' dir='ltr'>Quia</span> <span class='ocrx_word' id='word_1_213' title='bbox 1029 2120 1170 2168; x_wconf 92' lang='lat' dir='ltr'>testantur</span> <span class='ocrx_word' id='word_1_214' title='bbox 1199 2124 1351 2181; x_wconf 82' lang='lat' dir='ltr'>ostentes,</span> <span class='ocrx_word' id='word_1_215' title='bbox 1382 2126 1475 2188; x_wconf 75' lang='grc' dir='ltr'><strong>ιιιιιριιι</strong></span> 
     </span>
     <span class='ocr_line' id='line_1_23' title="bbox 151 2188 1475 2269; baseline -0.002 -16"><span class='ocrx_word' id='word_1_216' title='bbox 151 2197 293 2269; x_wconf 84' lang='lat' dir='ltr'>punctalia</span> <span class='ocrx_word' id='word_1_217' title='bbox 314 2191 362 2265; x_wconf 76' lang='lat' dir='ltr'>(l)</span> <span class='ocrx_word' id='word_1_218' title='bbox 389 2195 617 2264; x_wconf 90' lang='lat' dir='ltr'>quadraturarum</span> <span class='ocrx_word' id='word_1_219' title='bbox 647 2193 680 2244; x_wconf 92' lang='lat' dir='ltr'>ad</span> <span class='ocrx_word' id='word_1_220' title='bbox 711 2191 887 2246; x_wconf 89' lang='lat' dir='ltr'>diametralia</span> <span class='ocrx_word' id='word_1_221' title='bbox 914 2208 974 2244; x_wconf 88' lang='lat' dir='ltr'>esse</span> <span class='ocrx_word' id='word_1_222' title='bbox 1001 2198 1033 2246; x_wconf 93' lang='lat' dir='ltr'>ut</span> <span class='ocrx_word' id='word_1_223' title='bbox 1057 2188 1105 2248; x_wconf 81' lang='lat'>61‘</span> <span class='ocrx_word' id='word_1_224' title='bbox 1127 2190 1187 2247; x_wconf 87' lang='grc'>40”</span> <span class='ocrx_word' id='word_1_225' title='bbox 1208 2197 1246 2249; x_wconf 91' lang='lat' dir='ltr'>ad</span> <span class='ocrx_word' id='word_1_226' title='bbox 1268 2194 1320 2252; x_wconf 83' lang='lat'>60¹</span> <span class='ocrx_word' id='word_1_227' title='bbox 1325 2240 1333 2261; x_wconf 83' lang='lat'>,</span> <span class='ocrx_word' id='word_1_228' title='bbox 1364 2205 1475 2255; x_wconf 74' lang='lat' dir='ltr'>statmo</span> 
     </span>
     <span class='ocr_line' id='line_1_24' title="bbox 150 2270 1474 2350; baseline 0.001 -16"><span class='ocrx_word' id='word_1_229' title='bbox 150 2281 234 2335; x_wconf 84' lang='lat' dir='ltr'>etiarn</span> <span class='ocrx_word' id='word_1_230' title='bbox 254 2278 312 2349; x_wconf 80' lang='lat' dir='ltr'>tale</span> <span class='ocrx_word' id='word_1_231' title='bbox 333 2278 458 2329; x_wconf 91' lang='lat' dir='ltr'>damnum</span> <span class='ocrx_word' id='word_1_232' title='bbox 479 2272 658 2345; x_wconf 91' lang='lat' dir='ltr'>aequationis,</span> <span class='ocrx_word' id='word_1_233' title='bbox 680 2271 786 2343; x_wconf 88' lang='lat' dir='ltr'>eritque</span> <span class='ocrx_word' id='word_1_234' title='bbox 808 2270 996 2325; x_wconf 85' lang='lat' dir='ltr'>ecoentrioitas</span> <span class='ocrx_word' id='word_1_235' title='bbox 1018 2271 1081 2343; x_wconf 93' lang='lat' dir='ltr'>ipsa</span> <span class='ocrx_word' id='word_1_236' title='bbox 1098 2273 1252 2331; x_wconf 80' lang='lat' dir='ltr'>variabilis.</span> <span class='ocrx_word' id='word_1_237' title='bbox 1284 2281 1326 2331; x_wconf 79' lang='lat' dir='ltr'>At</span> <span class='ocrx_word' id='word_1_238' title='bbox 1346 2279 1398 2333; x_wconf 83' lang='lat' dir='ltr'>boe</span> <span class='ocrx_word' id='word_1_239' title='bbox 1414 2278 1474 2350; x_wconf 70' lang='lat' dir='ltr'>lusis</span> 
     </span>
     <span class='ocr_line' id='line_1_25' title="bbox 150 2348 1473 2431; baseline 0.001 -18"><span class='ocrx_word' id='word_1_240' title='bbox 150 2359 247 2431; x_wconf 90' lang='lat' dir='ltr'>ltaque</span> <span class='ocrx_word' id='word_1_241' title='bbox 276 2348 425 2410; x_wconf 83' lang='lat' dir='ltr'>omittatur.</span> <span class='ocrx_word' id='word_1_242' title='bbox 468 2354 697 2407; x_wconf 86' lang='lat' dir='ltr'>Considerandum</span> <span class='ocrx_word' id='word_1_243' title='bbox 726 2351 837 2422; x_wconf 89' lang='lat' dir='ltr'>potius,</span> <span class='ocrx_word' id='word_1_244' title='bbox 869 2353 1000 2421; x_wconf 92' lang='lat' dir='ltr'>quomodo</span> <span class='ocrx_word' id='word_1_245' title='bbox 1030 2352 1119 2423; x_wconf 91' lang='lat' dir='ltr'>possit</span> <span class='ocrx_word' id='word_1_246' title='bbox 1148 2372 1263 2410; x_wconf 86' lang='lat' dir='ltr'>manere</span> <span class='ocrx_word' id='word_1_247' title='bbox 1288 2359 1389 2430; x_wconf 87' lang='lat' dir='ltr'>duplus</span> <span class='ocrx_word' id='word_1_248' title='bbox 1411 2366 1473 2412; x_wconf 82' lang='lat' dir='ltr'>usas</span> 
     </span>
     <span class='ocr_line' id='line_1_26' title="bbox 149 2431 1471 2506; baseline 0.004 -14"><span class='ocrx_word' id='word_1_249' title='bbox 149 2438 318 2494; x_wconf 80' lang='lat' dir='ltr'>diametralia</span> <span class='ocrx_word' id='word_1_250' title='bbox 340 2436 374 2489; x_wconf 91' lang='lat' dir='ltr'>ad</span> <span class='ocrx_word' id='word_1_251' title='bbox 396 2435 632 2506; x_wconf 87' lang='lat' dir='ltr'>quadraturalem‚</span> <span class='ocrx_word' id='word_1_252' title='bbox 655 2439 684 2486; x_wconf 89' lang='lat' dir='ltr'>et</span> <span class='ocrx_word' id='word_1_253' title='bbox 704 2438 797 2485; x_wconf 88' lang='lat' dir='ltr'>tamen</span> <span class='ocrx_word' id='word_1_254' title='bbox 818 2449 872 2485; x_wconf 92' lang='lat' dir='ltr'>non</span> <span class='ocrx_word' id='word_1_255' title='bbox 892 2431 951 2484; x_wconf 82' lang='lat' dir='ltr'>fleri</span> <span class='ocrx_word' id='word_1_256' title='bbox 971 2438 1055 2485; x_wconf 89' lang='lat' dir='ltr'>tanta</span> <span class='ocrx_word' id='word_1_257' title='bbox 1073 2435 1264 2506; x_wconf 72' lang='lat' dir='ltr'>exaggeratio</span> <span class='ocrx_word' id='word_1_258' title='bbox 1286 2437 1315 2493; x_wconf 90' lang='lat' dir='ltr'>in</span> <span class='ocrx_word' id='word_1_259' title='bbox 1338 2438 1471 2497; x_wconf 65' lang='lat' dir='ltr'>oetsath</span> 
     </span>
     <span class='ocr_line' id='line_1_27' title="bbox 149 2510 1112 2577; baseline -0.008 -3"><span class='ocrx_word' id='word_1_260' title='bbox 149 2526 182 2574; x_wconf 84' lang='lat' dir='ltr'>ut</span> <span class='ocrx_word' id='word_1_261' title='bbox 201 2520 225 2573; x_wconf 93' lang='lat' dir='ltr'>si</span> <span class='ocrx_word' id='word_1_262' title='bbox 245 2519 337 2572; x_wconf 88' lang='lat' dir='ltr'>subito</span> <span class='ocrx_word' id='word_1_263' title='bbox 360 2516 416 2569; x_wconf 85' lang='lat' dir='ltr'>illio</span> <span class='ocrx_word' id='word_1_264' title='bbox 436 2517 614 2577; x_wconf 80' lang='lat' dir='ltr'>decresceret,</span> <span class='ocrx_word' id='word_1_265' title='bbox 636 2513 681 2566; x_wconf 86' lang='lat' dir='ltr'>hio</span> <span class='ocrx_word' id='word_1_266' title='bbox 702 2517 846 2573; x_wconf 79' lang='lat' dir='ltr'>cresceret.</span> <span class='ocrx_word' id='word_1_267' title='bbox 868 2511 895 2564; x_wconf 92' lang='lat' dir='ltr'>in</span> <span class='ocrx_word' id='word_1_268' title='bbox 916 2510 1003 2565; x_wconf 89' lang='lat' dir='ltr'>medio</span> <span class='ocrx_word' id='word_1_269' title='bbox 1025 2514 1112 2567; x_wconf 89' lang='lat' dir='ltr'>tarde.</span> 
     </span>
    </p>

    <p class='ocr_par' dir='ltr' id='par_1_7' title="bbox 148 2592 1470 2989">
     <span class='ocr_line' id='line_1_28' title="bbox 237 2592 1470 2660; baseline -0.001 -9"><span class='ocrx_word' id='word_1_270' title='bbox 237 2598 297 2653; x_wconf 81' lang='lat' dir='ltr'>Hos</span> <span class='ocrx_word' id='word_1_271' title='bbox 318 2614 383 2649; x_wconf 82' lang='lat' dir='ltr'>vero</span> <span class='ocrx_word' id='word_1_272' title='bbox 404 2596 475 2649; x_wconf 89' lang='lat' dir='ltr'>unde</span> <span class='ocrx_word' id='word_1_273' title='bbox 501 2594 538 2647; x_wconf 92' lang='lat' dir='ltr'>sit</span> <span class='ocrx_word' id='word_1_274' title='bbox 565 2594 765 2653; x_wconf 83' lang='lat' dir='ltr'>deducendum.</span> <span class='ocrx_word' id='word_1_275' title='bbox 792 2608 846 2644; x_wconf 92' lang='lat' dir='ltr'>non</span> <span class='ocrx_word' id='word_1_276' title='bbox 871 2598 916 2644; x_wconf 90' lang='lat' dir='ltr'>est</span> <span class='ocrx_word' id='word_1_277' title='bbox 944 2592 971 2644; x_wconf 90' lang='lat' dir='ltr'>in</span> <span class='ocrx_word' id='word_1_278' title='bbox 996 2599 1114 2660; x_wconf 88' lang='lat' dir='ltr'>promtu.</span> <span class='ocrx_word' id='word_1_279' title='bbox 1155 2592 1185 2648; x_wconf 90' lang='lat' dir='ltr'>Si</span> <span class='ocrx_word' id='word_1_280' title='bbox 1216 2603 1295 2652; x_wconf 92' lang='lat' dir='ltr'>esset</span> <span class='ocrx_word' id='word_1_281' title='bbox 1324 2599 1369 2653; x_wconf 83' lang='lat' dir='ltr'>rel</span> <span class='ocrx_word' id='word_1_282' title='bbox 1394 2599 1470 2653; x_wconf 79' lang='lat' dir='ltr'>rsletet</span> 
     </span>
     <span class='ocr_line' id='line_1_29' title="bbox 148 2664 1470 2751; baseline -0.001 -19"><span class='ocrx_word' id='word_1_283' title='bbox 148 2664 252 2751; x_wconf 84' lang='lat' dir='ltr'>gradus</span> <span class='ocrx_word' id='word_1_284' title='bbox 279 2678 306 2731; x_wconf 93' lang='lat' dir='ltr'>in</span> <span class='ocrx_word' id='word_1_285' title='bbox 332 2677 464 2729; x_wconf 89' lang='lat' dir='ltr'>diametro</span> <span class='ocrx_word' id='word_1_286' title='bbox 490 2681 615 2745; x_wconf 89' lang='lat' dir='ltr'>tempora</span> <span class='ocrx_word' id='word_1_287' title='bbox 640 2669 689 2727; x_wconf 75' lang='lat'>40¹</span> <span class='ocrx_word' id='word_1_288' title='bbox 714 2679 744 2724; x_wconf 92' lang='lat' dir='ltr'>et</span> <span class='ocrx_word' id='word_1_289' title='bbox 773 2671 800 2725; x_wconf 92' lang='lat' dir='ltr'>in</span> <span class='ocrx_word' id='word_1_290' title='bbox 830 2672 963 2742; x_wconf 88' lang='lat' dir='ltr'>quadrato</span> <span class='ocrx_word' id='word_1_291' title='bbox 993 2664 1023 2726; x_wconf 88' lang='lat'>1⁰</span> <span class='ocrx_word' id='word_1_292' title='bbox 1045 2666 1104 2735; x_wconf 82' lang='lat'>20¹,</span> <span class='ocrx_word' id='word_1_293' title='bbox 1135 2684 1317 2747; x_wconf 86' lang='lat' dir='ltr'>augmentum</span> <span class='ocrx_word' id='word_1_294' title='bbox 1349 2685 1418 2733; x_wconf 86' lang='lat' dir='ltr'>esset</span> <span class='ocrx_word' id='word_1_295' title='bbox 1437 2668 1470 2731; x_wconf 76' lang='grc'><strong>46</strong></span> 
     </span>
     <span class='ocr_line' id='line_1_30' title="bbox 149 2746 1469 2832; baseline -0.002 -17"><span class='ocrx_word' id='word_1_296' title='bbox 149 2758 299 2832; x_wconf 88' lang='lat' dir='ltr'>nonagies;</span> <span class='ocrx_word' id='word_1_297' title='bbox 321 2756 344 2810; x_wconf 95' lang='lat' dir='ltr'>si</span> <span class='ocrx_word' id='word_1_298' title='bbox 364 2756 452 2810; x_wconf 89' lang='lat' dir='ltr'>utaris</span> <span class='ocrx_word' id='word_1_299' title='bbox 473 2753 667 2826; x_wconf 86' lang='lat' dir='ltr'>progressione</span> <span class='ocrx_word' id='word_1_300' title='bbox 688 2750 870 2813; x_wconf 86' lang='lat' dir='ltr'>arithmetica,</span> <span class='ocrx_word' id='word_1_301' title='bbox 892 2757 924 2805; x_wconf 92' lang='lat' dir='ltr'>ut</span> <span class='ocrx_word' id='word_1_302' title='bbox 944 2749 1044 2822; x_wconf 89' lang='lat' dir='ltr'>gradui</span> <span class='ocrx_word' id='word_1_303' title='bbox 1064 2752 1110 2806; x_wconf 93' lang='lat' dir='ltr'>uni</span> <span class='ocrx_word' id='word_1_304' title='bbox 1132 2748 1299 2821; x_wconf 88' lang='lat' dir='ltr'>(distantiae</span> <span class='ocrx_word' id='word_1_305' title='bbox 1322 2746 1469 2823; x_wconf 80' lang='lat' dir='ltr'>sdisneusl</span> 
     </span>
     <span class='ocr_line' id='line_1_31' title="bbox 148 2826 1468 2910; baseline 0.001 -17"><span class='ocrx_word' id='word_1_306' title='bbox 148 2840 301 2895; x_wconf 89' lang='lat' dir='ltr'>debeantur</span> <span class='ocrx_word' id='word_1_307' title='bbox 325 2833 348 2899; x_wconf 86' lang='lat' dir='ltr'>l,</span> <span class='ocrx_word' id='word_1_308' title='bbox 371 2844 401 2889; x_wconf 90' lang='lat' dir='ltr'>et</span> <span class='ocrx_word' id='word_1_309' title='bbox 420 2835 519 2907; x_wconf 73' lang='lat' dir='ltr'>gradun</span> <span class='ocrx_word' id='word_1_310' title='bbox 540 2829 579 2888; x_wconf 84' lang='lat'>89</span> <span class='ocrx_word' id='word_1_311' title='bbox 600 2834 754 2886; x_wconf 86' lang='lat' dir='ltr'>debeantur</span> <span class='ocrx_word' id='word_1_312' title='bbox 773 2826 820 2894; x_wconf 80' lang='lat'>79,</span> <span class='ocrx_word' id='word_1_313' title='bbox 842 2830 1037 2884; x_wconf 82' lang='lat' dir='ltr'>incrementum</span> <span class='ocrx_word' id='word_1_314' title='bbox 1057 2832 1112 2886; x_wconf 90' lang='lat' dir='ltr'>erit</span> <span class='ocrx_word' id='word_1_315' title='bbox 1131 2833 1258 2892; x_wconf 88' lang='lat' dir='ltr'>immane.</span> <span class='ocrx_word' id='word_1_316' title='bbox 1296 2838 1347 2895; x_wconf 83' lang='lat' dir='ltr'>sin</span> <span class='ocrx_word' id='word_1_317' title='bbox 1366 2840 1408 2893; x_wconf 81' lang='lat' dir='ltr'>des</span> <span class='ocrx_word' id='word_1_318' title='bbox 1424 2848 1468 2910; x_wconf 65' lang='lat' dir='ltr'>gt}</span> 
     </span>
     <span class='ocr_line' id='line_1_32' title="bbox 148 2911 1072 2989; baseline -0.003 -16"><span class='ocrx_word' id='word_1_319' title='bbox 148 2920 226 2973; x_wconf 89' lang='lat' dir='ltr'>dibus</span> <span class='ocrx_word' id='word_1_320' title='bbox 248 2916 364 2989; x_wconf 89' lang='lat' dir='ltr'>singulis</span> <span class='ocrx_word' id='word_1_321' title='bbox 387 2913 437 2978; x_wconf 90' lang='grc'>40,</span> <span class='ocrx_word' id='word_1_322' title='bbox 460 2915 488 2969; x_wconf 84' lang='grc' dir='ltr'><strong>ἰιι</strong></span> <span class='ocrx_word' id='word_1_323' title='bbox 509 2913 665 2968; x_wconf 83' lang='lat' dir='ltr'>octantibus</span> <span class='ocrx_word' id='word_1_324' title='bbox 687 2917 864 2984; x_wconf 85' lang='lat' dir='ltr'>augmentum</span> <span class='ocrx_word' id='word_1_325' title='bbox 886 2911 990 2965; x_wconf 81' lang='lat' dir='ltr'>nullum</span> <span class='ocrx_word' id='word_1_326' title='bbox 1011 2911 1072 2966; x_wconf 77' lang='lat' dir='ltr'>erii-</span> 
     </span>
    </p>

    <p class='ocr_par' dir='ltr' id='par_1_8' title="bbox 147 2990 1517 3390">
     <span class='ocr_line' id='line_1_33' title="bbox 236 2990 1468 3070; baseline -0.004 -18"><span class='ocrx_word' id='word_1_327' title='bbox 236 2998 283 3053; x_wconf 88' lang='lat' dir='ltr'>Sin</span> <span class='ocrx_word' id='word_1_328' title='bbox 304 3013 353 3067; x_wconf 90' lang='lat' dir='ltr'>per</span> <span class='ocrx_word' id='word_1_329' title='bbox 377 2996 452 3049; x_wconf 84' lang='lat' dir='ltr'>sinus</span> <span class='ocrx_word' id='word_1_330' title='bbox 478 3012 496 3049; x_wconf 87' lang='lat' dir='ltr'>a</span> <span class='ocrx_word' id='word_1_331' title='bbox 521 2992 652 3064; x_wconf 87' lang='lat' dir='ltr'>principio</span> <span class='ocrx_word' id='word_1_332' title='bbox 678 2991 833 3064; x_wconf 89' lang='lat' dir='ltr'>digrediens</span> <span class='ocrx_word' id='word_1_333' title='bbox 862 3007 880 3044; x_wconf 89' lang='lat' dir='ltr'>a</span> <span class='ocrx_word' id='word_1_334' title='bbox 905 2990 1036 3047; x_wconf 88' lang='lat' dir='ltr'>diametro</span> <span class='ocrx_word' id='word_1_335' title='bbox 1062 2998 1136 3046; x_wconf 89' lang='lat' dir='ltr'>totos</span> <span class='ocrx_word' id='word_1_336' title='bbox 1160 2996 1305 3064; x_wconf 81' lang='lat' dir='ltr'>opereris,</span> <span class='ocrx_word' id='word_1_337' title='bbox 1338 3000 1398 3070; x_wconf 88' lang='lat' dir='ltr'>quid</span> <span class='ocrx_word' id='word_1_338' title='bbox 1421 2995 1468 3049; x_wconf 66' lang='lat' dir='ltr'>fit!</span> 
     </span>
     <span class='ocr_line' id='line_1_34' title="bbox 147 3067 1468 3146; baseline 0.001 -15"><span class='ocrx_word' id='word_1_339' title='bbox 147 3078 269 3131; x_wconf 88' lang='lat' dir='ltr'>Valeant</span> <span class='ocrx_word' id='word_1_340' title='bbox 289 3069 342 3130; x_wconf 74' lang='lat'>45⁰</span> <span class='ocrx_word' id='word_1_341' title='bbox 363 3075 465 3146; x_wconf 87' lang='lat' dir='ltr'>singuli</span> <span class='ocrx_word' id='word_1_342' title='bbox 487 3074 616 3143; x_wconf 91' lang='lat' dir='ltr'>temporis</span> <span class='ocrx_word' id='word_1_343' title='bbox 636 3069 692 3136; x_wconf 84' lang='lat' dir='ltr'>l0‘,</span> <span class='ocrx_word' id='word_1_344' title='bbox 715 3071 847 3125; x_wconf 85' lang='lat' dir='ltr'>valebunt</span> <span class='ocrx_word' id='word_1_345' title='bbox 868 3070 955 3142; x_wconf 89' lang='lat' dir='ltr'>igitur</span> <span class='ocrx_word' id='word_1_346' title='bbox 974 3070 1094 3127; x_wconf 80' lang='lat' dir='ltr'>universi</span> <span class='ocrx_word' id='word_1_347' title='bbox 1117 3067 1177 3129; x_wconf 81' lang='lat'>30⁰.</span> <span class='ocrx_word' id='word_1_348' title='bbox 1214 3076 1252 3130; x_wconf 89' lang='lat' dir='ltr'>Ut</span> <span class='ocrx_word' id='word_1_349' title='bbox 1271 3076 1296 3131; x_wconf 92' lang='lat' dir='ltr'>si</span> <span class='ocrx_word' id='word_1_350' title='bbox 1311 3078 1391 3135; x_wconf 86' lang='lat' dir='ltr'>Luna</span> <span class='ocrx_word' id='word_1_351' title='bbox 1407 3080 1468 3132; x_wconf 72' lang='lat' dir='ltr'>totu</span> 
     </span>
     <span class='ocr_line' id='line_1_35' title="bbox 148 3151 1517 3229; baseline 0.004 -18"><span class='ocrx_word' id='word_1_352' title='bbox 148 3161 326 3229; x_wconf 88' lang='lat' dir='ltr'>quadrantem</span> <span class='ocrx_word' id='word_1_353' title='bbox 347 3157 372 3209; x_wconf 91' lang='lat' dir='ltr'>in</span> <span class='ocrx_word' id='word_1_354' title='bbox 395 3157 496 3208; x_wconf 81' lang='lat' dir='ltr'>virtute</span> <span class='ocrx_word' id='word_1_355' title='bbox 518 3154 671 3207; x_wconf 90' lang='lat' dir='ltr'>diametrali</span> <span class='ocrx_word' id='word_1_356' title='bbox 691 3155 843 3212; x_wconf 81' lang='lat' dir='ltr'>conficeret,</span> <span class='ocrx_word' id='word_1_357' title='bbox 866 3168 926 3203; x_wconf 91' lang='lat' dir='ltr'>eum</span> <span class='ocrx_word' id='word_1_358' title='bbox 941 3151 1100 3206; x_wconf 83' lang='lat' dir='ltr'>absolveret</span> <span class='ocrx_word' id='word_1_359' title='bbox 1113 3156 1282 3225; x_wconf 82' lang='lat' dir='ltr'>temporibus</span> <span class='ocrx_word' id='word_1_360' title='bbox 1299 3154 1348 3214; x_wconf 89' lang='grc'>60.</span> <span class='ocrx_word' id='word_1_361' title='bbox 1376 3158 1468 3213; x_wconf 62' lang='grc' dir='ltr'><strong>Ῡιῐιᾱ</strong></span> <span class='ocrx_word' id='word_1_362' title='bbox 1515 3216 1517 3219; x_wconf 85' lang='grc'>,</span> 
     </span>
     <span class='ocr_line' id='line_1_36' title="bbox 147 3222 1517 3310; baseline 0.002 -19"><span class='ocrx_word' id='word_1_363' title='bbox 147 3237 232 3310; x_wconf 86' lang='lat' dir='ltr'>igitur</span> <span class='ocrx_word' id='word_1_364' title='bbox 253 3236 327 3290; x_wconf 87' lang='lat' dir='ltr'>sinus</span> <span class='ocrx_word' id='word_1_365' title='bbox 348 3232 467 3289; x_wconf 84' lang='lat' dir='ltr'>universi</span> <span class='ocrx_word' id='word_1_366' title='bbox 487 3232 634 3287; x_wconf 91' lang='lat' dir='ltr'>distantiae</span> <span class='ocrx_word' id='word_1_367' title='bbox 656 3222 682 3292; x_wconf 70' lang='lat' dir='ltr'>J&gt;</span> <span class='ocrx_word' id='word_1_368' title='bbox 706 3232 868 3286; x_wconf 87' lang='lat' dir='ltr'>adiametro</span> <span class='ocrx_word' id='word_1_369' title='bbox 884 3224 943 3286; x_wconf 79' lang='lat'>30⁰,</span> <span class='ocrx_word' id='word_1_370' title='bbox 966 3231 1028 3302; x_wconf 90' lang='lat' dir='ltr'>quid</span> <span class='ocrx_word' id='word_1_371' title='bbox 1043 3233 1177 3288; x_wconf 81' lang='lat' dir='ltr'>valebunt</span> <span class='ocrx_word' id='word_1_372' title='bbox 1191 3233 1229 3291; x_wconf 91' lang='grc'><strong>45</strong></span> <span class='ocrx_word' id='word_1_373' title='bbox 1244 3238 1388 3308; x_wconf 72' lang='lat' dir='ltr'>nqjorest</span> <span class='ocrx_word' id='word_1_374' title='bbox 1410 3237 1467 3292; x_wconf 71' lang='lat' dir='ltr'>Sis!</span> <span class='ocrx_word' id='word_1_375' title='bbox 1514 3238 1517 3247; x_wconf 79' lang='grc'><em>“</em></span> 
     </span>
     <span class='ocr_line' id='line_1_37' title="bbox 148 3306 1468 3390; baseline 0.009 -19"><span class='ocrx_word' id='word_1_376' title='bbox 148 3334 240 3371; x_wconf 91' lang='lat' dir='ltr'>omnes</span> <span class='ocrx_word' id='word_1_377' title='bbox 262 3323 326 3370; x_wconf 89' lang='lat' dir='ltr'>sunt</span> <span class='ocrx_word' id='word_1_378' title='bbox 346 3309 442 3377; x_wconf 49' lang='lat' dir='ltr'>urla,</span> <span class='ocrx_word' id='word_1_379' title='bbox 465 3314 539 3368; x_wconf 87' lang='lat' dir='ltr'>sinus</span> <span class='ocrx_word' id='word_1_380' title='bbox 561 3308 597 3365; x_wconf 90' lang='grc'><strong>45</strong></span> <span class='ocrx_word' id='word_1_381' title='bbox 613 3313 730 3366; x_wconf 88' lang='lat' dir='ltr'>minores</span> <span class='ocrx_word' id='word_1_382' title='bbox 754 3308 797 3373; x_wconf 82' lang='grc'>47,</span> <span class='ocrx_word' id='word_1_383' title='bbox 820 3310 937 3379; x_wconf 76' lang='lat' dir='ltr'>majores</span> <span class='ocrx_word' id='word_1_384' title='bbox 953 3306 1056 3373; x_wconf 58' lang='lat' dir='ltr'>lolia</span> <span class='ocrx_word' id='word_1_385' title='bbox 1078 3308 1163 3375; x_wconf 79' lang='lat' dir='ltr'>57’iso</span> <span class='ocrx_word' id='word_1_386' title='bbox 1179 3316 1228 3370; x_wconf 69' lang='grc'><strong>484</strong></span> <span class='ocrx_word' id='word_1_387' title='bbox 1244 3314 1291 3381; x_wconf 81' lang='grc'>30.</span> <span class='ocrx_word' id='word_1_388' title='bbox 1314 3310 1468 3390; x_wconf 65' lang='grc'><strong>(1110440444</strong></span> 
     </span>
    </p>

    <p class='ocr_par' dir='ltr' id='par_1_9' title="bbox 146 3390 1469 3553">
     <span class='ocr_line' id='line_1_38' title="bbox 235 3390 1468 3467; baseline 0.002 -16"><span class='ocrx_word' id='word_1_389' title='bbox 235 3396 371 3467; x_wconf 89' lang='lat' dir='ltr'>Sequetur</span> <span class='ocrx_word' id='word_1_390' title='bbox 390 3395 453 3448; x_wconf 88' lang='lat' dir='ltr'>hino</span> <span class='ocrx_word' id='word_1_391' title='bbox 473 3392 574 3447; x_wconf 90' lang='lat' dir='ltr'>diutius</span> <span class='ocrx_word' id='word_1_392' title='bbox 596 3392 700 3446; x_wconf 84' lang='lat' dir='ltr'>versari</span> <span class='ocrx_word' id='word_1_393' title='bbox 721 3394 825 3447; x_wconf 84' lang='lat' dir='ltr'>Lunam</span> <span class='ocrx_word' id='word_1_394' title='bbox 847 3390 873 3442; x_wconf 92' lang='lat' dir='ltr'>in</span> <span class='ocrx_word' id='word_1_395' title='bbox 895 3396 1006 3444; x_wconf 80' lang='lat' dir='ltr'>notante</span> <span class='ocrx_word' id='word_1_396' title='bbox 1027 3392 1194 3458; x_wconf 86' lang='lat' dir='ltr'>diametrali,</span> <span class='ocrx_word' id='word_1_397' title='bbox 1224 3396 1305 3467; x_wconf 82' lang='lat' dir='ltr'>eujus</span> <span class='ocrx_word' id='word_1_398' title='bbox 1333 3397 1468 3454; x_wconf 73' lang='lat' dir='ltr'>munnio·</span> 
     </span>
     <span class='ocr_line' id='line_1_39' title="bbox 146 3468 1469 3553; baseline 0.008 -29"><span class='ocrx_word' id='word_1_399' title='bbox 146 3492 240 3533; x_wconf 73' lang='lat' dir='ltr'>verum</span> <span class='ocrx_word' id='word_1_400' title='bbox 260 3484 312 3533; x_wconf 77' lang='lat' dir='ltr'>est.</span> <span class='ocrx_word' id='word_1_401' title='bbox 351 3474 390 3530; x_wconf 86' lang='lat' dir='ltr'>Et</span> <span class='ocrx_word' id='word_1_402' title='bbox 409 3491 480 3547; x_wconf 84' lang='lat' dir='ltr'>quae</span> <span class='ocrx_word' id='word_1_403' title='bbox 506 3472 587 3544; x_wconf 88' lang='lat' dir='ltr'>hujus</span> <span class='ocrx_word' id='word_1_404' title='bbox 616 3473 656 3528; x_wconf 90' lang='lat' dir='ltr'>rei</span> <span class='ocrx_word' id='word_1_405' title='bbox 681 3490 766 3527; x_wconf 80' lang='lat' dir='ltr'>causa</span> <span class='ocrx_word' id='word_1_406' title='bbox 792 3473 888 3523; x_wconf 78' lang='lat' dir='ltr'>esset?</span> <span class='ocrx_word' id='word_1_407' title='bbox 929 3469 1074 3525; x_wconf 86' lang='lat' dir='ltr'>Severinus</span> <span class='ocrx_word' id='word_1_408' title='bbox 1096 3473 1202 3544; x_wconf 88' lang='lat' dir='ltr'>quidem</span> <span class='ocrx_word' id='word_1_409' title='bbox 1225 3468 1469 3553; x_wconf 72' lang='lat' dir='ltr'>(longomontsnl</span> 
     </span>
    </p>

    <p class='ocr_par' dir='ltr' id='par_1_10' title="bbox 335 3549 1469 3708">
     <span class='ocr_line' id='line_1_40' title="bbox 335 3549 1469 3708; baseline 0.017 -32"><span class='ocrx_word' id='word_1_410' title='bbox 335 3578 338 3583; x_wconf 82' lang='grc'><strong>’</strong></span> <span class='ocrx_word' id='word_1_411' title='bbox 412 3585 509 3653; x_wconf 56' lang='lat' dir='ltr'>ttet-</span> <span class='ocrx_word' id='word_1_412' title='bbox 779 3549 1469 3708; x_wconf 59' lang='lat' dir='ltr'>lisVltlttlltlttttltl,trtit</span> 
     </span>
    </p>

    <p class='ocr_par' dir='ltr' id='par_1_11' title="bbox 776 3710 1471 3787">
     <span class='ocr_line' id='line_1_41' title="bbox 776 3710 1471 3787; baseline 0.014 -25"><span class='ocrx_word' id='word_1_413' title='bbox 776 3725 877 3779; x_wconf 84' lang='lat' dir='ltr'>parvos</span> <span class='ocrx_word' id='word_1_414' title='bbox 898 3710 1005 3764; x_wconf 83' lang='lat' dir='ltr'>crescit.</span> <span class='ocrx_word' id='word_1_415' title='bbox 1047 3712 1128 3767; x_wconf 81' lang='lat' dir='ltr'>Dixit</span> <span class='ocrx_word' id='word_1_416' title='bbox 1148 3715 1233 3779; x_wconf 88' lang='lat' dir='ltr'>enim,</span> <span class='ocrx_word' id='word_1_417' title='bbox 1256 3718 1279 3772; x_wconf 92' lang='lat' dir='ltr'>si</span> <span class='ocrx_word' id='word_1_418' title='bbox 1301 3720 1340 3774; x_wconf 92' lang='lat' dir='ltr'>sit</span> <span class='ocrx_word' id='word_1_419' title='bbox 1359 3742 1377 3774; x_wconf 82' lang='lat' dir='ltr'>a</span> <span class='ocrx_word' id='word_1_420' title='bbox 1392 3718 1471 3787; x_wconf 67' lang='lat' dir='ltr'>soly</span> 
     </span>
    </p>

    <p class='ocr_par' dir='ltr' id='par_1_12' title="bbox 749 3784 1470 3862">
     <span class='ocr_line' id='line_1_42' title="bbox 749 3784 1470 3862; baseline 0.024 -22"><span class='ocrx_word' id='word_1_421' title='bbox 749 3788 752 3793; x_wconf 87' lang='lat'>&#39;</span> <span class='ocrx_word' id='word_1_422' title='bbox 776 3788 864 3851; x_wconf 85' lang='lat' dir='ltr'>Luna,</span> <span class='ocrx_word' id='word_1_423' title='bbox 884 3788 903 3843; x_wconf 83' lang='lat' dir='ltr'>d</span> <span class='ocrx_word' id='word_1_424' title='bbox 920 3788 1016 3854; x_wconf 82' lang='lat' dir='ltr'>Terra,</span> <span class='ocrx_word' id='word_1_425' title='bbox 1036 3797 1097 3846; x_wconf 87' lang='lat' dir='ltr'>es&#39;se</span> <span class='ocrx_word' id='word_1_426' title='bbox 1109 3801 1128 3862; x_wconf 74' lang='grc' dir='ltr'>,ι</span> <span class='ocrx_word' id='word_1_427' title='bbox 1142 3804 1266 3852; x_wconf 83' lang='lat' dir='ltr'>‹sent-rum</span> <span class='ocrx_word' id='word_1_428' title='bbox 1280 3784 1470 3859; x_wconf 72' lang='lat' dir='ltr'>conuentrid).</span> 
     </span>
    </p>

    <p class='ocr_par' dir='ltr' id='par_1_13' title="bbox 777 3870 1471 3945">
     <span class='ocr_line' id='line_1_43' title="bbox 777 3870 1471 3945; baseline 0.023 -24"><span class='ocrx_word' id='word_1_429' title='bbox 777 3870 885 3939; x_wconf 85' lang='lat' dir='ltr'>quando</span> <span class='ocrx_word' id='word_1_430' title='bbox 905 3886 1061 3943; x_wconf 84' lang='lat' dir='ltr'>apogaeum</span> <span class='ocrx_word' id='word_1_431' title='bbox 1079 3881 1123 3927; x_wconf 88' lang='lat' dir='ltr'>est</span> <span class='ocrx_word' id='word_1_432' title='bbox 1137 3890 1232 3945; x_wconf 87' lang='lat' dir='ltr'>supra.</span> <span class='ocrx_word' id='word_1_433' title='bbox 1263 3878 1419 3936; x_wconf 82' lang='lat' dir='ltr'>Videamus.</span> <span class='ocrx_word' id='word_1_434' title='bbox 1442 3874 1471 3929; x_wconf 79' lang='lat' dir='ltr'>Sit</span> 
     </span>
    </p>

    <p class='ocr_par' dir='ltr' id='par_1_14' title="bbox 774 3945 1472 4023">
     <span class='ocr_line' id='line_1_44' title="bbox 774 3945 1472 4023; baseline 0.026 -22"><span class='ocrx_word' id='word_1_435' title='bbox 774 3948 841 4020; x_wconf 71' lang='lat' dir='ltr'>ssyd</span> <span class='ocrx_word' id='word_1_436' title='bbox 867 3956 897 4002; x_wconf 90' lang='lat' dir='ltr'>et</span> <span class='ocrx_word' id='word_1_437' title='bbox 924 3950 963 4003; x_wconf 84' lang='lat' dir='ltr'>sio</span> <span class='ocrx_word' id='word_1_438' title='bbox 991 3952 1061 4023; x_wconf 78' lang='lat' dir='ltr'>day</span> <span class='ocrx_word' id='word_1_439' title='bbox 1087 3945 1122 4006; x_wconf 80' lang='lat'>2⁰</span> <span class='ocrx_word' id='word_1_440' title='bbox 1142 3948 1205 4019; x_wconf 57' lang='lat'>²92</span> <span class='ocrx_word' id='word_1_441' title='bbox 1238 3956 1316 4013; x_wconf 87' lang='lat' dir='ltr'>sinus</span> <span class='ocrx_word' id='word_1_442' title='bbox 1339 3956 1420 4017; x_wconf 79' lang='grc'><strong>4446</strong></span> <span class='ocrx_word' id='word_1_443' title='bbox 1451 3952 1472 4009; x_wconf 55' lang='grc' dir='ltr'>θ’</span> 
     </span>
    </p>

    <p class='ocr_par' dir='ltr' id='par_1_15' title="bbox 777 4024 1472 4105">
     <span class='ocr_line' id='line_1_45' title="bbox 777 4024 1472 4105; baseline 0.023 -24"><span class='ocrx_word' id='word_1_444' title='bbox 777 4046 845 4099; x_wconf 90' lang='lat' dir='ltr'>ergo</span> <span class='ocrx_word' id='word_1_445' title='bbox 861 4049 899 4101; x_wconf 82' lang='lat' dir='ltr'>ay</span> <span class='ocrx_word' id='word_1_446' title='bbox 915 4024 1162 4105; x_wconf 78' lang='lat' dir='ltr'>100000ut1150</span> <span class='ocrx_word' id='word_1_447' title='bbox 1177 4036 1376 4095; x_wconf 87' lang='lat' dir='ltr'>semidiametri</span> <span class='ocrx_word' id='word_1_448' title='bbox 1384 4040 1472 4095; x_wconf 67' lang='lat' dir='ltr'>Tum</span> 
     </span>
    </p>

    <p class='ocr_par' dir='ltr' id='par_1_16' title="bbox 776 4104 1474 4192">
     <span class='ocr_line' id='line_1_46' title="bbox 776 4104 1474 4192; baseline 0.023 -30"><span class='ocrx_word' id='word_1_449' title='bbox 776 4109 846 4179; x_wconf 91' lang='lat' dir='ltr'>quid</span> <span class='ocrx_word' id='word_1_450' title='bbox 860 4104 955 4165; x_wconf 70' lang='grc'><strong>43364</strong></span> <span class='ocrx_word' id='word_1_451' title='bbox 972 4105 1088 4174; x_wconf 68' lang='lat' dir='ltr'>laets.</span> <span class='ocrx_word' id='word_1_452' title='bbox 1116 4112 1262 4185; x_wconf 85' lang='lat' dir='ltr'>Propertio</span> <span class='ocrx_word' id='word_1_453' title='bbox 1276 4134 1360 4189; x_wconf 84' lang='lat' dir='ltr'>quarn</span> <span class='ocrx_word' id='word_1_454' title='bbox 1373 4116 1474 4192; x_wconf 65' lang='lat' dir='ltr'>presb</span> 
     </span>
    </p>

    <p class='ocr_par' dir='ltr' id='par_1_17' title="bbox 779 4184 1472 4266">
     <span class='ocr_line' id='line_1_47' title="bbox 779 4184 1472 4266; baseline 0.025 -26"><span class='ocrx_word' id='word_1_455' title='bbox 779 4187 913 4243; x_wconf 75' lang='lat' dir='ltr'>convenit.</span> <span class='ocrx_word' id='word_1_456' title='bbox 941 4189 1077 4245; x_wconf 82' lang='lat' dir='ltr'>Credibile</span> <span class='ocrx_word' id='word_1_457' title='bbox 1090 4200 1135 4248; x_wconf 90' lang='lat' dir='ltr'>est</span> <span class='ocrx_word' id='word_1_458' title='bbox 1148 4194 1243 4266; x_wconf 87' lang='lat' dir='ltr'>igitur,</span> <span class='ocrx_word' id='word_1_459' title='bbox 1266 4207 1301 4253; x_wconf 89' lang='lat' dir='ltr'>ut</span> <span class='ocrx_word' id='word_1_460' title='bbox 1321 4210 1367 4257; x_wconf 87' lang='lat' dir='ltr'>est</span> <span class='ocrx_word' id='word_1_461' title='bbox 1379 4184 1472 4257; x_wconf 71' lang='lat' dir='ltr'>omui</span> 
     </span>
    </p>

    <p class='ocr_par' dir='ltr' id='par_1_18' title="bbox 144 4256 1476 4911">
     <span class='ocr_line' id='line_1_48' title="bbox 146 4256 1475 4350; baseline 0.017 -37"><span class='ocrx_word' id='word_1_462' title='bbox 146 4261 293 4316; x_wconf 69' lang='lat' dir='ltr'>adorimur</span> <span class='ocrx_word' id='word_1_463' title='bbox 316 4256 362 4327; x_wconf 80' lang='grc' dir='ltr'>Θ,</span> <span class='ocrx_word' id='word_1_464' title='bbox 391 4265 429 4318; x_wconf 88' lang='lat' dir='ltr'>sic</span> <span class='ocrx_word' id='word_1_465' title='bbox 455 4282 515 4317; x_wconf 84' lang='lat' dir='ltr'>esse</span> <span class='ocrx_word' id='word_1_466' title='bbox 543 4265 773 4323; x_wconf 85' lang='lat' dir='ltr'>eooentrioitatem</span> <span class='ocrx_word' id='word_1_467' title='bbox 795 4258 821 4329; x_wconf 70' lang='lat' dir='ltr'>J)</span> <span class='ocrx_word' id='word_1_468' title='bbox 844 4268 879 4322; x_wconf 91' lang='lat' dir='ltr'>ad</span> <span class='ocrx_word' id='word_1_469' title='bbox 907 4270 1000 4325; x_wconf 83' lang='lat' dir='ltr'>orbern</span> <span class='ocrx_word' id='word_1_470' title='bbox 1020 4258 1057 4330; x_wconf 72' lang='grc'>).</span> <span class='ocrx_word' id='word_1_471' title='bbox 1099 4273 1168 4337; x_wconf 86' lang='lat' dir='ltr'>Quid</span> <span class='ocrx_word' id='word_1_472' title='bbox 1189 4275 1213 4329; x_wconf 90' lang='lat' dir='ltr'>si</span> <span class='ocrx_word' id='word_1_473' title='bbox 1233 4276 1325 4350; x_wconf 89' lang='lat' dir='ltr'>igitur</span> <span class='ocrx_word' id='word_1_474' title='bbox 1345 4283 1475 4337; x_wconf 74' lang='lat' dir='ltr'>motaretur</span> 
     </span>
     <span class='ocr_line' id='line_1_49' title="bbox 146 4339 1474 4426; baseline 0.016 -34"><span class='ocrx_word' id='word_1_475' title='bbox 146 4341 336 4396; x_wconf 85' lang='lat' dir='ltr'>euoentrioitas</span> <span class='ocrx_word' id='word_1_476' title='bbox 357 4361 405 4414; x_wconf 91' lang='lat' dir='ltr'>pro</span> <span class='ocrx_word' id='word_1_477' title='bbox 426 4344 603 4415; x_wconf 91' lang='lat' dir='ltr'>proportione</span> <span class='ocrx_word' id='word_1_478' title='bbox 624 4346 774 4400; x_wconf 85' lang='lat' dir='ltr'>distantias</span> <span class='ocrx_word' id='word_1_479' title='bbox 796 4339 822 4409; x_wconf 58' lang='grc'><strong>0</strong></span> <span class='ocrx_word' id='word_1_480' title='bbox 846 4365 864 4402; x_wconf 84' lang='lat' dir='ltr'>a</span> <span class='ocrx_word' id='word_1_481' title='bbox 886 4340 941 4406; x_wconf 64' lang='lat' dir='ltr'>&amp;t</span> <span class='ocrx_word' id='word_1_482' title='bbox 976 4352 1051 4405; x_wconf 82' lang='lat' dir='ltr'>Tune</span> <span class='ocrx_word' id='word_1_483' title='bbox 1071 4354 1177 4423; x_wconf 88' lang='lat' dir='ltr'>quoties</span> <span class='ocrx_word' id='word_1_484' title='bbox 1199 4344 1227 4416; x_wconf 70' lang='lat'>2)</span> <span class='ocrx_word' id='word_1_485' title='bbox 1250 4358 1277 4412; x_wconf 91' lang='lat' dir='ltr'>in</span> <span class='ocrx_word' id='word_1_486' title='bbox 1298 4351 1344 4426; x_wconf 67' lang='grc' dir='ltr'>ό,</span> <span class='ocrx_word' id='word_1_487' title='bbox 1366 4358 1474 4417; x_wconf 80' lang='lat' dir='ltr'>essentn&#39;·</span> 
     </span>
     <span class='ocr_line' id='line_1_50' title="bbox 145 4418 1475 4501; baseline 0.016 -28"><span class='ocrx_word' id='word_1_488' title='bbox 145 4418 215 4473; x_wconf 79' lang='lat' dir='ltr'>citas</span> <span class='ocrx_word' id='word_1_489' title='bbox 236 4429 312 4476; x_wconf 89' lang='lat' dir='ltr'>esset</span> <span class='ocrx_word' id='word_1_490' title='bbox 331 4424 448 4488; x_wconf 89' lang='lat' dir='ltr'>minima,</span> <span class='ocrx_word' id='word_1_491' title='bbox 471 4440 555 4495; x_wconf 86' lang='lat' dir='ltr'>quare</span> <span class='ocrx_word' id='word_1_492' title='bbox 576 4431 606 4478; x_wconf 90' lang='lat' dir='ltr'>et</span> <span class='ocrx_word' id='word_1_493' title='bbox 626 4424 755 4498; x_wconf 89' lang='lat' dir='ltr'>aequatio</span> <span class='ocrx_word' id='word_1_494' title='bbox 776 4428 870 4491; x_wconf 90' lang='lat' dir='ltr'>minor,</span> <span class='ocrx_word' id='word_1_495' title='bbox 893 4436 923 4484; x_wconf 91' lang='lat' dir='ltr'>et</span> <span class='ocrx_word' id='word_1_496' title='bbox 936 4431 1045 4500; x_wconf 87' lang='lat' dir='ltr'>quoties</span> <span class='ocrx_word' id='word_1_497' title='bbox 1066 4422 1092 4493; x_wconf 74' lang='lat'>)</span> <span class='ocrx_word' id='word_1_498' title='bbox 1115 4433 1142 4487; x_wconf 88' lang='lat' dir='ltr'>in</span> <span class='ocrx_word' id='word_1_499' title='bbox 1158 4425 1193 4501; x_wconf 79' lang='lat'>0⁰,</span> <span class='ocrx_word' id='word_1_500' title='bbox 1216 4438 1352 4497; x_wconf 84' lang='lat' dir='ltr'>maxima.</span> <span class='ocrx_word' id='word_1_501' title='bbox 1387 4440 1475 4498; x_wconf 72' lang='lat' dir='ltr'>Falsus</span> 
     </span>
     <span class='ocr_line' id='line_1_51' title="bbox 145 4499 1476 4594; baseline 0.017 -42"><span class='ocrx_word' id='word_1_502' title='bbox 145 4499 245 4571; x_wconf 86' lang='lat' dir='ltr'>igitur,</span> <span class='ocrx_word' id='word_1_503' title='bbox 275 4504 346 4573; x_wconf 92' lang='lat' dir='ltr'>quod</span> <span class='ocrx_word' id='word_1_504' title='bbox 373 4521 458 4574; x_wconf 86' lang='lat' dir='ltr'>supra</span> <span class='ocrx_word' id='word_1_505' title='bbox 483 4504 547 4558; x_wconf 89' lang='lat' dir='ltr'>mihi</span> <span class='ocrx_word' id='word_1_506' title='bbox 574 4505 625 4575; x_wconf 90' lang='lat' dir='ltr'>ipsi</span> <span class='ocrx_word' id='word_1_507' title='bbox 651 4506 749 4575; x_wconf 76' lang='lat' dir='ltr'>objeci.</span> <span class='ocrx_word' id='word_1_508' title='bbox 791 4508 893 4563; x_wconf 92' lang='lat' dir='ltr'>Videor</span> <span class='ocrx_word' id='word_1_509' title='bbox 914 4527 963 4579; x_wconf 92' lang='lat' dir='ltr'>pro</span> <span class='ocrx_word' id='word_1_510' title='bbox 984 4528 1027 4565; x_wconf 85' lang='lat' dir='ltr'>mo</span> <span class='ocrx_word' id='word_1_511' title='bbox 1047 4512 1089 4566; x_wconf 87' lang='lat' dir='ltr'>uti</span> <span class='ocrx_word' id='word_1_512' title='bbox 1109 4530 1200 4584; x_wconf 89' lang='lat' dir='ltr'>posse.</span> <span class='ocrx_word' id='word_1_513' title='bbox 1242 4518 1371 4577; x_wconf 84' lang='lat' dir='ltr'>Valeant</span> <span class='ocrx_word' id='word_1_514' title='bbox 1390 4522 1476 4594; x_wconf 78' lang='lat' dir='ltr'>quide!</span> 
     </span>
     <span class='ocr_line' id='line_1_52' title="bbox 145 4575 1475 4668; baseline 0.014 -35"><span class='ocrx_word' id='word_1_515' title='bbox 145 4580 219 4634; x_wconf 90' lang='lat' dir='ltr'>sinus</span> <span class='ocrx_word' id='word_1_516' title='bbox 239 4583 359 4637; x_wconf 80' lang='lat' dir='ltr'>universi</span> <span class='ocrx_word' id='word_1_517' title='bbox 389 4584 576 4657; x_wconf 90' lang='lat' dir='ltr'>elongationis</span> <span class='ocrx_word' id='word_1_518' title='bbox 605 4575 631 4645; x_wconf 63' lang='lat' dir='ltr'>I)</span> <span class='ocrx_word' id='word_1_519' title='bbox 664 4603 682 4639; x_wconf 94' lang='lat' dir='ltr'>a</span> <span class='ocrx_word' id='word_1_520' title='bbox 709 4588 843 4642; x_wconf 89' lang='lat' dir='ltr'>diametro</span> <span class='ocrx_word' id='word_1_521' title='bbox 875 4583 997 4642; x_wconf 64' lang='lat' dir='ltr'>ppetuu</span> <span class='ocrx_word' id='word_1_522' title='bbox 1020 4595 1163 4663; x_wconf 85' lang='lat' dir='ltr'>augmenti</span> <span class='ocrx_word' id='word_1_523' title='bbox 1188 4600 1385 4668; x_wconf 83' lang='lat' dir='ltr'>aequationis‚</span> <span class='ocrx_word' id='word_1_524' title='bbox 1410 4601 1431 4657; x_wconf 91' lang='lat' dir='ltr'>si</span> <span class='ocrx_word' id='word_1_525' title='bbox 1447 4596 1475 4652; x_wconf 87' lang='lat' dir='ltr'>illi</span> 
     </span>
     <span class='ocr_line' id='line_1_53' title="bbox 145 4658 1475 4751; baseline 0.019 -38"><span class='ocrx_word' id='word_1_526' title='bbox 145 4659 219 4714; x_wconf 91' lang='lat' dir='ltr'>sinus</span> <span class='ocrx_word' id='word_1_527' title='bbox 241 4678 291 4716; x_wconf 89' lang='lat' dir='ltr'>seu</span> <span class='ocrx_word' id='word_1_528' title='bbox 310 4665 506 4733; x_wconf 82' lang='lat' dir='ltr'>perpendicula</span> <span class='ocrx_word' id='word_1_529' title='bbox 526 4665 553 4718; x_wconf 90' lang='lat' dir='ltr'>in</span> <span class='ocrx_word' id='word_1_530' title='bbox 575 4658 599 4729; x_wconf 72' lang='grc' dir='ltr'><em>ὃ</em></span> <span class='ocrx_word' id='word_1_531' title='bbox 622 4665 780 4722; x_wconf 84' lang='lat' dir='ltr'>insiderent.</span> <span class='ocrx_word' id='word_1_532' title='bbox 812 4672 850 4721; x_wconf 84' lang='grc' dir='ltr'><strong>Δι</strong></span> <span class='ocrx_word' id='word_1_533' title='bbox 871 4669 936 4739; x_wconf 88' lang='lat' dir='ltr'>quia</span> <span class='ocrx_word' id='word_1_534' title='bbox 955 4669 1047 4739; x_wconf 90' lang='lat' dir='ltr'>potior</span> <span class='ocrx_word' id='word_1_535' title='bbox 1066 4689 1132 4743; x_wconf 92' lang='lat' dir='ltr'>pars</span> <span class='ocrx_word' id='word_1_536' title='bbox 1152 4692 1171 4729; x_wconf 97' lang='lat' dir='ltr'>a</span> <span class='ocrx_word' id='word_1_537' title='bbox 1184 4676 1273 4732; x_wconf 77' lang='lat' dir='ltr'>&#39;terra</span> <span class='ocrx_word' id='word_1_538' title='bbox 1294 4681 1396 4747; x_wconf 76' lang='lat' dir='ltr'>deficit,</span> <span class='ocrx_word' id='word_1_539' title='bbox 1415 4684 1475 4751; x_wconf 80' lang='lat' dir='ltr'>ilqs·</span> 
     </span>
     <span class='ocr_line' id='line_1_54' title="bbox 145 4741 1474 4837; baseline 0.019 -43"><span class='ocrx_word' id='word_1_540' title='bbox 145 4741 273 4811; x_wconf 73' lang='lat' dir='ltr'>celeriter</span> <span class='ocrx_word' id='word_1_541' title='bbox 293 4742 339 4795; x_wconf 94' lang='lat' dir='ltr'>nbi</span> <span class='ocrx_word' id='word_1_542' title='bbox 361 4743 434 4798; x_wconf 92' lang='lat' dir='ltr'>sinus</span> <span class='ocrx_word' id='word_1_543' title='bbox 456 4751 521 4799; x_wconf 91' lang='lat' dir='ltr'>sunt</span> <span class='ocrx_word' id='word_1_544' title='bbox 541 4745 626 4816; x_wconf 82' lang='lat' dir='ltr'>longi,</span> <span class='ocrx_word' id='word_1_545' title='bbox 649 4747 763 4818; x_wconf 88' lang='lat' dir='ltr'>ideoque</span> <span class='ocrx_word' id='word_1_546' title='bbox 784 4757 815 4802; x_wconf 93' lang='lat' dir='ltr'>ut</span> <span class='ocrx_word' id='word_1_547' title='bbox 835 4747 886 4802; x_wconf 89' lang='lat' dir='ltr'>sin.</span> <span class='ocrx_word' id='word_1_548' title='bbox 908 4755 959 4804; x_wconf 81' lang='lat' dir='ltr'>tot</span> <span class='ocrx_word' id='word_1_549' title='bbox 982 4752 1017 4804; x_wconf 85' lang='lat' dir='ltr'>ad</span> <span class='ocrx_word' id='word_1_550' title='bbox 1030 4768 1126 4807; x_wconf 86' lang='lat' dir='ltr'>rsraos</span> <span class='ocrx_word' id='word_1_551' title='bbox 1146 4755 1222 4810; x_wconf 90' lang='lat' dir='ltr'>sinus</span> <span class='ocrx_word' id='word_1_552' title='bbox 1244 4757 1327 4815; x_wconf 87' lang='lat' dir='ltr'>initio</span> <span class='ocrx_word' id='word_1_553' title='bbox 1348 4762 1474 4837; x_wconf 55' lang='lat' dir='ltr'>torpores</span> 
     </span>
     <span class='ocr_line' id='line_1_55' title="bbox 144 4816 1475 4911; baseline 0.014 -36"><span class='ocrx_word' id='word_1_554' title='bbox 144 4820 187 4876; x_wconf 82' lang='lat' dir='ltr'>ita</span> <span class='ocrx_word' id='word_1_555' title='bbox 206 4838 282 4877; x_wconf 87' lang='lat' dir='ltr'>mora</span> <span class='ocrx_word' id='word_1_556' title='bbox 302 4822 376 4876; x_wconf 88' lang='lat' dir='ltr'>sinus</span> <span class='ocrx_word' id='word_1_557' title='bbox 397 4824 546 4893; x_wconf 73' lang='lat' dir='ltr'>osqjuslibet</span> <span class='ocrx_word' id='word_1_558' title='bbox 566 4826 752 4897; x_wconf 86' lang='lat' dir='ltr'>elongationis</span> <span class='ocrx_word' id='word_1_559' title='bbox 773 4816 800 4888; x_wconf 60' lang='grc'><strong>0</strong></span> <span class='ocrx_word' id='word_1_560' title='bbox 823 4843 842 4882; x_wconf 90' lang='lat' dir='ltr'>s</span> <span class='ocrx_word' id='word_1_561' title='bbox 861 4828 1010 4895; x_wconf 86' lang='lat' dir='ltr'>diametro,</span> <span class='ocrx_word' id='word_1_562' title='bbox 1039 4833 1147 4888; x_wconf 80' lang='lat' dir='ltr'>oensita</span> <span class='ocrx_word' id='word_1_563' title='bbox 1166 4852 1217 4905; x_wconf 81' lang='lat' dir='ltr'>per</span> <span class='ocrx_word' id='word_1_564' title='bbox 1238 4842 1475 4911; x_wconf 62' lang='lat' dir='ltr'>perpendimus</span> 
     </span>
    </p>
   </div>
   <div class='ocr_carea' id='block_1_5' title="bbox 0 0 1644 5550">
    <p class='ocr_par' dir='ltr' id='par_1_19' title="bbox 0 0 1644 5550">
     <span class='ocr_line' id='line_1_56' title="bbox 0 0 1644 5550; baseline 0 2"><span class='ocrx_word' id='word_1_565' title='bbox 0 0 1644 5550; x_wconf 95' lang='lat' dir='ltr'> </span> 
     </span>
    </p>
   </div>
  </div>
 </body>
</html>
