3278 5550
147 275 212 345 346
626 274 666 330 nr
684 277 792 331 uratur
811 277 905 331 suuis
922 274 1011 330 uren

142 455 361 541 pmdiuclaris
393 478 453 538 sp:
485 458 532 520 sic
559 477 599 520 ecc
628 455 645 530 ξ
673 458 708 521 iu
738 483 782 521 ar
808 454 1088 543 perpendicularis
1117 452 1174 528 ξω.
1229 453 1315 520 Cum
1343 453 1441 538 ipitur

139 545 318 630 parallelos
339 569 391 625 γφ,
414 547 456 622 βτ
477 555 564 610 recta
586 571 628 626 ay
656 550 792 625 incidat,
826 547 975 632 aequales
1004 553 1093 607 erum
1114 547 1197 625 βγφ,
1223 547 1302 622 ulle.
1351 542 1461 624 Aequn'

145 644 251 700 auten
272 645 301 698 et
314 637 352 715 γβ
373 636 438 717 ipsi
451 637 496 712 αβ
519 655 559 698 er
581 641 829 712 constructicue;
852 640 908 700 secl
923 646 952 700 et
966 637 1015 714 βφ
1037 634 1102 717 ipsi
1120 657 1164 695 ar
1186 633 1343 717 aequales,
1368 639 1461 715 serap

145 728 228 789 enim
259 724 360 788 sidera
382 726 423 802 βτ
450 724 595 807 manalis
627 734 672 788 est
700 748 740 790 eu
771 729 1006 790 constructione.
1055 722 1268 805 Triaupulum
1300 724 1403 806 ipitur
1431 741 1461 800 n

144 812 304 896 macedo
319 816 384 891 βτα
408 817 563 896 coupruit,
586 835 685 898 quare
699 838 742 895 γφ
764 819 830 898 ipsi
853 818 949 880 etiam
964 817 1005 892 βτ
1027 812 1172 896 aequalis
1194 814 1277 889 αἰῶ,-
1301 818 1377 876 sunt
1398 814 1461 873 ardo

140 901 297 986 paralleli
326 923 365 965 ea
395 904 639 979 constructione,
671 926 769 986 quare
798 914 827 968 et
856 907 912 985 βγ,
941 927 1004 981 τφ,
1038 922 1120 984 quae
1145 899 1328 985 parallelos
1356 896 1461 981 aequal

145 993 293 1055 eutrunis
315 1001 497 1056 connectunt
519 995 559 1056 ab
582 994 693 1056 eadem
710 993 822 1077 plapa,
842 993 997 1077 paralleli
1019 1000 1049 1054 et
1071 990 1219 1072 aequales
1241 999 1343 1055 euru
1381 987 1442 1051 see
1454 998 1461 1068 l

144 1081 289 1163 mattulis
311 1082 442 1162 eclipsi
465 1083 524 1159 αβ,
556 1103 629 1165 erpo
660 1082 810 1165 aequales
838 1092 910 1146 sunt
932 1091 961 1146 ct
984 1079 1138 1164 paralleli
1159 1082 1218 1158 αβ,
1242 1102 1298 1159 τφ.
1344 1078 1461 1162 Ipissr

39 1235 46 1249 ‚
143 1172 202 1250 βφ,
225 1193 279 1243 ar,
303 1179 393 1233 aunt
411 1170 573 1252 paralleli,
618 1171 665 1234 Et
687 1174 762 1254 quia
793 1172 904 1254 ampeli
926 1174 971 1234 ad
992 1197 1019 1252 χ,
1042 1193 1061 1230 o
1082 1171 1178 1245 recti,
1203 1177 1233 1232 et
1256 1170 1343 1233 basis
1364 1188 1408 1247 τφ
1425 1167 1461 1230 lu

145 1261 194 1337 βα
217 1258 377 1341 aequalis,
410 1268 440 1322 et
463 1259 597 1342 capulus
619 1263 686 1337 βατ
707 1261 754 1323 cel
777 1264 845 1338 βαυ
876 1260 993 1343 ampula
1016 1259 1088 1337 τφβ
1110 1258 1158 1320 uel
1180 1280 1254 1339 τφχ,
1286 1265 1377 1322 esurit
1399 1257 1461 1339 ipsit

145 1347 295 1431 aequales
317 1372 370 1419 an,
393 1370 458 1429 χφ,·
480 1351 527 1411 sic
550 1356 580 1411 et
598 1349 878 1431 perpendiculares
900 1351 952 1426 βυ,
977 1373 1024 1428 ez.
1458 1340 1461 1379 ¹

234 1439 388 1512 Rursum,
413 1439 490 1520 quia
513 1438 660 1520 aequales
683 1461 720 1521 τχ
744 1449 773 1502 et
795 1438 841 1513 ξω
860 1437 1018 1522 paralleli
1038 1439 1122 1499 inter
1140 1433 1330 1518 parallelos,
1354 1428 1461 1514 aequdl

145 1535 252 1590 autern
277 1535 306 1589 et
321 1527 371 1603 βι,
386 1525 438 1601 αξ,
462 1535 491 1590 et
513 1527 623 1609 cupuli
646 1528 691 1589 ad
708 1553 734 1608 χ,
755 1554 778 1590 ω
801 1530 900 1592 recti:
924 1536 1015 1593 eruut
1038 1526 1135 1608 ipitur
1158 1524 1395 1613 aequaliauetr
1423 1523 1429 1539 '

145 1614 379 1698 receptorum
407 1614 510 1679 latera
540 1619 591 1697 βχ,
625 1640 699 1692 αω,·
728 1618 876 1699 aequales
903 1639 975 1680 svera
1005 1625 1034 1680 ec
1065 1613 1118 1692 βξ,
1142 1637 1202 1687 oar,
1229 1611 1386 1698 paralleli
1417 1613 1424 1628 ‘

142 1703 320 1790 parallelos
342 1707 396 1781 βυ,
420 1703 476 1778 ξω.
523 1706 718 1787 aequalitas
749 1709 849 1790 ipitur
878 1705 931 1783 βξ,
964 1730 1011 1767 vor
1044 1703 1175 1776 allatis,
1204 1703 1357 1766 residuae
1377 1698 1425 1783 ξχ,

146 1804 239 1859 eruut
261 1793 418 1878 aequum.
457 1797 561 1858 Prius
584 1804 689 1858 cutem
711 1804 740 1858 et
762 1819 816 1877 χφ,
834 1820 886 1870 au,
912 1803 1004 1859 eram
1027 1791 1194 1876 ceqscales:
1218 1801 1247 1856 et
1269 1794 1370 1875 ipius
1389 1788 1426 1869 ξφ

146 1885 192 1948 du
214 1883 249 1947 lu
271 1885 316 1946 ad
338 1907 390 1944 au.

188 1907 304 2037 PHis
327 1973 561 2044 demonstratis,
585 1974 629 2033 ad
648 1974 895 2056 propositionem
922 1981 1063 2035 uestram
1088 1971 1246 2034 veniemus
1265 1970 1407 2054 propius.

148 2063 229 2145 quia
257 2062 296 2127 lu
324 2063 370 2138 φβ
400 2062 591 2124 diametrum
623 2061 736 2125 circuli
768 2060 867 2145 (quae
895 2063 1078 2125 continuata
1106 2058 1305 2142 intellipatur
1333 2064 1438 2138 usquc

147 2149 283 2214 mam
305 2145 610 2234 circumferentiam)
626 2158 714 2213 recta
731 2173 771 2214 ea
782 2159 900 2233 puncto
925 2152 1198 2232 circumferentiae
1220 2146 1409 2233 rperperrdr'
1443 2222 1448 2229 .

144 2243 227 2303 riter
248 2239 371 2314 incidit,
395 2239 514 2303 scillcet
530 2261 585 2321 sp:
610 2249 646 2304 ul
667 2241 766 2323 ipitur
782 2263 825 2321 φχ
847 2241 891 2303 ud
903 2264 951 2323 χτ,
976 2240 1076 2321 slepi
1099 2240 1143 2303 ad
1158 2238 1323 2302 residuum
1345 2237 1381 2300 di

149 2328 383 2412 Rectaupulum
411 2331 510 2412 ipitur
537 2331 594 2391 sul
618 2352 662 2409 φχ
685 2339 713 2392 et
734 2332 866 2393 residua
890 2336 986 2413 parte
1015 2329 1166 2392 diametri
1193 2336 1238 2391 est
1266 2323 1398 2409 aeqrmlc
1439 2332 1453 2407 '‚

145 2418 242 2481 drale
265 2439 313 2501 ‘t-
359 2417 406 2482 Ec
427 2421 504 2501 quia
527 2419 795 2501 quadratamve,
819 2421 944 2482 lrocest
967 2420 1012 2494 αβ
1039 2425 1155 2500 aequat
1182 2417 1447 2498 quadratur2,1

145 2505 334 2590 aequalibus
361 2507 460 2589 ipitur
488 2508 625 2583 additis,
656 2507 872 2591 rcctaupulum
900 2509 957 2572 sul>
984 2530 1031 2589 χφ
1060 2514 1090 2571 et
1117 2509 1242 2590 iutepra
1273 2502 1450 2569 diametro‘

144 2595 279 2679 aequale
300 2598 457 2680 quadrato
481 2598 535 2674 αβ.
581 2597 627 2661 Et
649 2598 727 2680 quia
750 2596 794 2676 φξ
816 2597 918 2681 dupla
940 2597 985 2658 ad
1008 2618 1061 2678 φχ,
1083 2594 1302 2678 rectaupulum
1324 2596 1421 2679 ipitur

145 2683 193 2765 φξ
224 2683 323 2768 (quae
354 2685 532 2750 imeusilili
561 2686 686 2769 loupior
716 2686 885 2751 latitudine
915 2685 1046 2749 lunulae
1074 2681 1145 2766 φφ)
1179 2693 1209 2747 et
1237 2687 1295 2749 era
1325 2685 1374 2764 φβ

146 2775 306 2840 diametro
336 2784 453 2858 aequat
484 2777 676 2857 quadratum
706 2800 726 2837 a
733 2778 761 2854 β.
812 2778 857 2842 At
888 2774 973 2859 quod
1003 2775 1059 2838 sul
1083 2774 1137 2853 ξφ,
1162 2775 1224 2852 φβ,
1257 2781 1304 2836 est
1326 2773 1391 2856 diff

146 2867 227 2951 ejus,
250 2865 336 2948 quod
357 2867 414 2928 sul
437 2863 488 2943 ξβ,
512 2867 568 2944 βφ,
592 2874 622 2930 et
644 2867 797 2947 quadrati
818 2869 884 2945 βφ,
908 2874 938 2929 et
956 2862 1087 2928 lunulae
1108 2871 1184 2927 suut
1206 2863 1303 2926 mam
1325 2844 1461 2943 deffcrd

27 2972 32 2985 “
146 2956 232 3018 inter
253 2953 377 3036 ellipsis
399 2963 429 3018 et
451 2953 566 3018 circuli
589 2954 703 3038 plana.
750 2955 796 3017 Et
817 2965 853 3019 ut
882 2954 967 3036 quod
995 2956 1052 3016 sub
1076 2951 1126 3031 ξβ,
1151 2954 1208 3031 βφ,
1239 2952 1286 3014 ud
1312 2950 1461 3033 parcet

147 3045 207 3121 βφ,
229 3044 277 3106 sic
298 3038 410 3118 seres)
429 3043 563 3126 planum
586 3044 707 3125 ellipsis
729 3044 774 3106 ad
791 3045 928 3128 placium
951 3041 1072 3106 circuli.
1119 3044 1208 3124 Eupo
1232 3043 1345 3117 etiam,
1368 3028 1461 3122 utqui

148 3133 280 3194 drotum
302 3133 353 3210 βφ
376 3133 421 3194 ad
441 3131 659 3214 rectarrpulum
681 3132 735 3213 ξφ,
760 3136 816 3212 φβ,
840 3135 898 3196 hcc
920 3140 966 3196 est
989 3132 1034 3193 cd
1056 3131 1249 3213 quadratum
1272 3133 1335 3209 αβ,
1367 3124 1461 3207 siclt

145 3219 265 3283 circuli
279 3219 415 3302 planum
430 3223 475 3282 ad
492 3222 626 3302 planum
643 3222 781 3287 duarum
798 3223 984 3287 lunularum
993 3241 1002 3297 ;
1027 3228 1056 3283 et
1066 3222 1290 3304 permutatim:
1312 3227 1351 3284 ut
1364 3214 1461 3301 psalt<

148 3317 219 3373 tum
241 3311 290 3388 βφ
313 3307 504 3393 adplenum
527 3309 648 3387 airardi,
672 3312 719 3373 sic
733 3313 926 3392 quadratum
949 3313 994 3388 αβ
1016 3311 1061 3372 ad
1069 3309 1207 3393 plauum
1228 3306 1461 3390 lunulammsa

242 3397 311 3461 Sed
333 3405 363 3460 et
383 3407 420 3463 ul
441 3399 634 3481 quadratum
656 3402 676 3478 β
683 3422 704 3478 φ
727 3402 772 3463 ad
791 3401 925 3482 plauum
956 3398 1082 3473 circuli,
1113 3399 1202 3482 cujus
1224 3400 1272 3477 βφ
1298 3398 1428 3471 rudius,
1449 3390 1461 3457 l

148 3487 347 3572 praerosam
369 3490 414 3566 αβ
437 3488 635 3570 adplenum
658 3489 785 3564 circrcli,
810 3492 899 3573 arius
922 3490 967 3566 αβ
994 3489 1117 3551 radius.
1164 3487 1253 3570 Depo
1281 3480 1461 3570 planumoi

148 3575 233 3652 culi,
267 3579 358 3663 cujus
380 3580 425 3654 αβ
447 3579 576 3651 rudius,
611 3578 787 3642 insensibili
814 3587 945 3662 superat
972 3587 1139 3659 utramque
1169 3583 1323 3640 resectam
1353 3570 1461 3640 curule·

149 3679 224 3748 ψφ;
249 3674 365 3747 aequat
387 3664 504 3753 quippe
529 3667 660 3731 lunulas
682 3666 729 3746 ξφ
753 3666 852 3748 paulo
875 3667 1005 3730 latiores
1024 3669 1131 3753 justo,
1164 3666 1240 3748 quia
1262 3664 1309 3744 ξφ
1331 3658 1461 3729 triremi

149 3762 199 3819 esi
219 3755 346 3838 torpor
368 3758 441 3838 ipsc
456 3754 527 3839 'illl
550 3764 585 3818 ul
607 3756 698 3819 initio
722 3757 850 3820 dictum.
889 3761 999 3835 (Habet
1018 3766 1090 3820 hsec
1110 3764 1309 3820 demonstratio
1331 3780 1410 3819 snum
1427 3772 1461 3816 ut

149 3845 237 3902 etism
256 3846 286 3901 iu
305 3847 449 3903 serissima
468 3846 619 3920 hypothesi
638 3843 779 3919 physion.)
793 3851 828 3917 ⁸⁸)

242 3923 406 3989 Concessio
434 3925 538 4011 inque
567 3945 641 4006 quse
669 3928 838 4007 posuimus,
871 3925 949 4005 quod
973 3925 1095 4005 planum
1119 3923 1234 4005 ellipsis
1257 3943 1277 3982 a
1299 3923 1392 4002 plano
1413 3935 1461 3983 uos

152 4014 254 4079 ooidis
277 4012 500 4101 insensibiliter}¹
515 4015 645 4092 differat,
677 4035 712 4077 eo
737 4015 814 4096 quod
838 4014 1041 4093 compensatio
1065 4014 1107 4075 sit
1129 4013 1207 4075 inter
1230 4030 1380 4094 supernos
1400 4018 1461 4074 exn

157 4124 212 4192 sus
235 4104 331 4169 ooidis
355 4124 448 4185 supra
463 4090 588 4185 'ellipsin
613 4112 645 4166 et
667 4105 800 4167 infernos
824 4105 980 4178 defectus,
1003 4102 1064 4178 his,
1089 4103 1220 4183 inquam,
1244 4101 1409 4177 concessis,
1431 4112 1461 4181 ql

155 4193 310 4258 dravimus
340 4204 464 4257 nostras
496 4193 649 4256 menoides
681 4194 806 4274 figuras,
839 4202 870 4255 et
893 4193 937 4253 sic
960 4193 1051 4254 etiam
1075 4191 1196 4266 ooidea3
1231 4190 1296 4253 sive
1319 4183 1461 4270 proprisi

149 4284 275 4365 'quondo
299 4283 519 4348 simulavimus.-
552 4282 638 4367 Μ]
655 4282 757 4345 circuli
770 4291 801 4344 et
811 4281 948 4364 quadrati
964 4280 1185 4362 proportionem
1201 4275 1461 4342 dccetArchimcd

243 4370 314 4435 lam
338 4372 413 4436 haec
437 4374 477 4436 sd
499 4380 588 4451 usunp
607 4372 653 4437 sic
676 4374 902 4434 transferemus.
950 4369 1029 4441 Quin
1058 4371 1179 4450 planum
1206 4368 1305 4432 onidis
1333 4368 1461 4431 minus*

153 4459 246 4544 pleno
277 4462 378 4525 circuli
419 4463 509 4543 plano
536 4458 650 4535 inpelli
683 4462 721 4524 ab
750 4461 974 4525 eccentricitate
1006 4458 1168 4540 descripti,
1205 4464 1396 4540 computetur
1416 4453 1461 4537 igit

245 4662 273 4742 ·)
289 4668 383 4727 Pero
403 4668 521 4741 inquam.
555 4669 584 4725 Si
604 4668 677 4725 enim
690 4672 737 4738 ’βξ
757 4672 832 4721 esset
852 4667 962 4723 brevior
983 4666 1184 4722 semidiameter
1203 4665 1320 4736 ellipsis,
1342 4672 1373 4722 st
1390 4677 1444 4741 ξφ,

151 4748 419 4821 semianimis:
448 4756 513 4805 tunc
532 4749 617 4820 piune
636 4750 734 4823 sudem
754 4753 829 4802 esset
848 4746 990 4819 proportio
1017 4748 1090 4805 inter
1116 4749 1201 4820 pluua
1222 4746 1319 4805 suomi
1339 4748 1391 4804 οβ’

152 4834 325 4915 Amnon
347 4835 392 4883 est
411 4832 518 4885 omnino
538 4828 675 4899 ipsissimo
694 4828 804 4885 brevior
824 4828 1032 4884 semidiameter.

391 4922 414 4981 0
