3278 5550
144 296 207 368 156
506 300 537 352 In
555 296 740 351 Commentaria
757 297 788 351 da
806 297 912 351 motibus
929 295 1018 346 stellae
1036 293 1126 346 usius

143 488 256 547 certus,
277 499 307 536 se
328 499 382 536 non
402 480 532 536 minorem
550 480 612 535 Deo
633 478 737 533 cultum
757 481 917 548 praestare,
947 491 1028 547 quam
1049 479 1251 541 astronomum,
1280 475 1327 530 cui
1347 475 1453 530 Deusl

142 563 233 628 dedit,
254 569 288 618 ut
306 561 404 616 mentis
426 562 504 615 oculo
525 559 711 631 perspicacius
731 558 835 623 videat,
857 574 981 629 quaeque
1002 555 1120 620 invenit,
1151 574 1234 626 super
1253 555 1288 610 iis
1308 557 1401 611 Βοιιιιι
1420 572 1453 611 su

143 652 174 698 et
194 643 255 713 ipse
275 644 417 696 celebrare
436 639 525 711 possit
545 647 575 695 et
594 641 670 695 velit.

215 723 283 786 tino
304 720 411 776 nomine
431 721 611 784 mediocriter,
633 738 687 774 non
709 734 805 789 parum
826 733 902 781 sane,
924 716 1010 770 doctis
1026 718 1215 771 commendata
1227 733 1290 771 esse
1305 717 1392 772 debet
1404 716 1453 788 opii

142 803 247 875 Brahei
267 805 301 856 de
321 802 409 856 forma
429 801 532 856 mundi:
558 801 660 871 quippe
688 815 759 871 quae
786 798 902 852 mediam
923 799 1117 868 quodammodo
1139 797 1211 851 viam
1231 795 1363 853 incedens
1382 812 1453 851 exa

144 891 225 955 parto
254 888 438 945 astronomos,
469 884 558 953 quoad
589 880 650 950 ejus
680 880 738 934 heri
767 884 878 948 potest,
913 877 1004 932 inutili
1033 884 1076 931 tot
1105 877 1291 947 epioyclorum
1321 878 1453 948 supellest

143 965 261 1025 liberat,
292 979 391 1016 causas
411 970 542 1027 motuum,
564 961 709 1033 ignoratas
723 960 893 1021 Ptolemaeo,
915 975 975 1012 cum
992 956 1142 1028 Copernicc
1161 958 1351 1028 amplectitu:
1376 958 1453 1029 phyvi

142 1042 377 1115 speculationibus
397 1042 517 1113 aliquem
537 1043 626 1096 locum
646 1042 706 1103 dat,
721 1039 792 1094 Sole
813 1039 841 1092 in
862 1045 984 1093 centrum
1004 1037 1164 1109 systematis
1192 1038 1341 1108 planetarii
1367 1044 1453 1109 recept

143 1143 180 1179 ex
200 1124 292 1179 altera
310 1139 377 1176 vero
406 1130 486 1192 parte
516 1122 602 1194 vulgo
631 1120 806 1175 literatorum
835 1119 933 1182 servit,
964 1126 1119 1188 motumque
1140 1119 1268 1184 Telluris,
1299 1120 1370 1173 aden
1389 1117 1454 1174 credi

143 1203 287 1267 difficilem,
309 1203 449 1258 eliminat:
479 1201 545 1257 licet
566 1219 616 1272 per
636 1217 698 1257 earn
725 1199 849 1254 theoriae
875 1200 1048 1270 planetarum
1069 1199 1096 1253 in
1117 1199 1308 1254 astronomicis
1327 1198 1453 1271 speculati

143 1285 222 1340 nibus
252 1290 282 1337 et
311 1283 588 1338 demonstrationibus
618 1281 711 1336 multis
741 1280 905 1335 intricentur
933 1279 1141 1334 difficultatibus
1171 1297 1221 1333 neo
1248 1296 1348 1351 pavum
1368 1280 1453 1335 turbat

143 1364 263 1437 physica
282 1362 417 1420 coelestis.

223 1449 317 1514 Atque
342 1443 412 1498 haec
436 1445 470 1497 de
498 1452 637 1497 saturum
666 1395 807 1496 literarum
838 1439 1012 1496 auctoritate.
1053 1442 1096 1495 Ad
1121 1441 1227 1511 placita
1248 1456 1313 1495 vero
1333 1438 1453 1494 meteri

143 1527 178 1579 de
208 1523 251 1579 his
281 1524 454 1579 naturalibus
484 1540 539 1577 uno
569 1525 654 1577 serbo
675 1523 842 1590 respondeo:
873 1521 899 1574 in
931 1520 1076 1593 theologia
1104 1521 1210 1592 quidem
1232 1520 1434 1583 auctoritatum,

142 1602 322 1676 philosophia
341 1621 406 1662 vero
432 1604 568 1659 rationum
589 1619 651 1657 esse
678 1609 817 1656 momenta
841 1603 1027 1672 ponderanda.
1067 1601 1186 1657 Sanctus
1215 1601 1303 1674 igitur
1322 1597 1453 1654 Lactantis

143 1685 189 1757 qui
209 1684 322 1739 Terram
344 1685 460 1756 negavit
479 1702 541 1738 esse
561 1685 719 1739 rotundam:
750 1689 862 1737 sanctus
889 1680 1077 1755 Augustinus,
1107 1682 1152 1753 qui
1173 1682 1344 1737 rotunditate
1366 1694 1453 1735 coma

143 1764 259 1837 negavit
280 1773 372 1819 tamen
392 1765 555 1835 antipodas:
584 1771 708 1818 sanctum
731 1761 855 1816 Officium
876 1761 1075 1825 hodiernorum,
1097 1762 1144 1834 qui
1164 1763 1294 1818 exilitate
1308 1762 1411 1816 Terrae
1428 1775 1453 1813 ss

143 1860 223 1899 cessa
242 1853 350 1916 negant
368 1852 461 1900 tamen
482 1844 542 1913 ejus
563 1852 673 1899 motum.
715 1848 754 1898 At
775 1842 864 1913 magis
894 1841 959 1896 mihi
986 1851 1086 1898 sancta
1112 1844 1231 1907 veritas,
1261 1842 1307 1913 qui
1332 1842 1443 1895 Terram

142 1926 287 1980 rotundam
318 1933 348 1980 et
378 1925 554 1994 antipodibus
584 1922 840 1978 circumhabitatam
871 1930 901 1977 et
930 1923 1161 1979 contemtissimae
1196 1921 1344 1994 parvitatis
1375 1937 1435 1975 esse

143 2004 259 2075 denique
273 2021 323 2075 per
337 2006 429 2061 sidera
443 2005 516 2070 ferri,
538 2007 616 2059 salvo
631 2006 770 2059 doctorum
784 2002 920 2057 ecclesiae
935 2012 1071 2073 respectu,
1087 2023 1124 2058 ex
1137 2002 1315 2075 philosophia
1327 2003 1453 2059 deum

224 2092 279 2148 Sed
300 2094 369 2147 satis
390 2095 424 2149 de
445 2095 631 2166 hypotheseos
651 2093 856 2164 copernioanae
876 2092 1005 2146 veritate.
1047 2095 1248 2149 Revertendum
1269 2092 1341 2146 enim
1363 2092 1398 2145 ad
1416 2090 1453 2144 ius

145 2180 244 2238 tutum,
266 2190 284 2227 a
304 2191 357 2244 quo
378 2175 498 2229 feceram
518 2175 625 2229 initium
645 2174 728 2244 hujus
748 2173 966 2227 introductionis.
1009 2174 1092 2245 Coepi
1113 2175 1213 2237 dicere,
1234 2190 1277 2228 me
1298 2178 1388 2227 totam
1406 2174 1453 2225 ast

145 2253 262 2309 numiam
283 2271 336 2307 non
357 2255 558 2326 hypothesibus
578 2254 693 2319 fictitiis,
724 2254 772 2307 sed
798 2253 920 2324 physicis
941 2254 1032 2308 causis
1052 2257 1105 2310 hoc
1125 2272 1209 2325 opero
1229 2255 1357 2308 tradere:
1388 2249 1453 2305 adl

143 2351 209 2388 vero
244 2333 386 2405 fastigium
420 2352 463 2389 me
493 2335 665 2389 contendisse
695 2335 801 2388 duobus
826 2333 975 2404 gradibus:
1010 2336 1116 2399 altero,
1151 2336 1222 2406 quod
1252 2333 1453 2403 deprehendam

144 2415 172 2468 in
202 2431 316 2484 corpore
347 2414 419 2469 Solis
449 2432 611 2470 concurrere
640 2416 815 2485 planetarum
845 2414 1027 2479 ecoentricos‚
1061 2416 1182 2487 reliquo,
1219 2416 1289 2486 quod
1325 2413 1353 2466 in
1388 2412 1453 2465 theo

63 2504 73 2529 ‘
143 2494 262 2549 Telluris
284 2494 470 2551 intellexerim
491 2496 581 2550 inesse
602 2496 732 2550 circulum
753 2501 916 2566 aequantem
935 2493 1051 2567 ejusque
1065 2495 1299 2551 ecoentrieitatem
1314 2492 1453 2547 biseemu

143 2574 234 2646 Igitur
254 2574 299 2628 hic
319 2574 357 2629 sit
382 2576 481 2630 tert-ius
509 2579 626 2648 gradum
658 2577 730 2646 qued
758 2573 964 2644 comparatione
991 2576 1122 2631 instituta
1151 2575 1239 2646 partis
1269 2575 1409 2627 secundae
1435 2588 1453 2625 u

143 2662 245 2726 quarta
273 2655 424 2717 certissime
453 2658 670 2713 demonstratum
698 2656 764 2718 luit,
804 2655 888 2710 etiam
918 2656 1057 2710 Martialis
1087 2656 1231 2728 aequantia
1262 2653 1453 2708 ecoentricitat

143 2736 320 2791 hisecandam
341 2736 480 2806 praecise,
510 2739 582 2808 quod
602 2738 729 2792 Braheus
756 2735 802 2789 diu
829 2742 860 2789 et
880 2736 1046 2804 Copernicus
1072 2732 1453 2795 orationemementote

143 2815 300 2871 inductione
322 2815 399 2872 iacta
419 2819 455 2872 ah
475 2818 599 2872 omnibus
620 2816 741 2887 planetis
763 2822 843 2885 parte
863 2815 949 2871 tertia
969 2834 1007 2871 ex
1027 2818 1180 2888 anticipato
1201 2819 1419 2871 demonstratum
1442 2798 1453 2866 ι

142 2895 359 2967 quandoquidem
379 2896 458 2951 solidi
479 2899 569 2961 orbes,
593 2905 625 2951 ut
644 2897 771 2951 Braheus
792 2913 829 2949 ex
855 2896 1063 2964 trajectionibus
1092 2905 1258 2952 cometarum
1287 2897 1453 2948 demonstra:

142 2975 212 3031 nulli
232 2981 306 3039 sunt,
327 2975 399 3030 Solis
421 2976 508 3048 igitur
527 2994 626 3046 corpus
647 2994 709 3031 esse
724 2976 825 3029 iontem
840 2975 959 3039 virtutis,
982 2995 1053 3047 quae
1068 2980 1197 3048 planetas
1213 2993 1305 3030 omnes
1320 2973 1453 3044 mrcumaq

141 3055 252 3110 Medum
272 3054 358 3108 etiam
377 3056 485 3110 delinivi
507 3056 679 3127 argumentis
701 3057 799 3117 talem,
829 3062 861 3109 ut
881 3056 927 3110 Sol
948 3073 1062 3112 manens
1084 3059 1191 3129 quidem
1211 3074 1260 3111 suo
1282 3057 1357 3118 loco,
1389 3061 1453 3108 rotet

142 3142 236 3188 tamen
256 3150 307 3187 ceu
327 3133 356 3187 in
376 3142 471 3199 terno,
500 3137 611 3191 emittat
637 3153 702 3190 vero
732 3153 769 3189 ex
790 3152 851 3189 sese
872 3136 900 3190 in
920 3138 1011 3192 mundi
1033 3138 1239 3209 amplitudinem
1259 3134 1380 3206 speciem
1401 3135 1453 3189 ima

143 3214 273 3268 teriatam
295 3215 415 3284 corporis
437 3217 493 3280 sui,
514 3206 699 3287 analogam
687 3214 788 3285 speciei
807 3215 1010 3287 immateriatae
1032 3218 1100 3273 lucis
1122 3235 1205 3274 suae:
1235 3233 1308 3289 quae
1330 3215 1438 3284 species

143 3293 309 3348 rotationem
339 3296 459 3365 corperis
489 3297 594 3353 Solaris
624 3302 732 3352 rotetur
761 3295 823 3365 ipsa
852 3314 960 3367 quoque
989 3298 1078 3352 instar
1106 3297 1271 3368 rapidissimi
1301 3295 1413 3349 vorticis
1445 3311 1453 3364 1

144 3380 231 3428 totam
253 3374 342 3427 mundi
364 3376 582 3445 amplitudinem:
604 3377 810 3446 transieratque
831 3393 887 3430 una
907 3394 997 3431 secum
1019 3379 1045 3433 in
1066 3396 1166 3450 gyrum
1180 3393 1297 3448 corpora
1320 3377 1453 3445 planetar

146 3455 254 3509 intenso
275 3455 320 3507 vel
342 3455 454 3510 remisso
475 3464 567 3527 raptu,
588 3464 672 3528 prout
691 3456 800 3510 densior
820 3457 863 3511 vel
884 3458 973 3511 rarior
994 3459 1056 3529 ipsa
1075 3460 1194 3513 effluxus
1215 3460 1280 3529 lege
1301 3456 1395 3510 fuerit.

224 3545 367 3613 Expedita
387 3547 518 3601 communi
539 3547 593 3599 hac
612 3545 731 3609 virtute,
753 3562 809 3615 qua
828 3562 921 3600 omnes
941 3547 1074 3617 planetae
1094 3565 1144 3603 suo
1165 3547 1279 3618 quisque
1300 3545 1404 3598 circulo
1424 3543 1453 3598 cii

146 3625 239 3681 Solem
259 3624 441 3689 invehuntur:
463 3626 661 3681 consectarium
682 3631 745 3681 erat
764 3625 830 3679 meis
852 3629 1154 3696 argumentationibus,
1183 3635 1216 3682 ut
1235 3625 1353 3698 singulis
1374 3626 1453 3695 plane

147 3705 252 3778 singuli
272 3705 460 3761 tribuerentur
480 3714 614 3771 motores,
640 3706 668 3759 in
689 3704 755 3775 ipsis
776 3706 950 3775 planetarum
969 3708 1060 3778 globis
1082 3709 1248 3762 insidentes:
1271 3705 1373 3778 quippe
1394 3704 1453 3758 solis

147 3786 227 3842 orbes
243 3785 304 3856 jans
324 3803 361 3840 ex
382 3787 522 3843 sententia
541 3786 643 3842 Brahei
665 3785 758 3855 rejeci.
798 3790 890 3857 Atque
915 3789 967 3842 hoo
992 3789 1082 3858 ipsum
1102 3806 1210 3859 quoque
1231 3794 1312 3858 parte
1325 3785 1453 3840 'tertiae

222 3876 284 3929 Hac
305 3876 516 3947 argumentandi
538 3875 585 3930 via
605 3874 748 3930 constituti
767 3881 886 3929 motores
908 3876 953 3929 isti
979 3877 1136 3932 incredibile
1167 3878 1241 3932 dictu
1270 3882 1403 3948 quantum
1430 3890 1453 3927 m

143 3954 247 4010 laboris
268 3955 448 4012 exhibuerint
466 3963 548 4026 parte
570 3963 679 4027 quarta,
701 3957 764 4008 dum
784 3955 932 4010 distantias
952 3958 1084 4026 planetae
1106 3975 1124 4012 a
1142 3958 1215 4022 Sole,
1236 3960 1300 4012 dum
1314 3954 1453 4027 aequatid

143 4035 264 4089 ecoentri
284 4038 400 4106 prodere
415 4036 498 4107 jussi,
518 4035 633 4091 vitiosas
655 4037 775 4106 produnt
793 4041 825 4089 et
837 4037 873 4089 ab
893 4037 1132 4093 observationibus
1146 4038 1326 4093 dissentiunt:
1348 4053 1403 4089 non
1424 4051 1453 4106 qu

143 4116 215 4169 falso
236 4115 340 4171 luerint
359 4116 515 4182 introducti,
537 4118 584 4170 sed
606 4115 671 4186 quia
690 4115 852 4170 circulorum
872 4118 951 4186 quasi
970 4118 1093 4187 pistrinis
1114 4118 1177 4173 illos
1199 4118 1391 4188 alligaveram,
1413 4115 1453 4169 ias

143 4202 225 4249 natus
246 4195 373 4265 opinione
394 4195 520 4268 vulgari:
541 4197 640 4266 quihus
660 4195 702 4248 illi
723 4196 898 4265 compedibus
919 4197 983 4252 nexi
999 4215 1067 4268 opus
1082 4216 1159 4253 enum
1173 4199 1267 4252 facere
1286 4215 1340 4251 non
1354 4202 1453 4266 potera

223 4275 281 4329 Nec
298 4276 360 4331 sinis
381 4277 434 4332 ruis
454 4276 629 4348 fatigationis
649 4291 727 4329 meae
748 4275 824 4344 prius
845 4293 926 4348 quam
947 4286 1074 4349 quartum
1100 4281 1135 4332 ad
1161 4277 1331 4350 hypotheses
1362 4275 1453 4348 physis

143 4353 233 4409 struxi
254 4359 385 4426 gradum:
407 4355 627 4412 laboriosissimis
646 4356 922 4412 demonstrationibus
937 4359 1213 4431 observationumque
1227 4357 1407 4431 plurimarum
1419 4363 1453 4412 tri

143 4435 294 4490 tationihus
308 4437 489 4507 deprehenso,
511 4437 564 4492 iter
577 4437 709 4508 planetae
723 4433 750 4489 in
764 4437 842 4490 coelo
860 4455 913 4491 non
928 4456 989 4494 esse
1003 4439 1142 4504 circulum,
1164 4441 1217 4495 sed
1233 4438 1323 4493 viam
1343 4437 1452 4492 ovale

143 4515 266 4587 perfecte
287 4516 501 4589 ellipticam.

222 4595 348 4651 Accessit
366 4597 522 4671 geometria
542 4597 695 4668 docuitque.
716 4596 771 4651 iter
791 4595 848 4651 tals
869 4597 950 4663 efflei,
971 4597 994 4651 si
1014 4598 1133 4668 propriis
1147 4600 1323 4671 planetarum
1341 4595 1453 4653 metovil

143 4677 269 4732 lahorem
287 4676 360 4732 hune
380 4679 561 4751 assignemus,
582 4675 701 4732 librandi
721 4692 821 4747 eorpus
834 4693 912 4733 suurn
927 4677 954 4731 in
967 4678 1043 4733 linea
1056 4686 1135 4736 recta
1146 4697 1242 4736 versus
1256 4680 1348 4735 Solem
1362 4685 1453 4733 extem

143 4758 239 4828 Neque
259 4755 310 4811 hcc
331 4760 434 4824 solum,
462 4759 511 4812 sed
530 4763 566 4812 et
581 4756 761 4830 aequationes
782 4757 924 4813 ecoentrici
951 4757 1048 4828 justae
1068 4766 1099 4815 et
1118 4760 1357 4817 observationibus
1379 4774 1453 4813 eoam

143 4844 245 4899 taceas
265 4836 458 4897 efficiebantur
478 4854 529 4911 per
548 4838 635 4895 ιιιιοιιι
653 4837 838 4895 librationem.
