3278 5550
665 315 825 367 Introductis.
1358 311 1417 382 151

154 492 245 545 Vera
264 491 352 562 igitur
372 494 528 549 doctrina
548 497 586 547 de
606 495 789 565 gravitate
810 494 852 547 bis
874 495 1001 549 innititur
1021 494 1222 550 axiomatibus:

152 571 243 625 Omnis
264 573 424 627 substantia
445 591 586 644 corporea,
608 584 744 644 quatenus
766 591 913 643 corporea,
944 583 1013 646 apta
1034 582 1103 629 nata
1123 582 1167 630 est
1187 575 1328 646 quiescere
1349 576 1419 631 omui

115 670 140 715 o,
159 651 188 706 in
208 668 262 723 quo
282 653 411 708 solitaria
430 655 542 724 ponitur
561 661 645 709 extra
665 657 758 708 orbem
780 654 888 709 virtutis
909 656 1021 727 cognati
1042 654 1172 724 corporis.

149 742 282 798 Gravitas
303 752 347 797 est
367 744 475 798 affectio
497 763 630 817 corporea
650 753 746 799 mutua
766 743 838 798 inter
858 752 979 815 cognata
1009 760 1125 815 corpora
1145 746 1181 798 ad
1202 744 1351 799 unitionem
1371 760 1420 798 seu

115 823 290 893 donationem
311 821 377 894 (quo
398 842 487 878 rerum
509 828 602 880 ordine
623 833 668 879 est
687 831 717 878 et
731 825 850 879 facultas
870 822 1052 896 magnetica),
1072 830 1105 879 ut
1126 826 1210 878 multo
1231 825 1320 896 magis
1335 826 1422 880 Terra

115 905 167 958 ibat
186 904 316 973 lapidem,
338 921 418 975 quam
438 906 511 976 lapis
534 907 605 976 petit
625 908 746 960 Terram.

148 984 256 1038 Gravia
277 980 314 1053 (si
334 985 454 1039 maxime
474 987 587 1041 Terram
608 987 635 1040 in
657 994 751 1040 centro
773 986 862 1040 mundi
884 980 1062 1052 collocemus)
1084 1002 1137 1038 non
1158 985 1285 1038 feruntur
1305 983 1340 1036 ad
1359 1002 1422 1038 cen·

115 1082 141 1119 ιι
160 1064 267 1126 mundi,
296 1073 328 1118 ut
347 1066 382 1119 ad
404 1071 526 1121 centrum
547 1068 651 1130 mundi,
683 1069 730 1120 sed
760 1074 793 1120 ut
821 1069 856 1120 ad
878 1073 1000 1121 centrum
1027 1065 1135 1119 rotundi
1157 1063 1269 1136 cognati
1291 1064 1421 1135 eorporis,

115 1145 187 1198 lluris
209 1143 324 1198 scilicet
366 1146 464 1216 ltaque
485 1148 639 1219 ubicunque
660 1148 810 1201 collocetur
839 1165 887 1200 seu
916 1164 1077 1219 quocunque
1104 1147 1308 1217 transportetur
1327 1144 1422 1198 Tellus

115 1225 206 1279 nltate
227 1241 280 1278 sua
301 1224 422 1288 animali,
444 1244 553 1296 semper
573 1229 608 1282 ad
629 1228 706 1282 illam
727 1228 853 1281 teruntur
873 1227 980 1299 gravia

148 1305 178 1359 Si
198 1304 288 1358 Terra
307 1323 361 1359 nou
381 1315 458 1360 esset
477 1310 604 1371 rotunda,
625 1308 726 1379 gravia
745 1325 799 1361 non
819 1307 993 1379 undiquaque
1013 1307 1153 1360 ferrentur
1166 1310 1244 1357 recta
1258 1305 1292 1356 ad
1307 1303 1423 1358 medium

115 1402 172 1439 rrae
194 1391 334 1455 punctum,
357 1388 404 1440 sed
425 1386 563 1443 terrentur
584 1390 617 1442 ad
639 1394 743 1457 puncta
762 1388 872 1441 diversa
891 1404 909 1441 a
929 1387 1064 1442 lateribus
1084 1384 1208 1440 diversis.

146 1465 176 1519 Si
197 1464 252 1518 duo
273 1465 381 1535 lapides
402 1468 428 1519 in
453 1467 546 1538 aliquo
576 1470 637 1523 loeo
666 1468 758 1522 mundi
789 1468 992 1522 collocarentur
1021 1465 1164 1537 propinqui
1194 1464 1309 1518 invicem
1338 1472 1423 1519 extra

115 1563 161 1600 sem
183 1545 296 1599 virtutis
317 1546 392 1600 tertii
414 1549 526 1618 cognati
548 1549 681 1620 corporis,
705 1547 745 1601 illi
767 1548 874 1616 lapides
895 1551 929 1602 ad
950 1547 1153 1602 similitudinem
1173 1546 1287 1598 duorum
1307 1560 1420 1614 magne·

115 1642 184 1681 ιιιιιι
205 1641 350 1694 corporum
370 1627 476 1681 coirent
495 1630 556 1682 loco
577 1627 745 1691 intermedio,
767 1628 884 1697 quilibet
905 1630 1037 1682 accedens
1059 1629 1093 1681 ad
1110 1625 1229 1679 alterum
1244 1629 1324 1725 tanto
1337 1620 1422 1684 intei-

115 1706 152 1769 lo,
173 1712 285 1776 quanta
304 1712 350 1760 est
369 1707 486 1761 alterius
506 1709 620 1764 moles
612 1727 640 1763 sn
662 1707 875 1777 comparatione.

144 1787 175 1839 Si
197 1787 280 1840 Luna
300 1793 330 1840 et
350 1789 436 1841 Terra
457 1807 510 1843 non
530 1790 716 1844 retinerent-ur
736 1789 762 1841 vi
783 1788 896 1842 animali
926 1793 977 1842 aut
1006 1787 1064 1841 alia
1091 1786 1187 1857 aliqua
1214 1783 1421 1856 aequipollenti,

115 1866 239 1921 selibet
231 1884 260 1918 ιι
281 1882 331 1918 ιιι
352 1868 478 1932 circuitu,
501 1871 587 1924 Terra
608 1871 770 1923 ascenderet
791 1870 826 1922 ad
845 1870 950 1921 Lunam
971 1867 1200 1938 quinquagesima
1220 1868 1323 1936 quarta
1342 1872 1422 1934 parte

115 1945 217 2010 malli,
238 1946 322 1999 Luna
341 1948 520 2004 descenderet
539 1953 574 2004 ad
595 1953 707 2004 Terram
729 1949 929 2021 quinquaginta
953 1948 1041 2003 tribus
1062 1947 1171 2001 circiter
1191 1945 1317 2016 partibus
1337 1944 1423 2000 inter·

115 2025 149 2091 li,
179 2026 279 2097 ubique
303 2025 504 2098 jungerentur:
536 2030 626 2100 posito
655 2038 757 2093 tamen,
789 2031 859 2099 quod
880 2028 1038 2082 substantia
1068 2028 1209 2147 utriusque
1237 2024 1275 2080 sit
1292 2025 1373 2081 unius
1394 2030 1425 2080 et'

115 2109 188 2161 adem
210 2106 370 2160 densitatis.
933 2144 936 2151 -
1382 2124 1387 2132 ·
1415 2116 1423 2139 ·

141 2186 172 2243 Si
195 2188 288 2240 Terra
307 2194 429 2242 cessaret
443 2188 586 2242 attrahere
604 2191 639 2242 ad
653 2206 683 2243 se
698 2206 784 2261 aquas
799 2204 873 2252 suas,
895 2205 986 2259 aquae
1001 2187 1124 2241 marinae
1138 2202 1231 2275 omnes
1246 2186 1424 2240 elevarentur

115 2266 141 2322 ia
160 2283 270 2336 corpus
290 2267 386 2321 Lunae
407 2268 560 2325 influerent.
1303 2274 1317 2295 *

142 2347 228 2402 Orbis
251 2346 364 2400 virtutis
385 2349 543 2411 tractoriae,
565 2366 637 2420 quae
658 2355 701 2401 est
720 2348 747 2401 iu
759 2348 850 2411 Luna,
872 2347 1024 2418 porrigitur
1044 2364 1131 2419 usque
1152 2349 1187 2400 ad
1201 2347 1302 2401 Terras
1316 2349 1347 2398 et
1359 2360 1423 2413 pro·

115 2422 152 2483 'U
170 2442 267 2497 aquas
288 2427 340 2480 snb
361 2444 457 2482 ronam
478 2429 617 2491 torridam,
639 2429 740 2499 quippe
762 2429 789 2481 in
810 2444 949 2481 occursum
965 2442 1041 2480 suum
1062 2442 1223 2497 quacunque
1243 2426 1272 2479 in
1293 2423 1424 2481 verticem
1442 2436 1445 2443 '

115 2506 244 2568 i'ntidit,
271 2507 467 2561 insensibiliter
487 2509 514 2561 in
535 2509 656 2565 maribus
676 2508 796 2569 inclusis,
819 2507 988 2585 sensibiliter
1002 2506 1047 2570 ibi,
1063 2507 1110 2560 ubi
1130 2514 1195 2560 sunt
1209 2503 1334 2560 latissimi
1350 2504 1423 2558 alvei

115 2587 168 2641 ιι·
182 2588 323 2656 aquisque
344 2587 468 2656 spatiosa¹
489 2589 712 2659 reciprocationis
728 2590 858 2657 libertas3
881 2605 940 2681 quo·
954 2588 1028 2640 facto
1044 2588 1182 2641 nudantur
1196 2587 1279 2640 litora
1293 2600 1424 2638 zonarum

115 2666 260 2722 hum
283 2668 440 2722 lateralium
461 2676 492 2722 et
511 2668 534 2721 si
556 2686 612 2740 qua
632 2670 715 2723 etiam
735 2671 785 2723 sub
801 2668 940 2722 torrida
918 2685 993 2721 sinus
1008 2667 1131 2721 efficiunt
1144 2666 1313 2720 reductiones
1327 2665 1424 2719 oceani

115 2744 221 2818 ῂιὶ.
269 2749 366 2817 Itaque
387 2749 465 2818 aquis
488 2742 514 2802 in
535 2749 629 2804 latiori
649 2752 730 2803 alveo
751 2749 845 2802 oceani
868 2747 1092 2818 assurgentibus,
1119 2748 1178 2801 lieri
1206 2750 1316 2816 potest,
1343 2743 1404 2797 ut
1396 2762 1425 2799 sn

115 2828 280 2899 moribus
302 2828 362 2895 ejus
384 2828 506 2890 sinubus,
528 2832 605 2883 modo
626 2818 680 2884 nou
701 2829 779 2883 nimis
801 2836 877 2883 arcte
899 2827 1042 2889 conclusis
1065 2844 1155 2898 aquae
1176 2831 1326 2918 praesente
1343 2823 1425 2878 Luna

115 2922 152 2963 Ι
170 2909 314 2978 aufugere
334 2909 371 2962 ab
392 2924 427 2962 ea
445 2909 606 2964 videantur·
629 2910 731 2979 quippe
751 2910 904 2972 subsidunt,
927 2909 993 2965 ioris
1014 2910 1162 2962 subtracta
1177 2906 1257 2976 copia
1278 2918 1420 2975 aquarum.

145 2997 286 3051 Celeriter
306 3013 372 3051 vero
386 2999 467 3051 Luna
486 2998 616 3053 verticem
638 3000 837 3061 transvolante,
859 3017 919 3052 curn
942 3015 1032 3068 aquae
1054 3007 1110 3053 tarn
1125 2997 1252 3051 celeriter
1273 2993 1350 3066 sequi
1370 3012 1425 3049 non

115 3076 182 3140 aba
201 3078 298 3131 fluxus
320 3077 427 3148 quidem
446 3079 479 3131 fit
498 3080 593 3133 oceani
616 3081 666 3134 sub
688 3081 792 3134 torrida
812 3080 839 3133 in
863 3079 1039 3140 occidentem,
1062 3081 1152 3149 quoad
1167 3075 1297 3149 impingit
1309 3077 1345 3131 ad
1359 3092 1422 3130 con·
1524 3094 1529 3103 ·

115 3156 156 3211 ria
174 3159 263 3211 litora
283 3163 470 3228 curvaturque
491 3159 527 3212 ab
548 3159 594 3221 iis;
616 3160 775 3214 dissolvitur
795 3176 860 3215 vero
881 3159 1003 3213 discessu
1018 3160 1113 3213 Lunae
1128 3158 1272 3212 concilium
1291 3170 1429 3229 aquarum·

115 3254 120 3291 ι
136 3238 289 3300 exercitus,
313 3239 358 3308 qui
379 3245 423 3292 est
443 3238 469 3291 in
491 3238 588 3293 itinere
603 3258 698 3294 versus
714 3240 852 3303 torridam,
875 3240 975 3311 quippe
990 3241 1115 3294 desertus
1130 3255 1149 3292 a
1162 3245 1262 3299 tractu,
1286 3235 1330 3307 qui
1346 3230 1422 3290 illurn

115 3318 219 3381 siverat,
243 3318 403 3389 impetuque
424 3326 515 3387 capto,
537 3320 616 3374 utin
638 3321 711 3374 vasis
734 3321 877 3391 aquaticis,
900 3326 1006 3373 remeat
1027 3325 1056 3372 et
1077 3319 1199 3373 assultat
1219 3319 1253 3371 ad
1275 3318 1359 3371 litora
1372 3333 1425 3370 sua

115 3412 156 3468 pre
176 3398 282 3468 operit:
305 3398 451 3471 gignitque
472 3396 589 3468 impetus
610 3400 663 3454 iste
684 3418 735 3469 per
755 3400 910 3455 absentiam
930 3401 1024 3453 itunae
1052 3400 1180 3468 impet-um
1212 3397 1307 3460 alium,
1323 3398 1425 3450 donec

115 3494 149 3532 na
167 3479 278 3532 rediens
301 3478 399 3531 staena
418 3478 536 3548 impetus
566 3481 648 3550 hujus
677 3481 795 3550 recipiat
825 3482 1033 3549 modereturqne
1062 3485 1092 3532 et
1121 3494 1258 3531 unacum
1278 3493 1329 3530 suc
1348 3483 1425 3530 motu

115 3567 256 3628 cumagat.
293 3559 338 3611 lta
353 3559 437 3612 litora
450 3559 606 3629 aequaliter
621 3561 748 3630 patent-ia
768 3561 861 3617 iisdem
882 3561 957 3613 horis
977 3560 1127 3628 implentur
1140 3557 1247 3621 omnia,
1269 3556 1426 3610 reductiora

115 3654 134 3691 ιι
151 3639 275 3701 tardius,
300 3640 433 3693 nonnulla
453 3639 631 3693 diversimode
651 3642 688 3695 ob
708 3641 829 3695 diversos
851 3640 946 3694 oceani
968 3640 1067 3694 aditus.
1374 3651 1378 3660 ·

149 3720 237 3782 Hinc,
263 3726 294 3772 ut
314 3719 406 3789 obiter
425 3736 586 3784 excurram,
608 3722 816 3775 accumulantur
836 3728 940 3793 syrtes,
963 3736 1109 3774 arenarum
1129 3715 1242 3771 cumuli:
1274 3720 1425 3769 ιιιοιιιιι

115 3801 296 3873 teraduntur
314 3799 342 3852 iu
363 3799 505 3853 vorticosis
527 3801 698 3855 anfractibus
727 3797 774 3867 (ut
794 3819 844 3871 pro
864 3800 924 3855 sinu
945 3793 1106 3865 Mexicanol
1133 3798 1241 3852 insulae
1268 3795 1423 3849 innumera·

115 3896 155 3942 rs;
176 3879 341 3949 videturque
356 3879 493 3933 ludicrum
510 3881 609 3943 mollis,
632 3882 716 3935 beata
729 3888 759 3935 ot
773 3882 891 3935 friabilis
905 3887 983 3935 terra
997 3882 1048 3937 boc
1066 3881 1144 3933 tluxu
1157 3882 1188 3933 st
1200 3875 1424 3935 eluvio.acterna

115 3961 179 4013 rtem
198 3976 264 4013 esse
285 3965 420 4029 perrupta
440 3967 524 4030 atquc
553 3962 698 4030 perfossa,
728 3962 879 4031 adjumte
901 3962 1003 4014 Terrae
1033 3956 1118 4015 motu
1140 3958 1232 4029 aliquo
1262 3954 1422 4018 universali,

115 4039 215 4111 solim
236 4055 256 4092 a
276 4040 465 4093 Chersonneso
487 4056 575 4095 aurea
593 4058 690 4095 versus
719 4042 852 4096 orientem
880 4049 909 4095 et
937 4041 1075 4095 meridiem
1103 4039 1234 4095 contiuua
1254 4035 1338 4089 luisse
1359 4051 1422 4104 per·

115 4128 212 4182 eatur,
230 4118 348 4190 jamque
368 4120 454 4174 effuso
476 4137 595 4184 oceano,
617 4122 663 4192 qui
684 4138 702 4175 a
723 4129 804 4192 tergo
825 4130 888 4177 erat
908 4120 980 4175 iuter
1000 4120 1081 4174 Sinas
1101 4127 1131 4174 et
1150 4116 1316 4179 American,
1338 4115 1423 4173 litora

115 4200 323 4255 rlloluccarum
344 4200 515 4271 aliarumque
535 4201 685 4256 vicinarum
705 4203 856 4256 insularum
877 4203 905 4255 in
926 4202 1014 4256 altum
1034 4208 1209 4271 exporrecta,
1231 4195 1334 4269 quippe
1355 4197 1419 4249 sub-

115 4288 176 4335 snte
195 4280 281 4334 maris
302 4280 454 4350 superficie,
476 4281 555 4335 tidem
576 4281 658 4349 husius
680 4282 720 4335 rei
741 4282 906 4352 opprimunt
920 4275 958 4348 ¹⁹)

148 4370 223 4433 Quin
243 4377 274 4423 et
292 4369 457 4438 Taprobane
478 4388 515 4424 ex
535 4387 568 4423 eo
590 4371 733 4424 submersa
753 4370 861 4424 ridetur
883 4374 926 4432 (ut
940 4368 1046 4441 quidem
1061 4376 1221 4423 constater
1235 4356 1327 4420 relatu
1341 4364 1420 4417 Calc·

115 4450 241 4543 iendum,
263 4449 359 4521 aliqua
371 4450 456 4504 ctiam
470 4450 508 4504 ibi
528 4450 648 4504 locorum
663 4452 806 4505 submersa
820 4468 881 4504 esse
896 4448 974 4519 olim)
988 4462 1092 4503 oceano
1106 4448 1213 4503 Sinensi
1229 4463 1279 4516 per
1292 4438 1420 4498 affractus

115 4538 167 4586 rtn
185 4530 215 4584 in
229 4530 351 4605 Indicum
371 4530 482 4592 intuso,
491 4537 523 4584 ut
542 4530 623 4585 hodie
644 4530 713 4584 nihil
726 4534 760 4584 da
775 4533 940 4600 Taprobane
961 4536 1056 4585 exstet
1075 4536 1187 4599 praeter
1208 4526 1324 4581 rertices
1344 4541 1419 4579 mon·

115 4628 152 4675 ιι,
181 4610 229 4681 qui
257 4610 377 4681 speciem
397 4611 533 4664 exhibent
554 4611 703 4664 insularum
725 4611 960 4666 innumerabilium
983 4611 1034 4663 sub
1055 4610 1162 4662 nomine
1182 4605 1419 4661 Malvidarum.

115 4706 145 4745 ι
162 4690 200 4745 rbi
221 4691 275 4745 loci
295 4691 377 4745 sitam
397 4690 481 4745 uisse
503 4690 566 4745 olim
587 4691 785 4760 Taprobanen,
816 4709 853 4746 ex
883 4694 997 4746 adverso
1028 4690 1133 4743 scilicet
1160 4688 1291 4742 ostiorum
1311 4686 1370 4739 Indi
1391 4692 1421 4737 et

115 4771 249 4826 ιιιιιιιιιίἰ
269 4770 343 4835 Curii
362 4787 458 4825 versus
478 4770 632 4834 meridiem,
662 4772 744 4826 facila
774 4779 818 4825 est
847 4790 883 4825 ex
910 4770 1116 4842 cosmographis
1137 4777 1169 4823 et
1187 4768 1306 4822 Diodoro
1326 4766 1418 4820 Siculo

115 4852 205 4916 obem
234 4869 295 4908 cum
325 4851 409 4908 etiam
435 4851 462 4906 in
483 4851 602 4906 historia
621 4851 812 4907 ecclesiastica
832 4853 940 4925 quidam
966 4850 1145 4922 perhibeatur
1166 4849 1251 4907 luisse
1272 4844 1418 4933 communis
