3278 5550
678 280 719 335 us
739 280 820 335 ausa
1081 222 1112 295 Ι*
1360 279 1426 349 0¹15

108 459 193 522 luxit
215 459 275 521 vim
299 459 432 541 epicyclo
456 460 577 533 afferre,
603 457 641 519 ad
664 460 837 538 parallares
867 461 1083 525 examinandas
1106 462 1224 525 sincero
1249 460 1347 522 animo
1370 481 1425 523 ac-

109 549 178 624 asit,
202 549 374 630 invenitque
398 550 427 610 in
453 548 642 630 quadraturis
667 567 723 609 uon
748 566 815 610 esse
846 550 989 630 majorem
1020 551 1154 635 epicyclo
1187 549 1424 631 amplitudinem,

109 659 160 701 am
186 635 206 702 6
231 637 521 700 semidiametrornm
537 639 658 699 Terrae.
699 637 873 716 eujusmodi
898 640 1015 719 quidem
1040 634 1205 720 amplitudo
1229 659 1286 701 non
1310 638 1426 720 patitur

109 728 284 809 quatiodem
308 727 347 788 ad
372 724 410 790 3⁰
433 745 621 799 excrescere,
655 745 721 788 cunr
745 727 876 789 maxima
899 727 929 790 in
952 728 1144 810 quadraturis
1178 727 1319 811 aequatio
1344 722 1427 811 7¹l,⁰

109 812 218 879 stulet.
256 818 363 896 Itaque
383 816 448 895 jam
462 823 494 877 et
510 815 540 877 in
555 815 641 876 Luna
659 824 766 877 natura
787 817 874 877 nohis
890 825 1097 897 argumentum
1115 817 1298 881 monstravit
1315 836 1427 881 causae

109 905 217 989 ysicae
241 905 486 978 introducendae,
511 924 570 965 non
593 905 690 965 minus
714 924 801 985 quam
826 905 908 983 prius
931 906 960 968 in
977 906 1073 970 tribus
1096 907 1307 989 superioribus.
1338 904 1426 978 Quo·

109 997 162 1058 >do
188 995 217 1056 id
242 994 271 1055 in
297 994 415 1056 theoria
437 993 520 1056 Solis
544 1012 659 1075 qnoque
682 994 838 1074 probetur,
866 995 978 1075 partim
1002 994 1076 1077 Cap.
1101 997 1142 1061 ΙΙ.
1167 996 1290 1065 dictum,
1314 995 1364 1057 ubi
1388 995 1426 1057 de

110 1092 243 1166 parente
258 1083 341 1146 Solis
365 1084 512 1145 diametro
536 1083 710 1162 agebamus,
733 1083 843 1162 partim
862 1084 1058 1147 differendum
1073 1086 1166 1148 estin
1181 1093 1297 1164 partem
1322 1092 1427 1147 astro-

109 1174 193 1237 miae
221 1173 393 1255 physicam,
427 1192 516 1253 qnam
544 1192 603 1233 una
635 1191 699 1253 cum
731 1172 987 1255 demonstratione
1019 1182 1152 1236 motuum
1184 1175 1292 1236 stellae
1316 1174 1427 1236 Martis

108 1263 171 1325 imo
195 1280 310 1345 qnoque
336 1271 469 1343 tempore
493 1262 559 1322 Deo
584 1261 677 1322 vitam
701 1269 732 1322 et
755 1262 835 1323 vires
860 1263 1007 1342 largiente
1030 1262 1059 1324 in
1084 1264 1181 1326 lncern
1204 1264 1299 1338 dabo,
1329 1263 1426 1326 hanc-

111 1371 130 1412 e
164 1351 364 1432 inaequalium
396 1359 529 1412 motuum
562 1369 684 1413 causam
711 1350 867 1431 physicam
898 1352 1065 1413 luculenter
1094 1360 1126 1415 et
1157 1351 1274 1432 legibus
1307 1350 1427 1437 quidem

109 1440 275 1513 ometricis,
300 1460 336 1501 ne
360 1460 419 1521 qua
441 1450 559 1503 metuas
583 1439 713 1512 calculo,
739 1440 886 1501 tractabo.
931 1441 969 1503 ln
992 1442 1165 1521 praesentia
1186 1449 1303 1505 tantum
1326 1440 1427 1503 dicere

112 1530 178 1603 lui,
207 1537 325 1590 veteres
358 1528 439 1590 circa
472 1529 635 1589 diametros
664 1527 852 1593 luminarium
884 1536 973 1610 atque
1004 1530 1249 1611 ipsius.umbrae
1272 1529 1301 1592 in
1325 1526 1427 1591 errore

109 1638 145 1681 se
181 1619 218 1680 ob
250 1618 419 1697 neglectam
452 1618 530 1679 hanc
568 1617 724 1698 physicam
756 1636 879 1679 cansam
915 1618 1061 1698 nimisque
1094 1626 1214 1682 anctum
1250 1619 1425 1702 epicyelurn.

109 1727 204 1789 unque
229 1713 261 1768 et
284 1706 451 1770 Ptolemaei
483 1706 656 1768 methodum
678 1714 710 1767 et
732 1726 808 1787 quae
832 1706 861 1768 in
886 1706 940 1768 illa
961 1719 1104 1788 suspecta
1134 1710 1196 1772 sint
1224 1709 1287 1771 iere
1319 1716 1425 1770 tenes:

109 1805 217 1878 perest
238 1804 272 1858 ut
295 1798 332 1859 ad
357 1797 445 1877 hujus
469 1814 585 1877 quoque
609 1795 704 1857 libelli
727 1796 900 1857 methodum
923 1798 1075 1859 accedam.

546 1991 603 2052 De
639 2011 722 2053 mea
759 1991 959 2055 Methodo.

168 2153 322 2232 ingenium
351 2151 406 2213 tibi
437 2152 533 2213 lector
563 2151 728 2214 traditurus
761 2170 844 2214 eram
877 2152 1056 2214 contexendi
1086 2152 1187 2232 operis
1218 2152 1307 2227 talis,
1340 2152 1429 2234 quale

109 2243 271 2305 :olemaeus
294 2240 430 2322 appellat
442 2243 566 2317 μεγαλῳ
581 2237 724 2315 concire,
750 2259 826 2319 opus
842 2241 939 2321 ipsum
958 2240 1066 2323 majori
1085 2248 1194 2303 conatu
1218 2259 1428 2320 aggressurus.

109 2351 179 2412 eges
202 2332 293 2410 igitur
315 2330 504 2393 theoremata
527 2337 558 2390 et
580 2329 768 2409 problemata
799 2330 998 2391 exstmendae
1030 2350 1066 2391 ex
1090 2329 1254 2408 eclipsibus
1286 2337 1429 2391 astrono-

109 2422 174 2494 iae;
205 2439 312 2500 sparsa
334 2420 389 2481 illa
412 2438 466 2479 nec
489 2418 578 2498 plane
603 2418 814 2493 cohaerentia,
840 2420 893 2482 sed
916 2418 1138 2482 conditionibus
1169 2417 1272 2501 aliqua
1299 2418 1429 2481 circum-

109 2509 203 2591 ripta.
251 2509 313 2572 Sed
335 2516 454 2582 tamen,
486 2507 532 2569 uti
553 2508 704 2589 quondam
727 2508 883 2571 Daedalus
913 2528 997 2571 suam
1023 2509 1191 2576 Venerem,
1214 2507 1260 2569 sic
1283 2525 1339 2588 ego
1362 2526 1436 2575 msa,

109 2599 268 2661 oblemata
290 2606 397 2678 captus
421 2615 522 2657 amore
547 2597 758 2676 descriptionis
781 2615 890 2677 magna
913 2616 950 2658 ea
974 2605 1061 2676 parte
1085 2596 1219 2660 animata
1245 2596 1373 2670 reddidi,
1397 2603 1432 2658 nt

109 2706 219 2768 agnam
241 2696 358 2768 partem
382 2685 482 2766 operis
506 2687 745 2767 amplectantur;
768 2686 799 2748 in
822 2687 1124 2768 quibusmethodum
1146 2687 1225 2747 hanc
1247 2685 1384 2769 notabis:

169 2776 301 2839 Primum
327 2776 506 2848 ostenditur,
531 2783 644 2856 quanta
667 2775 708 2836 sit
731 2794 881 2856 apparens
904 2774 1050 2837 diameter
1068 2775 1151 2839 Solis
1171 2774 1302 2837 adhaec
1325 2781 1432 2838 nostra

109 2884 224 2947 mpora.

169 2955 308 3018 Secundo
332 2954 458 3015 eandem
482 2972 584 3016 curam
608 2955 638 3015 in
658 2955 837 3017 diametmm
856 2954 960 3016 Lunae
983 2960 1178 3033 apparentem
1200 2951 1429 3015 transferemus⁴

168 3044 272 3107 Tertio
295 3043 498 3105 necessarium
522 3045 580 3105 erit
603 3044 777 3123 explanare,
801 3051 942 3123 quantum
966 3060 1108 3104 accessus
1132 3051 1164 3102 et
1186 3060 1324 3104 recessus
1346 3038 1431 3103 Solis

109 3135 215 3196 nbram
238 3134 349 3194 Terrae
374 3132 481 3207 variet,
506 3140 538 3193 ut
562 3142 675 3195 certum
699 3132 749 3204 sit,
772 3131 948 3193 insensibile
972 3130 1124 3212 quippiam
1147 3130 1176 3191 id
1201 3150 1280 3195 esse·
1369 3182 1374 3199 ,

171 3222 288 3295 Quarto
324 3221 491 3283 latitudinis
526 3223 667 3301 angulum
690 3222 720 3282 in
743 3219 818 3300 ipsis
849 3220 1091 3300 oppositionibus
1119 3229 1150 3281 et
1172 3218 1431 3300 conjunctionibus
1458 3242 1478 3297 ι

109 3311 231 3393 elipticis
255 3311 480 3373 constituemus.

170 3400 285 3471 Quinto
308 3408 421 3461 motum
444 3399 615 3462 latitudinis
639 3407 669 3459 et
684 3398 781 3479 ipsam
804 3398 993 3461 latitudinem
1016 3399 1103 3460 novis
1117 3397 1313 3477 problematis
1331 3394 1431 3477 inqui-

109 3511 149 3552 ·re
174 3489 357 3552 docebimus.
1149 3536 1153 3541 .
1386 3526 1390 3531 .

172 3579 277 3642 Sexto.
324 3578 402 3639 Hinc
425 3576 570 3638 diameter
598 3576 719 3638 umbras
749 3574 894 3637 incertis
923 3566 997 3637 locis
1026 3576 1194 3638 anomaliae
1216 3575 1321 3638 Lunae
1344 3574 1431 3634 meo·

109 3668 244 3731 trabitur.

172 3757 307 3836 Septimo
330 3754 505 3834 parallaxes
530 3759 562 3813 et
584 3753 762 3815 altitudines
786 3744 889 3814 Lunae
913 3774 931 3812 a
954 3754 1050 3814 Terra
1071 3752 1155 3814 varie
1178 3750 1372 3832 inquirentur.

173 3845 303 3922 Octavo,
329 3843 395 3905 hinc
420 3841 639 3904 examinabitur
661 3841 816 3923 proportio
840 3860 1007 3920 corporum.
1110 3880 1114 3887 ·

172 3937 271 4009 Nono,
294 3933 364 3995 hinc
384 3940 497 3994 motum
521 3931 671 3993 horarium
696 3930 868 3993 docebimus
891 3930 1034 4005 invenire,
1058 3948 1115 4011 quo
1140 3929 1308 3995 rectissime
1333 3927 1432 4009 hypo-

109 4045 187 4088 reses
210 4020 337 4086 aliorum
360 4022 575 4083 examinentur.
1257 4012 1261 4018 ’
1361 4088 1366 4103 ι

172 4112 307 4186 Decimo,
333 4131 408 4193 qnae
432 4111 501 4172 hinc
525 4110 563 4171 ad
591 4111 687 4190 ipsam
711 4111 736 4180 b
763 4106 942 4191 hypothesin
975 4108 1013 4169 ad
1036 4107 1183 4169 theoriam
1207 4103 1265 4183 Θ,
1295 4106 1334 4167 ad
1356 4124 1433 4186 geu-
1467 4102 1472 4109 ’

109 4202 319 4284 aphram-uc.
344 4200 521 4274 redundent,
546 4199 642 4262 obiter
665 4197 883 4259 indicabuntur.
1438 4270 1443 4280 Ι

173 4293 321 4371 Pleraque
345 4308 383 4350 ex
411 4289 596 4369 simplicibus
631 4295 663 4349 et*
684 4287 772 4348 facile
805 4285 1058 4367 comparabilibus
1089 4283 1369 4357 observationibus,
1400 4292 1435 4345 ut

109 4382 247 4445 lentidem
272 4380 341 4441 aliis
364 4378 510 4459 exemplis
528 4377 665 4440 reiterari
684 4384 716 4437 et
730 4376 934 4438 communiora
951 4375 1015 4436 lieri
1037 4375 1167 4456 possint,
1191 4372 1241 4455 qui
1254 4373 1433 4456 praecipuus

109 4473 173 4553 rjus
197 4469 293 4533 libelli
316 4468 384 4531 linis
408 4474 465 4528 est.
