3278 5550
139 286 185 363 98
215 241 221 252 ·
556 288 657 341 Literse
674 286 776 354 Kopion
794 285 945 353 suorumque
963 291 1064 337 mutuae

117 456 119 461 ⁴
141 484 199 520 oum
216 469 242 519 iu
261 467 390 533 eclipsibus
408 472 461 518 tum
474 466 544 518 abac
571 468 644 518 Forte
657 467 729 528 haec,
748 467 874 532 aliquanto
886 467 966 529 major
977 469 1068 522 sumta,
1087 462 1279 515 declinationem
1293 456 1410 510 nonnihil
1423 455 1490 509 etia!

140 543 260 603 malorem
276 541 342 603 lusto
361 540 429 590 facit.
466 538 553 603 Neque
571 544 656 589 tamen
675 554 721 604 ego
740 554 782 603 pro
801 551 843 586 me
860 537 928 593 dico,
957 551 1013 586 cum
1036 549 1093 586 mea
1119 535 1284 585 instmmenta
1305 546 1358 581 uon
1377 535 1490 581 accurat

141 612 192 661 siut
210 617 236 660 et
253 612 289 662 sic
308 611 409 661 aiiomm
434 610 511 660 oculis
529 624 569 660 me
586 611 667 661 ridere
696 617 815 674 oporteat
853 607 949 658 Curabo
977 612 1061 656 tamen
1089 607 1155 656 brevi
1182 604 1346 669 quadrantem
1371 598 1490 665 fpeduu

142 683 355 732 comratissimnm
380 681 440 730 milri
466 681 519 731 fieri
551 683 583 731 ad
604 678 635 742 Q
656 682 856 736 observationes,
884 694 940 728 oum
958 680 1062 738 rideam,
1092 683 1189 727 tantam
1217 691 1273 726 esse
1290 677 1315 725 in
1335 670 1369 735 Q
1391 672 1490 723 omnim

142 754 319 818 simplicissimo
338 752 510 803 differentiam.

234 824 306 886 Quae
322 823 369 875 has
386 831 489 874 secutae
508 830 566 874 sunt
584 824 671 874 literae
690 818 999 883 (altitonantem)
1018 821 1078 872 nihil
1097 822 1147 871 fers
1162 820 1234 870 ‚ahud
1252 831 1328 885 quam
1346 814 1490 880 astrclogica

144 897 272 946 continent
291 893 380 959 (comp.
395 895 452 945 Vol.
466 894 486 955 Ι,
509 912 533 960 p.
548 892 629 956 352).
649 896 688 945 Ad
701 894 808 945 Martem
826 909 883 942 vero
902 893 965 943 redit
976 892 1104 943 Fabricius
1122 894 1147 941 in
1165 893 1241 943 literis
1260 890 1284 940 d.
1303 889 1327 940 d.
1343 884 1416 951 2112.
1431 888 1490 952 Apri

144 967 183 1016 his
200 980 268 1017 more
287 974 404 1016 consueto
422 968 542 1030 incipieus
561 965 681 1030 querelis:
702 967 803 1016 Adeone
822 965 862 1014 ille
881 973 938 1014 tuns
956 964 1079 1014 Urauions
1097 963 1170 1015 ardor
1188 968 1214 1013 et
1232 977 1301 1013 arnor
1319 959 1490 1012 deferbuittd

145 1044 183 1087 tot
200 1039 262 1088 meis
280 1039 357 1087 literis
375 1053 408 1089 ne
420 1039 476 1088 unis
495 1038 591 1102 quidem
604 1045 674 1086 tanto
694 1045 803 1101 tempore
820 1036 968 1100 respondere
987 1036 1083 1100 dignari
1102 1033 1228 1085 volneris?
1247 1033 1324 1089 Scito.
1343 1040 1369 1081 ta
1381 1044 1433 1081 non
1445 1036 1490 1078 teu

143 1109 270 1159 literamm
289 1110 413 1160 cumulum
431 1111 457 1158 in
475 1110 523 1159 hoc
541 1109 637 1160 silentio
656 1108 764 1159 Uranioo
788 1109 918 1173 colligere,
937 1121 1010 1171 quam
1034 1108 1142 1156 laborem
1161 1109 1187 1156 iu
1205 1103 1376 1169 respondendo
1396 1115 1490 1167 augere.

144 1179 210 1230 Care
228 1181 303 1246 igitur
320 1181 382 1230 tibi!
411 1180 461 1231 Sed
480 1182 563 1238 dices,
592 1180 677 1237 differ,
704 1180 798 1229 habeut
824 1193 916 1248 parvae
943 1178 1074 1228 commoda
1100 1192 1193 1242 magua
1219 1191 1312 1227 morae.
1349 1175 1490 1239 Accipiost

143 1251 346 1316 quiesco;.ldars
365 1259 392 1301 et
409 1254 465 1309 Ars,
485 1252 516 1303 da
534 1253 621 1316 quibus
639 1253 664 1301 in
684 1251 872 1301 Commentariis
890 1251 1013 1314 promissis
1031 1251 1151 1313 exquisite
1169 1255 1279 1307 tractas,
1300 1256 1326 1297 ιο
1344 1246 1420 1297 facile
1438 1243 1490 1295 niti

144 1330 287 1372 excusatum
307 1323 426 1382 reddunt,
447 1330 545 1373 tantum
570 1325 642 1373 abest
658 1329 687 1373 ut
710 1328 850 1386 suspectum
872 1321 976 1371 faciant.
1013 1321 1093 1386 Perge
1118 1335 1175 1385 ergo
1201 1320 1295 1370 deliciis
1314 1318 1364 1368 turis
1382 1316 1490 1367 Urauicis

143 1399 170 1442 et
187 1392 344 1443 Martialibus
364 1394 418 1454 frui,
437 1395 474 1445 ita
492 1402 576 1444 tamen
595 1402 724 1444 uteorum
744 1393 875 1458 aliquando
894 1408 939 1442 nos
958 1390 1034 1456 (quod
1053 1407 1148 1441 summe
1172 1386 1351 1450 desideramus)
1371 1393 1490 1451 compotes

142 1464 233 1515 reddas
252 1471 278 1515 et
296 1466 506 1529 exspectationem
524 1481 606 1516 meam
624 1481 672 1515 nou
692 1465 790 1514 omuino
809 1466 834 1513 in
853 1463 1022 1527 respondendo
1041 1464 1170 1512 fmstreris.
1208 1463 1333 1526 accepisti
1351 1461 1407 1509 sine
1426 1459 1490 1509 dnbio

142 1536 265 1600 proximas
292 1551 362 1586 meas
390 1537 475 1587 literas
503 1538 626 1603 longiores
648 1540 674 1589 in
698 1536 813 1586 nundinis
831 1535 1078 1587 l'raolrofurtcnsibus
1106 1535 1138 1585 ad
1157 1534 1189 1585 D.
1208 1534 1333 1601 Legatum
1351 1531 1490 1583 Vrscheruu

143 1608 311 1657 commissas.
347 1607 433 1659 Habes
451 1610 502 1660 illic
519 1610 585 1674 qnod
603 1608 761 1673 respondeas.

232 1677 274 1729 De
291 1677 375 1729 Marte
390 1681 443 1743 jam
462 1686 522 1731 ante
540 1695 616 1745 saepe
634 1682 673 1746 egi
692 1688 793 1736 tecum,
822 1692 887 1728 nunc
905 1677 971 1728 idom
999 1678 1081 1728 facere
1107 1692 1196 1742 cogor.
1226 1675 1289 1727 adeo
1304 1672 1378 1745 'Mus
1404 1689 1490 1743 semper

144 1747 290 1800 adversatur
307 1752 398 1800 uostris
416 1753 554 1801 conatibus.
1089 1778 1092 1783 ·

232 1819 390 1871 Ptolemaeus
409 1829 435 1872 et
454 1822 602 1888 Copernicus
630 1823 814 1887 praesupposito
842 1821 988 1871 libramento
1006 1819 1048 1869 illo
1066 1820 1092 1869 in
1112 1812 1142 1885 ό
1164 1816 1195 1880 Θ
1220 1824 1336 1869 statuunt
1360 1833 1392 1868 ex
1416 1818 1490 1868 obser·

149 1891 296 1948 rationibus.
317 1899 345 1942 nt
362 1898 431 1957 puto,
449 1894 606 1944 latitudinem
625 1893 650 1955 d
671 1894 695 1952 5,
716 1891 783 1943 ovet
796 1890 821 1940 7‘
841 1893 873 1942 ad
886 1907 1024 1949 summum
1044 1898 1072 1941 at
1089 1896 1134 1940 tua
1151 1890 1293 1955 hypothesis
1311 1889 1379 1940 ultra
1396 1889 1490 1956 gradm

148 1963 181 2013 ad
199 1963 327 2013 minimum
345 1965 371 2013 in
391 1966 604 2028 coniunctionibus
623 1965 745 2016 concedit.
781 1964 877 2030 Magna
895 1979 956 2013 sane
975 1969 1001 2012 et
1020 1963 1123 2012 enormis
1142 1961 1299 2018 differebam
1327 1962 1403 2010 miror
1420 1961 1490 2012 valde

146 2033 204 2084 Non
231 2033 331 2085 dubium
358 2043 397 2085 est
414 2035 585 2086 Ptolemaeum
605 2052 635 2087 ex
653 2037 870 2093 observationibus.
895 2037 920 2084 in
943 2035 1040 2085 rectiori
1059 2035 1102 2084 illa
1128 2033 1235 2097 sphaera
1258 2039 1284 2082 et
1306 2032 1405 2085 clariori
1433 2032 1490 2085 cort

146 2105 252 2163 habitis,
281 2105 425 2158 latitudines
444 2108 499 2157 illas
517 2107 628 2157 hausisse
647 2115 673 2157 οι
691 2109 711 2156 si
730 2114 803 2156 tanta
830 2121 903 2170 quam
922 2115 950 2155 tu
969 2105 1085 2156 concedis
1111 2112 1176 2155 esset
1202 2103 1307 2153 latitudo
1327 2103 1352 2164 d*
1374 2106 1443 2155 circa

148 2183 216 2227 certe
233 2176 272 2227 rel
290 2176 383 2241 absque
402 2181 468 2228 omni
486 2179 648 2228 iustmmento
669 2179 830 2247 cognovisset.
869 2176 967 2227 Deinde
985 2177 1054 2226 rideo
1072 2178 1098 2226 iu
1117 2183 1163 2226 tna
1185 2175 1314 2239 hypothesi
1334 2176 1405 2226 circs
1421 2190 1446 2226 m
1471 2230 1474 2236 ,

144 2248 201 2298 loca
218 2246 378 2313 longitudinis
398 2250 528 2300 convenire
540 2250 693 2306 latitudines,
712 2250 782 2299 rideo
795 2250 962 2313 proportiones
979 2247 1100 2298 lineamm
1113 2246 1301 2311 correspondens
1319 2245 1490 2299 leumania-

145 2318 211 2384 quod
228 2319 256 2369 in
272 2319 416 2370 Ptolemaeo
435 2328 461 2370 et
480 2319 615 2385 Copernico
643 2337 692 2371 non
719 2320 764 2377 frt,
790 2321 831 2369 ubi
858 2320 1116 2370 incommensurabilis
1139 2319 1183 2368 illa
1210 2320 1294 2368 omnia
1318 2323 1379 2367 mut
1406 2319 1490 2369 rstica

146 2389 267 2440 linearum
285 2391 350 2441 inter
367 2407 404 2447 sa.
423 2393 487 2457 quod
505 2392 563 2442 mihi
589 2407 687 2457 quoque
703 2408 753 2441 uon
771 2393 851 2440 minus
879 2390 1056 2440 observandum
1075 2391 1176 2440 videtur.
1213 2389 1313 2439 Haereo
1332 2389 1428 2454 igitur.
1447 2388 1490 2455 qula

147 2461 215 2512 circa
235 2453 265 2527 ό
279 2457 312 2522 Θ
331 2462 482 2514 sufficientes
502 2464 685 2515 observationes
703 2479 753 2513 non
771 2462 869 2520 haboo;
894 2478 943 2511 uon
962 2461 1045 2512 dubito
1063 2470 1089 2513 te
1107 2462 1213 2519 habere,
1233 2475 1309 2525 qnare
1327 2476 1369 2511 me
1388 2461 1431 2511 fac
1449 2474 1490 2513 car

145 2533 233 2582 tiorem
251 2532 283 2583 de
301 2532 349 2585 hac
368 2536 514 2586 enormitate
533 2536 598 2586 inter
615 2544 641 2586 ιο
660 2542 686 2586 οι
704 2534 875 2584 Ptolemaeum
894 2541 919 2583 et
937 2534 1056 2598 quomodo
1075 2533 1245 2583 Ptolemaeum
1263 2532 1302 2581 rel
1326 2545 1449 2587 excusare
1465 2546 1490 2583 ve

144 2603 253 2655 refutare
271 2604 340 2655 velis.
1440 2640 1445 2651 .

233 2673 316 2727 Locus
334 2675 423 2728 bfartis
441 2678 466 2726 in
485 2678 571 2742 genesi
590 2677 622 2727 D.
636 2676 785 2727 Cancellarii
804 2683 858 2727 ate
877 2682 1024 2740 supputatus
1042 2674 1103 2725 mire
1121 2689 1161 2724 me
1180 2674 1296 2724 exercuit.
1320 2672 1360 2724 'l'u
1383 2670 1414 2722 10
1425 2670 1490 2733 5905

148 2747 271 2804 invenisti.
290 2762 337 2814 ego
357 2744 388 2797 20
407 2746 458 2796 21’.
495 2748 552 2800 Non
570 2750 671 2800 dubium
690 2757 728 2798 cst
746 2755 772 2797 te
791 2763 834 2812 per
852 2748 1036 2798 festinationem
1054 2747 1080 2795 in
1099 2745 1193 2796 calculo
1213 2758 1317 2801 οποοοο,
1335 2744 1404 2810 quod
1421 2745 1490 2817 palas

147 2818 224 2870 facist
242 2818 379 2869 observatio
397 2834 455 2870 mea
474 2821 533 2870 anni
553 2816 595 2878 95,
615 2819 640 2870 7.
654 2820 717 2870 Dec.
736 2820 760 2868 h.
775 2816 801 2868 7.
821 2836 845 2883 p.
860 2836 902 2874 m..
921 2832 986 2884 quae
1003 2819 1084 2867 locum
1103 2816 1128 2877 ὁ
1148 2819 1173 2866 in
1193 2815 1261 2867 coelo
1279 2815 1324 2866 dat
1343 2812 1395 2864 190
1408 2812 1487 2877 355

147 2889 188 2939 hic
206 2895 252 2939 tua
270 2888 412 2954 hypothesis
431 2888 456 2938 7¹
475 2891 556 2940 minus
575 2892 619 2941 dat
637 2899 664 2941 οι
682 2891 714 2941 ad
732 2890 778 2941 hoc
797 2897 893 2955 tempus
911 2890 1089 2953 praescriptum
1111 2902 1192 2939 auom.
1214 2884 1262 2937 9ιο
1280 2885 1332 2948 52⁴.
1351 2889 1423 2939 sicut
1439 2886 1490 2941 61

148 2959 297 3010 cauceharii
315 2963 410 3025 genesi.
429 2961 502 3024 idque
521 2969 616 3011 exacte.
654 2962 719 3027 Ergo
738 2962 865 3024 utrobique
883 2975 985 3010 necesse
1005 2967 1043 3010 est
1061 2959 1190 3025 aequalem
1209 2959 1375 3010 differentiam
1395 2975 1460 3011 essa

239 3029 369 3081 Distantia
388 3028 421 3092 Q
442 3031 511 3092 etd
533 3047 606 3083 arne
631 3034 734 3082 inventa
762 3028 883 3084 153178.
911 3032 1032 3081 distantia
1061 3027 1092 3091 Θ
1120 3028 1189 3098 et&
1219 3026 1332 3080 982179.
1370 3030 1490 3082 Dimidio

152 3101 363 3151 ecceutricitatem
384 3099 416 3162 Θ
436 3117 502 3153 ιιιιιιο
520 3103 595 3167 probo
614 3110 640 3153 οι
663 3104 795 3160 confirmo,
824 3110 851 3152 at
869 3103 1001 3152 distantias
1020 3101 1045 3163 d
1066 3104 1163 3152 omnino
1191 3101 1337 3168 prolongare
1357 3110 1490 3166 oportet!

148 3173 229 3222 latera
247 3171 281 3221 ad
300 3169 342 3219 12¹
363 3188 453 3237 usque,
482 3174 624 3238 etquidem
644 3175 675 3224 ab
701 3173 799 3237 aphelio
818 3174 851 3224 ad
875 3174 983 3224 mediam
1007 3173 1186 3239 longitudinem
1210 3173 1444 3237 proportionalium
1472 3172 1490 3223 sl

150 3257 235 3292 omnes
254 3243 437 3295 observationes
466 3247 565 3311 egregie
593 3248 741 3296 conveniunt
765 3253 825 3296 tuae
847 3245 985 3309 hypothesi.
1008 3244 1150 3306 ‘Quomodo
1168 3245 1215 3294 hoo
1235 3244 1347 3294 oralitati
1366 3252 1428 3296 tuse
1448 3258 1490 3296 coo

150 3314 242 3370 reniet,
262 3320 290 3364 tu
307 3314 405 3365 videris.
442 3317 481 3366 'lu
499 3318 519 3366 si
537 3317 678 3382 ubicunque
703 3317 896 3369 eccentrioitatis
921 3318 1042 3366 rationem
1062 3317 1203 3366 atmodum
1222 3322 1248 3365 et
1266 3330 1356 3365 causas
1378 3316 1490 3367 naturale

151 3385 296 3443 ostenderis,
314 3385 388 3437 facile
406 3402 451 3437 uos
469 3389 496 3437 in
514 3397 584 3439 tuam
602 3388 729 3453 pertrahas
748 3390 906 3439 sententiam.
945 3388 1087 3439 Distantiae
1106 3394 1166 3438 tuae
1185 3388 1218 3438 ad
1236 3386 1363 3438 dimidiam
1383 3388 1490 3439 οοοοιιιιΙ

150 3457 253 3507 citatem
271 3455 297 3519 ό
317 3459 467 3509 constitutae
481 3475 530 3509 non
544 3460 693 3524 respondent
711 3459 967 3524 prosthaphaerssium
988 3458 1111 3509 distantiis
1123 3473 1170 3508 nec
1183 3460 1245 3510 reris
1264 3452 1360 3524 quoque
1381 3458 1490 3511 disuud

151 3528 308 3583 conveniunt.
347 3529 400 3595 Ego
418 3538 486 3595 puto,
506 3532 525 3580 si
544 3545 604 3581 vera
621 3533 684 3581 ratio
703 3530 928 3595 prosthapbaeresis
950 3538 1087 3583 constaret.
1109 3535 1223 3579 constare
1241 3544 1337 3595 quoqne
1355 3539 1417 3581 tunc
1436 3544 1490 3581 rara

150 3599 290 3659 distantias,
310 3615 368 3650 nam
383 3616 412 3651 ax
426 3603 512 3652 eodem
531 3602 600 3653 fonte
618 3605 745 3666 provenire
763 3618 812 3651 uon
832 3609 869 3652 est
882 3603 990 3655 dubium.
1010 3609 1036 3651 et
1048 3609 1182 3665 antequam
1199 3601 1263 3652 haec
1281 3601 1328 3651 duo
1347 3616 1399 3669 uoq
1415 3602 1490 3653 fueri!

151 3673 189 3720 ita
208 3671 348 3728 conchista.
369 3680 397 3721 ut
414 3674 488 3737 plane
507 3674 680 3736 respondeant¹
704 3689 754 3723 uon
772 3680 830 3736 puto
853 3689 897 3723 nos
921 3686 1004 3723 reram
1023 3671 1048 3733 ό
1068 3672 1214 3735 hypothesin
1238 3673 1375 3741 habituros..
1411 3671 1490 3724 Vern't

153 3758 179 3791 n.
198 3755 254 3791 rere
274 3750 402 3793 consonat.
427 3744 466 3793 'l'u
483 3743 713 3809 prosthaphaeresin
727 3751 753 3794 et
766 3746 818 3807 ejus
829 3744 909 3794 lineas
927 3744 1142 3808 proportionesque
1160 3745 1196 3792 sic
1209 3745 1311 3808 adapta,
1330 3750 1358 3793 nt
1370 3743 1490 3794 distantia

154 3812 212 3863 inde
230 3814 401 3877 provenientes
420 3817 470 3864 sint
487 3830 562 3865 verae
576 3823 601 3866 et
614 3816 821 3865 observationibus
839 3816 1012 3880 respondeant,
1033 3822 1059 3864 οι
1071 3830 1101 3865 οι
1120 3815 1214 3865 duabus
1231 3806 1409 3880 hyp'othesibus
1427 3824 1490 3867 unul

155 3885 203 3944 fac,
224 3899 257 3935 ne
276 3885 441 3936 adulteratum
461 3888 601 3952 conjugium
620 3889 785 3938 constituatur
801 3889 866 3937 inter
883 3888 1001 3936 vicariam
1020 3895 1045 3935 et
1062 3901 1154 3935 reram.

243 3955 316 4006 Haec
334 3971 364 4007 eu
382 3972 465 4007 amore
483 3972 557 4007 verae
576 3959 636 4008 artis
653 3960 766 4023 profero,
795 3974 844 4007 uon
871 3957 1010 4022 sugillaudo
1028 3965 1098 4007 tuam
1123 3957 1288 4021 hypothesin,
1315 3970 1391 4022 quam
1408 3964 1490 4023 propte

155 4028 321 4078 inventionem
339 4030 489 4094 magnifacio
507 4029 644 4093 plurimum,
664 4045 720 4080 cum
731 4030 837 4086 rideam,
856 4044 912 4079 eam
925 4030 1071 4092 respondere
1090 4030 1125 4079 sic
1137 4029 1198 4078 satis
1210 4029 1273 4079 bene
1286 4028 1490 4079 observationibur

151 4097 315 4163 undecunque
335 4101 411 4150 etiam
430 4101 474 4150 illa
492 4101 620 4151 diversitas
640 4101 813 4152 distantiamm
825 4103 865 4150 sit.
891 4100 947 4150 Non
966 4100 1068 4165 despero
1087 4109 1112 4150 ιο
1126 4113 1227 4150 cansam
1241 4099 1378 4150 atmodum
1396 4101 1490 4151 iureufr

151 4183 231 4232 posse,
250 4171 361 4221 simodo
380 4173 506 4238 ingenium
524 4171 652 4222 intendere
670 4171 738 4221 velia
1403 4188 1408 4195 ·

243 4240 351 4292 Causam
369 4258 465 4309 quoque
493 4244 556 4292 scire
584 4243 711 4304 desidero,
741 4259 783 4294 cur
801 4244 826 4292 iu
845 4243 974 4306 hypothesi
993 4240 1018 4303 0¹
1038 4242 1246 4293 semidiametrum
1274 4243 1409 4297 suessonici
1428 4241 1456 4304 ὀ
1475 4256 1490 4295 a

153 4310 217 4360 orbis
231 4310 294 4362 Solis
312 4316 491 4378 proportionem
510 4314 627 4364 reducere
646 4317 725 4380 potius
738 4315 850 4370 volueris,
869 4328 943 4378 quam
962 4318 1056 4371 contra,
1075 4315 1112 4364 uti
1125 4312 1274 4377 Copemicus
1293 4320 1319 4364 et
1337 4313 1380 4363 alii
1400 4314 1490 4366 tucius

155 4383 239 4446 quiin
257 4385 368 4447 partitus
387 4387 520 4437 aucentrioi
538 4384 646 4449 pluribus
665 4386 730 4435 orbis
749 4388 824 4435 annm
842 4385 1050 4437 semidiametrurn
1068 4383 1211 4450 inquirunt?

240 4453 359 4511 Obsecro,
378 4465 406 4506 nt
422 4458 482 4508 mihi
501 4457 648 4521 compendia
661 4465 706 4507 tua
724 4458 897 4513 communices,
917 4458 1018 4520 quorum
1036 4458 1187 4507 mentionem
1200 4456 1271 4512 facis,
1289 4456 1410 4520 quomodo
1423 4455 1490 4523 Epiri

153 4525 226 4575 meris
245 4524 270 4585 d
289 4526 385 4577 institui
404 4529 495 4580 debeat
514 4529 546 4578 ad
564 4528 640 4578 denos
660 4527 720 4577 dies.
740 4551 774 4560 -
792 4528 838 4577 llis
856 4528 979 4578 immiscet
996 4529 1123 4579 Fabricius
1142 4527 1247 4592 plurima
1265 4527 1324 4585 alia,
1343 4542 1416 4597 quoq
1427 4530 1490 4580 omri

154 4596 229 4646 moda
246 4603 370 4660 spectant,
390 4607 416 4649 et
433 4603 459 4650 in
477 4601 622 4664 postscripto
641 4599 739 4649 demum
759 4600 791 4649 ad
809 4599 915 4649 Martem
934 4614 1044 4649 reversus
1062 4599 1127 4649 haec
1144 4599 1249 4664 profert:

243 4667 282 4718 Ad
301 4674 397 4733 tempus
417 4671 582 4723 cancellarii:
600 4670 664 4720 PBG
683 4672 809 4720 anomalia
827 4670 908 4720 media
927 4666 976 4719 910
994 4670 1046 4729 52¹,
1065 4671 1132 4720 BOA
1156 4668 1383 4736 angulas5015‘.
1421 4669 1490 4723 siut

154 4737 259 4806 angulus
286 4740 445 4792 subhahatur
463 4743 495 4793 ab
521 4740 611 4808 angulo
639 4738 687 4790 910
705 4740 758 4798 520,
781 4748 867 4793 ιιιοιιοι
886 4741 990 4808 angulus
1007 4742 1075 4795 BAC
1093 4739 1143 4790 ⁸6⁰
1162 4739 1213 4790 ³7¹.
1251 4743 1315 4808 Ergo
1339 4750 1369 4793 nt
1387 4741 1491 4796 ΒΔῦι

152 4811 196 4863 Bc
214 4811 310 4862 rasim
328 4813 443 4864 sicano
461 4814 550 4864 adhc
569 4813 714 4864 &standum
733 4810 765 4874 Q
785 4820 811 4863 et
829 4811 854 4873 ὁ
875 4814 968 4864 reduct
989 4810 1136 4864 15279329.
1164 4815 1199 4864 At
1210 4814 1289 4879 minor
1302 4813 1366 4867 hooc
1385 4814 1490 4868 dicmt

160 4883 195 4934 alf
212 4882 285 4940 modo
303 4892 419 4957 accepta,
440 4899 513 4951 quam
532 4886 583 4936 obs.
603 4881 646 4935 95.
666 4881 691 4933 7.
710 4882 774 4936 ch.
794 4884 829 4936 h.
839 4880 864 4936 7.
884 4900 907 4950 p.
927 4900 959 4934 m.
979 4884 1094 4936 ostendit
1419 4884 1422 4891 '
1471 4888 1474 4895 '
