3278 5550
237 264 281 337 66
653 267 756 351 initurae
773 267 876 332 Kapleri
895 267 1046 333 aliorumque
1064 272 1166 319 mutuae

237 468 366 532 sequeus
389 450 513 511 multum
538 446 621 508 lacit.
667 445 735 517 Quo
759 446 788 507 in
812 444 878 506 loco
900 447 1054 527 planetam
1078 446 1223 520 videmus,
1248 464 1286 507 ex
1309 466 1344 508 eo
1367 447 1395 510 io
1421 445 1596 528 eclipticam

205 590 209 599 .
237 548 323 604 recta
347 538 472 610 ducitur,
498 534 698 598 determinans
722 536 818 596 locum
836 535 901 613 ejus
918 535 1104 615 eclipticum;
1127 535 1203 597 haec
1227 544 1275 597 est
1297 537 1431 599 reductio
1456 538 1518 599 visi
1540 540 1596 602 loci

239 630 280 692 ad
304 627 486 709 eclipticam.
532 626 601 687 Jam
625 625 696 705 quia
718 624 842 704 planeta
865 642 920 686 neo
943 624 972 685 in
997 644 1049 685 suo
1075 624 1139 685 loco
1155 624 1294 704 ecliptico
1309 645 1363 687 nec
1378 646 1449 688 vero
1465 628 1593 706 videtur,

238 719 292 781 sed
317 717 382 779 loco
406 715 581 777 intermedio
607 714 703 787 (visus
732 712 811 773 enim
836 714 917 774 locus
941 714 1090 795 parallaxi
1113 715 1195 776 orbis
1224 733 1340 777 annuae
1365 717 1393 777 in
1427 717 1524 779 latum
1548 728 1596 783 est

239 807 411 887 implicatus
436 806 595 866 etiamnum
621 804 676 864 suh
699 803 795 881 ipsam
819 803 1029 886 acronychiam
1059 803 1231 879 visionem),
1256 825 1371 866 rursum
1391 825 1464 886 ergo
1488 808 1606 875 eadm.

237 898 292 960 illa
315 896 354 956 ad
377 894 549 973 eclipticam
574 900 666 969 recta,
692 911 767 972 quae
789 900 874 952 secat
894 891 1024 953 orbitam
1046 894 1198 972 planetae,
1224 894 1320 954 locum
1345 894 1388 956 illi
1412 896 1596 963 determinat

240 985 271 1048 in
294 986 349 1046 su'a
372 983 480 1044 orbita.
527 983 665 1062 Angulus
689 988 789 1042 rectus
814 981 852 1040 ab
876 981 1017 1060 ecliptica
1040 989 1071 1042 et
1101 1001 1172 1043 arcu
1203 983 1371 1063 latitudiuis
1403 984 1594 1049 subtenditur

238 1092 309 1138 arcu
332 1072 448 1134 orbitae
464 1072 573 1133 Martis
597 1092 615 1131 a
638 1071 715 1131 uodo
740 1069 778 1129 ad
802 1070 879 1130 hunc
904 1071 1009 1144 locum,
1035 1079 1084 1132 est
1101 1089 1172 1150 ergo
1195 1071 1254 1133 iste
1269 1091 1357 1134 arcus
1373 1074 1589 1157 longiorquam

239 1184 259 1225 a
281 1163 358 1224 nodo
383 1162 421 1222 ad
445 1170 587 1241 punctum
612 1160 712 1239 eclipt'
705 1179 778 1220 icae
828 1156 918 1220 Certe
943 1158 1080 1238 nuspiam
1096 1161 1181 1222 Mars
1205 1161 1261 1222 uisi
1282 1161 1311 1221 iu
1327 1162 1427 1224 orbita
1450 1184 1505 1226 sua
1524 1185 1590 1229 ver-

238 1260 337 1326 satur,
362 1250 483 1312 minime
507 1250 535 1310 in
561 1249 721 1310 latitudine
745 1247 865 1321 visibili,
891 1267 945 1308 uec
965 1249 1076 1310 attrnet
1090 1250 1277 1331 adproprias
1292 1271 1357 1329 eJus
1371 1260 1482 1327 motus
1507 1274 1587 1334 quam

238 1343 319 1403 viam
341 1339 428 1401 nobis
453 1339 591 1400 rideatur
614 1338 669 1399 suh
693 1338 759 1398 fixis
783 1337 962 1398 describere.
1009 1338 1087 1400 Nam
1111 1340 1166 1401 sub
1186 1339 1253 1400 fixis
1268 1359 1321 1401 nec
1338 1350 1385 1402 est
1404 1342 1586 1405 intermixtos

238 1430 298 1495 illis
322 1448 377 1491 nec
401 1436 568 1489 tortuosam
591 1426 672 1488 viam
696 1425 839 1487 describit
867 1445 921 1488 nec
951 1428 1133 1504 regreditur,
1169 1447 1245 1507 quae
1277 1430 1376 1491 omnia
1409 1431 1512 1495 videre
1539 1452 1585 1495 nor

238 1528 388 1600 putamus.
427 1517 551 1578 Videris
572 1517 691 1577 tandem
706 1534 869 1595 provocare
886 1516 925 1576 ad
939 1516 1165 1578 observationes
1181 1517 1294 1596 rejecto
1304 1519 1584 1624 judiciorationum.

238 1608 315 1672 At
307 1607 439 1686 rniquum
467 1616 515 1667 est
543 1608 737 1684 postulatum.
785 1602 888 1673 Quid?
921 1605 1080 1666 Nihilne
1072 1625 1101 1667 ru
1134 1608 1317 1668 astronomia
1349 1629 1510 1689 sequamur
1538 1610 1586 1673 nisi
1618 1654 1633 1663 ,

241 1698 321 1778 qnod
349 1695 576 1757 ohservationes
598 1694 834 1755 monstrarunt?
881 1692 967 1764 Quae
998 1713 1069 1773 ergo
1100 1696 1218 1757 subtilit
1205 1703 1253 1756 tas
1283 1696 1465 1759 observandi
1494 1700 1586 1761 docuit

242 1784 451 1868 aequationem
476 1793 644 1863 temporum
667 1784 755 1862 idque
775 1784 914 1845 setores?
938 1783 975 1843 de
989 1784 1162 1864 Tychonica
1185 1804 1242 1845 non
1269 1786 1381 1865 loquor.
1420 1788 1537 1850 Haec'
1529 1807 1587 1869 rpsa

240 1894 356 1956 quoquc
380 1874 515 1935 reductio
540 1875 616 1934 unde
640 1873 764 1951 primum
789 1872 875 1933 orta?
920 1873 971 1934 Ab
995 1874 1206 1937 observatione
1231 1894 1267 1935 an
1293 1895 1312 1935 a
1334 1876 1471 1938 ratione?
1517 1880 1586 1941 Puta

241 1964 409 2028 aratione.
456 1964 522 2041 Ego
548 1963 639 2023 doceo
663 1962 825 2033 rationem,
851 1980 952 2022 veram
977 1981 1125 2024 essenon
1150 1963 1257 2038 doceo,
1289 1983 1376 2042 quam
1401 1967 1505 2028 eodem
1529 1985 1588 2029 cum

241 2054 394 2116 veteribus
413 2052 483 2130 J‘ure
508 2070 629 2130 sequor;
663 2051 890 2112 observationes
922 2070 975 2130 per
1005 2052 1208 2113 reductionem
1232 2055 1441 2128 accommodo,
1474 2076 1512 2117 ne
1542 2075 1589 2136 pro
1624 2128 1631 2137 ,

242 2142 322 2205 veris
355 2141 482 2203 vitiosas
515 2140 683 2202 adhibeam.
731 2138 800 2209 Qua
829 2158 884 2215 ego
915 2159 969 2200 ceu
1003 2142 1087 2200 clave
1120 2142 1322 2203 astronomiae
1355 2152 1477 2223 reperta
1509 2145 1589 2208 unice
1636 2216 1639 2225 4

242 2231 365 2314 gloriari
388 2249 523 2309 possum,
556 2229 779 2290 eccentricitate
805 2227 886 2289 Solis
912 2229 1084 2305 dimidiata,
1115 2231 1145 2291 id
1169 2250 1263 2310 negas
1288 2240 1317 2293 te
1341 2233 1470 2311 probare
1494 2254 1591 2314 possa.
1625 2279 1635 2307 Ἴ,

241 2323 311 2386 Non
327 2328 438 2390 tamen,
463 2319 518 2391 ais,
544 2318 599 2379 abs
618 2338 664 2379 me
679 2317 854 2380 constitutis
879 2317 1101 2379 discedendum.
1139 2320 1206 2381 Non
1228 2320 1304 2381 facio
1325 2330 1448 2397 temere,
1473 2331 1592 2387 auctore
1629 2318 1635 2336 ’“

241 2410 382 2492 Tychone
407 2408 485 2470 facio
509 2427 562 2468 seu
586 2407 717 2468 conscio.
756 2406 839 2467 Nihil
863 2426 963 2467 eorum
987 2409 1070 2482 tollo,
1096 2427 1171 2487 quae
1196 2429 1234 2469 ex
1249 2410 1409 2491 hypothesi
1424 2412 1594 2492 Tychoaiaa

241 2506 418 2579 sequuntur,
447 2507 478 2559 et
506 2496 561 2560 Ch.
592 2495 727 2557 Severini
752 2502 977 2570 (Logamontanus)
1004 2497 1072 2558 vivo
1106 2498 1245 2578 Tychone
1276 2499 1304 2559 iu
1335 2499 1507 2564 Lunaribus
1541 2504 1592 2565 hoc
1630 2571 1636 2579 J

243 2609 341 2652 aueum
366 2587 480 2666 recepit
504 2594 535 2649 et
557 2587 692 2648 imitatus
717 2593 774 2646 est.
822 2585 925 2665 Tycho
950 2581 1037 2649 ³600
1061 2587 1137 2648 dixit
1159 2587 1363 2668 hypotheseos
1386 2589 1505 2668 gratia,
1539 2610 1593 2654 noo
1631 2582 1637 2610 ²

241 2680 318 2759 quod
344 2677 400 2738 hoc
419 2677 483 2756 jam
508 2685 733 2738 sacrosanctum
753 2674 839 2742 nobis
864 2694 932 2735 esse
956 2676 1080 2749 debeat,
1110 2684 1143 2737 ut
1173 2686 1243 2737 sunt
1271 2677 1513 2742 ohservationes.
1562 2683 1619 2744 Io·

242 2768 371 2830 alienum
396 2786 442 2827 me
467 2785 570 2844 agrum
593 2765 737 2826 invadere
761 2764 870 2842 arguis.
920 2762 1041 2833 Quaero
1065 2783 1147 2843 ergo,
1172 2785 1257 2845 quem
1281 2785 1386 2844 agrum
1410 2765 1590 2848 Copernicus

240 2855 395 2928 invaserit,
420 2855 488 2915 dum
512 2853 614 2915 Solem
637 2854 757 2933 penitus
777 2853 867 2931 jubet
890 2853 1063 2931 quiescere?
1104 2854 1254 2935 Numquid
1276 2856 1589 2938 planetarumparal-
1633 2868 1636 2883 ¹

240 2944 346 3008 laxes?
385 2943 497 3004 Eodem
517 2944 584 3022 J'ure
610 2961 664 3020 ego
690 2942 717 3001 in
742 2960 815 3002 casu
838 2943 926 3019 plane
951 2943 1054 3002 eodem
1081 2950 1156 3004 utor.
1195 2944 1273 3006 Nam
1289 2945 1433 3023 quomodo
1450 2967 1488 3008 ex
1504 2946 1590 3011 Sola·
1632 2936 1638 3019 f,

239 3033 323 3097 ribus
347 3031 607 3092 observationibus
638 3031 699 3091 ista
729 3029 958 3103 deducerentur,
990 3051 1075 3110 quae,
1107 3032 1164 3092 etsi
1193 3035 1342 3094 concedas
1373 3053 1450 3108 esse,
1470 3048 1526 3098 'ex
1558 3036 1592 3098 iis
1633 3056 1637 3062 ·

242 3120 371 3184 derivari
394 3138 452 3180 non
475 3119 620 3199 possunt?
666 3118 753 3179 Adeo
777 3136 823 3178 me
848 3117 1025 3180 destitutum
1049 3121 1194 3200 exemplis
1218 3122 1338 3201 putas?
1359 3120 1446 3192 Quia
1470 3125 1593 3204 ergoin
1638 3136 1639 3139 ’

207 3251 213 3265 .
244 3207 431 3272 astronomia
453 3217 510 3283 est,
535 3227 700 3288 apogaeum
725 3205 807 3268 Solis
830 3225 885 3286 per
908 3208 1035 3286 eclipses
1059 3210 1208 3288 probare?
1253 3213 1318 3272 Aut
1345 3211 1411 3292 quis
1443 3213 1475 3275 id
1505 3213 1594 3277 lecit?

243 3299 326 3361 Male
351 3304 460 3377 agatur
483 3316 549 3359 cum
573 3295 769 3364 astronomi‚s
802 3296 829 3356 si
853 3296 934 3357 circa
958 3298 1115 3377 quodlibet
1143 3299 1226 3361 sidus
1258 3301 1288 3361 in
1312 3300 1462 3380 proprium
1492 3320 1595 3382 agrum

242 3397 384 3467 tanquam
408 3387 437 3448 iu
463 3385 595 3448 ordinem
621 3386 731 3447 fuerint
753 3385 879 3447 redacti.

331 3476 398 3551 Ais,
423 3475 620 3537 variationem
644 3476 726 3537 illam
751 3493 880 3536 annnam
904 3475 980 3535 forte
1005 3475 1082 3538 alias
1108 3476 1218 3539 habere
1242 3496 1366 3550 causam
1398 3478 1440 3540 ito
1470 3486 1596 3560 ergoet
1631 3478 1634 3491 '

242 3564 264 3631 5
289 3566 439 3648 apicyclos
462 3565 568 3625 infer
561 3584 590 3625 m
614 3566 764 3643 planetas,
789 3563 895 3643 quibus
918 3572 1024 3625 centra
1045 3566 1201 3628 librentur
1240 3567 1274 3626 ld
1294 3567 1436 3645 quidem
1429 3587 1458 3628 m
1475 3567 1594 3631 Venere

245 3663 277 3718 et
289 3655 437 3718 Mercurio
454 3654 645 3715 Ptolemaeus
662 3652 903 3732 Oopernicusque
919 3654 1016 3715 coacti
1040 3664 1110 3717 sunt
1133 3655 1170 3716 ob
1193 3656 1270 3717 haue
1287 3674 1409 3717 causam
1429 3656 1596 3736 ignoratam

246 3745 363 3814 facere,
396 3745 425 3805 in
448 3741 580 3805 Saturno
611 3750 642 3803 et
663 3742 740 3803 Jove
764 3742 951 3822 negligentes
975 3743 1013 3804 ob
1041 3737 1321 3818 insensibilitatem
1353 3745 1382 3805 in
1406 3747 1507 3807 Marte
1533 3765 1596 3810 oum

247 3835 346 3896 facere
371 3831 586 3910 neglexissent,
617 3831 835 3894 inobservabile
859 3831 943 3893 sidus
967 3830 1114 3895 dixerunt.
1163 3833 1275 3895 Verum
1305 3842 1338 3895 tu
1366 3835 1482 3896 usitata
1504 3835 1597 3899 utam
1632 3842 1636 3855 ¹

247 3921 414 4004 sophistica
438 3920 517 3992 (scio
541 3940 601 4001 qua
623 3929 723 3982 mente
748 3929 780 3981 et
802 3922 891 3983 credo
922 3922 1102 3999 praefationi
1126 3929 1195 3983 tuae
1219 3943 1254 3984 ac
1278 3940 1383 4001 spero,
1414 3934 1443 3983 ta
1472 3926 1595 3987 voculas
1633 3920 1638 3963 ²

246 4012 362 4091 aliquas
377 4010 545 4089 hujusmodi
560 4029 616 4072 non
633 4029 723 4113 aegre
739 4011 900 4084 laturum);
917 4012 1045 4090 exempli
1061 4032 1161 4085 causa,
1186 4031 1211 4072 sr
1205 4011 1311 4073 'dicat
1299 4011 1443 4092 taliquis,
1458 4013 1597 4092 phasiom

247 4101 351 4162 Lunae
374 4119 498 4161 causam
521 4107 633 4161 motum
657 4101 722 4179 ejus
747 4118 814 4160 esse
838 4099 919 4161 circa
941 4099 1075 4174 Terram,
1100 4100 1238 4180 sophista
1261 4101 1379 4213 dixerit,
1405 4103 1482 4164 forte
1506 4103 1622 4165 aliam'

248 4207 316 4251 esse
340 4208 461 4251 causam
484 4189 632 4268 phasium

336 4278 384 4338 Ex
406 4277 529 4339 incertia
552 4285 642 4358 putas
661 4276 791 4356 J'ndicari
816 4277 852 4338 de
876 4278 976 4339 certis.
1014 4278 1064 4338 Aa
1084 4276 1174 4356 igitur
1188 4275 1374 4359 quidquam'
1366 4298 1396 4340 ιιι
1411 4280 1600 4351 astronomia

249 4367 361 4429 rectius
384 4365 645 4429 observationibus
676 4386 729 4428 seu
753 4365 834 4428 Solis
865 4386 917 4428 seu
940 4367 1071 4427 Martis?
1116 4366 1164 4428 Ex
1192 4367 1239 4427 his
1269 4365 1346 4427 enim
1373 4368 1487 4447 J'udico.
1536 4368 1599 4433 Sed

250 4456 327 4517 torte
350 4456 407 4518 hoc
429 4456 575 4519 incertum
599 4457 676 4538 quod
700 4463 764 4518 stat
767 4475 819 4523 uo,
843 4455 973 4517 Martem
996 4463 1067 4536 post
1089 4457 1237 4535 integram
1261 4455 1446 4534 periodum
1438 4478 1467 4519 ro
1491 4459 1599 4521 eadem

251 4563 369 4625 semper
392 4545 551 4606 altitudine
576 4565 595 4605 a
618 4545 711 4608 Terra
735 4552 766 4606 et
790 4545 893 4605 eodem
918 4546 982 4606 loco
1006 4545 1062 4606 sub
1085 4545 1151 4607 fixis
1175 4565 1259 4620 esse,
1285 4544 1364 4606 linea
1388 4565 1424 4607 ex
1448 4545 1521 4609 Sole
1545 4566 1601 4627 per

135 4677 137 4686 .
231 4633 333 4697 ’illum
356 4634 473 4714 ejecta?
509 4635 586 4695 Num
606 4642 639 4696 tu
654 4633 850 4715 Copernicum
866 4640 919 4695 aut
906 4634 1136 4696 tPtolemaeum
1159 4634 1305 4713 sequaris,
1331 4642 1364 4696 ut
1379 4636 1481 4715 potius
1504 4636 1599 4699 libres

252 4731 386 4785 ceumnm
409 4721 566 4784 eccentrici
588 4725 698 4785 Martis
720 4731 803 4786 motu
826 4741 883 4784 nou
907 4723 1000 4784 Marti
1022 4724 1075 4785 sed
1100 4721 1164 4784 Soli
1197 4723 1418 4801 respondente?
1463 4726 1513 4786 Ita
1533 4726 1600 4806 jam

252 4831 310 4879 uon
334 4812 389 4879 hoc
412 4818 530 4879 tautum
561 4813 673 4874 referet
703 4812 906 4891 considerare,
936 4831 992 4894 qno
1021 4813 1087 4874 loco
1117 4812 1162 4873 sui
1186 4812 1267 4874 orbis
1291 4829 1316 4890 (ς
1336 4812 1392 4887 sit;
1428 4813 1485 4876 nisi
1517 4815 1600 4878 enirn
