3278 5550
238 284 305 359 ¹138
730 283 1097 358 ιριωιιιιιοιιιιιῳιο

240 479 432 553 comparata,
464 476 499 534 ut
519 468 626 545 vobis,
655 467 712 532 viri
740 466 841 542 docti,
869 465 1083 548 interpretibus
1106 484 1202 544 genus
1225 466 1403 530 humanum
1426 466 1480 530 illa
1499 465 1587 531 docere

216 561 352 642 possit,
382 580 457 641 quae
484 560 573 622 hodie
598 567 780 640 quaeruntur
802 556 840 618 ab
863 556 1056 619 astronomis.
1103 556 1238 621 Primum
1263 557 1328 620 ruit
1352 555 1490 620 meridiei
1510 556 1589 620 vicina

242 646 363 714 Galliae
390 650 569 730 praesertim
598 659 630 710 et
656 646 842 728 Hispaniae;
876 647 984 708 deinde
1017 663 1127 725 magna
1159 647 1216 709 brit
1247 654 1282 709 et
1313 647 1410 709 nobis
1441 646 1591 710 inferiorern

241 738 324 803 Solis
346 748 464 820 partem
486 739 583 813 texit,
614 746 648 799 ut
670 736 856 818 impossibile
881 736 939 809 sit,
968 735 1046 816 quod
1074 735 1121 797 his
1148 736 1282 816 pagellis
1307 736 1512 808 demonstro,
1536 736 1591 818 quin

239 828 351 907 ,alicubi
376 829 405 889 in
430 828 535 890 Gallia
558 829 605 889 vel
628 826 791 906 Hispania,
816 824 864 886 ubi
887 844 966 905 pax,
990 824 1040 886 ubi
1063 826 1259 897 commercia,
1283 826 1341 888 ubi
1369 825 1590 891 Christianorum

241 917 385 997 ἰιιιρειίι,
417 936 475 997 qua
503 916 600 978 facilis
624 915 710 978 vobis
739 916 783 977 rei
810 914 1024 994 investigatio,
1056 923 1226 978 centrnrum
1249 915 1323 977 visa
1350 915 1394 977 sit
1418 915 1590 995 conjunctio:

241 1007 368 1087 denique
392 1007 480 1069 Luna
503 1006 558 1069 fuit
582 1006 648 1069 loco
671 1005 773 1067 Terris
796 1023 872 1083 pene
896 1003 1041 1083 proximo,
1066 1004 1116 1065 ubi
1140 1005 1253 1084 majore
1278 1005 1400 1085 angulo
1425 1005 1562 1067 cernitur.

244 1134 247 1138 -
330 1097 414 1157 Haec
438 1115 503 1158 cum
527 1096 571 1157 ita
594 1094 735 1168 habeant,
760 1093 895 1174 equidem
921 1101 992 1174 opto
1016 1092 1152 1155 mihimet
1174 1102 1369 1174 potestatem
1395 1114 1478 1168 esse,
1501 1092 1590 1156 iteris

241 1186 296 1249 illa
319 1184 386 1247 loca
410 1185 593 1266 suscipiendi
616 1185 788 1265 passimque
812 1201 914 1244 omnes
937 1183 1133 1261 percontandi
1158 1202 1276 1258 coram,
1303 1191 1402 1265 atque
1426 1185 1475 1247 ita
1497 1182 1526 1245 in
1546 1202 1591 1245 ren

159 1330 164 1341 .
241 1282 432 1357 praesentem
456 1274 604 1335 veniendi.
652 1272 721 1344 Qua
750 1279 905 1352 potestate
935 1272 1005 1352 qnia
1032 1270 1139 1347 careo',
1172 1292 1226 1334 vos
1259 1290 1320 1352 ego
1349 1274 1421 1353 jam
1454 1272 1512 1335 viri
1532 1273 1592 1334 doeu‘

241 1382 296 1446 per
319 1364 394 1425 haec
418 1364 584 1444 stupendae
609 1362 726 1424 divinae
750 1361 917 1441 sapientiae
942 1380 1043 1441 opera,
1066 1380 1121 1441 per
1143 1360 1247 1436 fidem,
1276 1381 1343 1442 qua
1369 1360 1517 1425 Creatori
1537 1361 1592 1423 estis

242 1453 381 1533 obligati,
405 1473 459 1533 per
482 1471 613 1514 amorem
636 1450 835 1531 posteritatis,
859 1469 913 1529 per
936 1460 1054 1512 vestras
1079 1450 1214 1523 delicias,
1238 1470 1318 1531 quas
1343 1452 1439 1515 vobis
1463 1451 1522 1513 viri
1540 1451 1594 1532 phi·

242 1541 360 1622 losophi
382 1542 447 1621 jam
471 1542 542 1603 olim
567 1562 624 1602 non
648 1540 777 1602 absimili
802 1540 903 1602 studio
927 1548 1017 1621 atque
1041 1559 1113 1602 cura
1134 1559 1294 1620 peperere,
1322 1560 1382 1602 vos
1408 1542 1534 1622 inquam
1552 1540 1592 1601 ob

244 1650 329 1694 secro
355 1639 443 1712 atque
468 1631 613 1703 obtestor,
638 1630 681 1690 uti
705 1629 782 1690 hanc
804 1628 988 1692 levissimam
1004 1648 1125 1709 operam
1144 1629 1282 1691 lubentes
1300 1631 1454 1693 volentes
1477 1629 1593 1701 sumatis,

243 1729 275 1783 et
297 1741 374 1802 qnae
398 1720 523 1801 quisque
547 1719 632 1791 vidit,
658 1738 733 1800 quae
758 1718 903 1780 memoria
926 1719 1098 1799 complexus
1122 1726 1178 1793 est,
1203 1737 1280 1798 quae
1306 1740 1329 1780 a
1353 1719 1481 1795 vicinis,
1506 1718 1594 1790 doctis

242 1809 392 1883 indoctis,
421 1809 510 1870 modo
534 1809 591 1870 lide
616 1807 714 1887 dignis
738 1807 866 1883 audivit,
896 1807 954 1870 imo
985 1827 1060 1889 qnae
1084 1808 1121 1868 ab
1147 1808 1252 1869 iisdem
1276 1807 1436 1887 singulari
1462 1808 1596 1871 studiosi

244 1898 348 1960 dedita
371 1917 462 1978 opera
485 1898 643 1978 explorare
667 1898 829 1959 etiamnum
852 1898 974 1977 poterit,
999 1916 1036 1958 ea
1054 1897 1138 1959 brevi
1157 1896 1298 1978 epistolio
1319 1898 1524 1977 consignata,
1545 1897 1596 1958 dnn

244 2006 350 2049 recens
374 1998 422 2049 est
444 1987 604 2056 memoria,
635 1987 800 2049 veredariis
825 1980 1010 2060 committ'at,
1039 1986 1171 2065 Pragam
1193 1986 1406 2049 Bohemorum
1432 1988 1475 2049 ad
1498 1988 1597 2066 Repu

244 2084 277 2138 ct
299 2075 470 2161 Principum
493 2085 661 2139 vestrorum
691 2078 810 2156 legatos
840 2085 872 2137 ct
903 2083 1133 2156 procuratores,
1166 2085 1218 2137 aut
1247 2075 1273 2137 si
1298 2076 1457 2139 mavultis
1481 2079 1597 2139 iba-nco-

245 2165 357 2229 iurtum
381 2166 420 2227 ad
444 2164 602 2229 Claudium
625 2165 776 2229 Marnium
801 2165 926 2247 indeque
950 2165 1058 2227 adme
1082 2165 1331 2246 transportandas.

249 2256 253 2263 '
334 2254 413 2318 Sunt
436 2266 537 2318 antem
561 2255 664 2335 capita
686 2255 889 2336 quaesitorum
913 2256 981 2317 ista.
1018 2252 1135 2324 Quibus
1158 2254 1233 2316 locis
1258 2255 1364 2334 aliqua
1382 2255 1426 2316 de
1445 2252 1519 2317 Sole
1541 2271 1599 2334 par·

244 2342 340 2408 ticula
363 2346 392 2406 in
416 2365 553 2426 supremo
577 2344 660 2408 Solis
688 2345 841 2424 margine,
875 2363 940 2406 cum
969 2351 1052 2405 essct
1079 2343 1202 2423 eclipsis
1229 2343 1384 2418 medinm,
1420 2342 1598 2423 superfuerit,

246 2433 354 2516 quibus
377 2434 509 2497 vicissim
540 2435 640 2516 aliqua
668 2434 698 2496 in
728 2435 787 2497 imo
820 2434 974 2514 marginc;
1007 2441 1038 2494 et
1069 2432 1176 2514 quibus
1207 2432 1282 2495 locis
1316 2441 1406 2495 totns
1438 2433 1497 2511 Sol
1525 2432 1600 2494 luent

246 2530 367 2600 tectus3
400 2533 463 2585 tum
487 2544 562 2605 qnae
586 2523 679 2585 iacies
711 2523 789 2598 diei,
822 2532 952 2605 quantae
981 2521 1143 2597 tenebrae,
1172 2541 1247 2603 quae
1276 2523 1402 2602 species
1429 2522 1512 2584 airis
1535 2522 1600 2582 circa

246 2612 349 2678 Solem
374 2613 563 2688 circumfusi,
595 2634 633 2674 an
656 2613 772 2692 integer
796 2611 922 2674 circulus
947 2612 1063 2674 lucidus
1085 2612 1166 2674 circa
1188 2611 1325 2687 Lunam,
1357 2610 1453 2694 isque
1477 2612 1526 2673 uel
1547 2620 1599 2671 ter-

246 2703 378 2787 minatus
402 2703 481 2764 intra
503 2712 535 2764 et
564 2710 669 2778 extra,
700 2704 749 2763 vel
772 2703 906 2764 exterius
929 2702 1072 2764 evanidus
1095 2701 1210 2763 incerto
1233 2701 1312 2775 fine3
1347 2702 1401 2781 qui
1428 2702 1535 2764 Lunae
1556 2700 1599 2761 sub

247 2791 320 2857 Sole
349 2799 431 2854 tecto
461 2792 655 2854 consistentis
683 2793 766 2854 color
775 2809 784 2866 ;
820 2811 895 2872 qnae
931 2792 1038 2853 stellae
1071 2790 1175 2864 visae3
1211 2797 1243 2852 et
1274 2809 1352 2871 quac
1389 2792 1503 2872 cuique
1535 2789 1599 2851 ultro

247 2888 369 2963 praeter
397 2881 487 2944 istam
519 2881 752 2945 admonitionem
787 2888 952 2943 occurrent.
999 2880 1091 2944 Nulla
1122 2881 1196 2941 adeo
1225 2880 1371 2960 despecta
1406 2889 1442 2942 et
1465 2880 1535 2943 vilis
1557 2878 1601 2939 erit

248 2971 393 3046 narratio,
418 2973 575 3034 dummodo
592 2972 652 3033 fida
672 2979 703 3032 et
719 2971 858 3045 candida,
882 2988 971 3049 quam
994 2989 1050 3049 ego
1074 2989 1132 3031 non
1157 2969 1272 3049 ingenti
1295 2969 1474 3047 gratiarum
1497 2969 1599 3031 actime

248 3080 314 3124 sum
337 3054 542 3140 suscepturus.
589 3061 634 3122 De
659 3060 733 3140 ipsis
758 3061 850 3121 etiem
873 3059 999 3120 nubibus
1023 3059 1139 3121 discere
1164 3058 1266 3137 cupio,
1298 3076 1358 3119 non
1386 3060 1473 3139 qnod
1497 3056 1601 3121 baerd

248 3168 312 3212 rem
335 3150 458 3224 faciant,
485 3151 539 3211 sed
564 3158 596 3211 ut
619 3150 649 3210 in
672 3170 719 3212 me
744 3149 825 3211 sitim
849 3149 924 3210 hanc
948 3148 1114 3230 inquirendi
1139 3147 1348 3227 exstinguant,
1375 3149 1405 3210 si
1432 3146 1599 3215 consuant

248 3247 442 3318 conspectum
467 3237 549 3301 Solis
573 3238 685 3300 alicubi
708 3255 761 3318 per
783 3239 839 3298 has
864 3246 1008 3319 ereptum.

338 3326 372 3390 Si
395 3327 444 3409 qui
469 3337 539 3390 suut
562 3327 767 3390 mathematici
791 3346 828 3388 ex
851 3329 989 3407 professo
1013 3329 1097 3399 (nam
1115 3325 1260 3387 hactenus
1283 3325 1473 3406 alloquebar
1495 3325 1601 3388 univer·

250 3417 333 3492 sos),
365 3417 413 3499 qui
439 3418 522 3478 coelo
546 3436 653 3479 sereno
678 3417 722 3478 usi
747 3436 814 3478 sese
838 3418 876 3478 ad
900 3417 986 3496 hujus
1011 3414 1132 3494 deliquii
1157 3413 1403 3477 observationem
1428 3434 1466 3476 eo
1490 3413 1601 3478 artifieio

249 3512 469 3588 compararunt,
495 3507 572 3587 qnod
597 3514 666 3568 ante
691 3526 801 3569 annum
825 3505 900 3587 ipsis
924 3506 953 3567 in
980 3503 1099 3584 Opticis
1124 3503 1214 3567 editis
1238 3503 1408 3583 descripsi,
1435 3505 1600 3568 adhortatu

249 3604 366 3662 mature
391 3616 493 3658 ornnes
518 3597 557 3657 ad
581 3596 754 3676 diligentem
776 3596 865 3675 hujus
885 3596 1022 3656 deiectus
1042 3592 1291 3661 observationem.
1316 3592 1363 3654 illi
1391 3594 1534 3676 quamvis
1554 3611 1599 3654 non

250 3705 286 3748 eo
310 3686 462 3748 intractu
486 3687 610 3762 versati,
636 3685 684 3766 qui
708 3693 804 3746 totum
828 3685 930 3747 Solem
953 3691 1065 3745 tectum
1089 3682 1182 3755 vidit,
1207 3681 1405 3744 nihilominus
1431 3685 1471 3746 de
1493 3680 1598 3766 quanti·

250 3783 316 3838 tate
340 3775 479 3838 diametri
502 3776 607 3837 Lunae
632 3775 785 3855 ipsiusque
816 3775 953 3835 delectus
982 3773 1030 3835 vel
1053 3792 1101 3834 me
1124 3770 1265 3851 privatim
1288 3772 1338 3832 vel
1362 3773 1490 3851 publice
1513 3788 1598 3835 omnes

251 3865 437 3939 edocebunt,
471 3864 577 3945 quibus
606 3865 738 3926 vicissim
767 3883 822 3944 ego
851 3864 907 3925 hoc
937 3863 1110 3943 quantulum
1134 3868 1182 3923 est
1204 3879 1340 3922 mearum
1363 3862 1599 3925 observationum

250 3953 334 4017 hisce
358 3953 485 4034 pagellis
509 3955 703 4029 communico,
728 3963 761 4015 ut
783 3953 916 4027 videant,
941 3959 1054 4033 quanta
1071 3970 1118 4013 me
1136 3949 1231 4012 nubes
1255 3952 1490 4030 opportunitate
1512 3951 1597 4033 priua·

251 4044 365 4118 verint,
397 4063 526 4124 suasque
555 4044 711 4105 liberiores
735 4051 820 4105 tanto
845 4042 986 4104 libentius
1009 4042 1039 4103 in
1064 4039 1339 4119 compensationem
1361 4042 1429 4104 mei
1453 4040 1550 4104 damni
1568 4036 1597 4098 ad
1633 4094 1635 4129 ;

252 4151 300 4194 me
323 4133 543 4195 transmittant.
592 4132 707 4204 Quibus
732 4132 850 4213 quidem
873 4132 1063 4212 Hipparchus
1091 4148 1191 4205 mens,
1225 4128 1274 4209 qui
1300 4128 1367 4208 jam
1397 4131 1434 4193 in
1460 4129 1595 4212 procinctu
1633 4172 1635 4199 ,

254 4228 320 4296 est,
352 4222 430 4283 hanc
462 4222 580 4284 unicam
608 4222 733 4303 eclipsin
762 4243 781 4282 a
809 4221 895 4283 vobis
923 4220 1049 4282 auctarii
1078 4219 1144 4282 loco
1174 4225 1358 4299 exspectans
1390 4219 1549 4302 plurimum
1571 4233 1595 4278 st
1633 4216 1635 4231 '

255 4309 364 4372 debere
388 4311 493 4372 lubens
518 4311 671 4374 fatebitur.

342 4399 430 4480 Rogo
455 4408 556 4462 autem
579 4400 724 4483 imprimis
751 4400 833 4463 viros
861 4399 958 4462 literis
988 4398 1140 4471 celebres,
1174 4412 1296 4478 qnorum
1327 4414 1400 4459 sese
1432 4397 1473 4459 ad
1499 4400 1595 4458 remote

255 4488 324 4550 loca
345 4489 472 4568 porrigit
495 4490 618 4566 notitia,
643 4491 685 4552 nti
710 4509 746 4550 ea
765 4490 830 4569 jam
854 4496 976 4552 utantur
999 4490 1037 4551 ad
1061 4485 1282 4568 percontandos
1305 4484 1455 4563 idoneos,
1487 4486 1523 4551 ad
1542 4502 1593 4546 mo·

255 4576 371 4640 nendos
386 4578 514 4657 Magnat
515 4599 567 4655 es;
591 4599 663 4659 rogo
678 4580 849 4658 Magnetes,
875 4597 949 4659 quos
967 4579 1075 4640 harum
1097 4595 1195 4640 rerum
1218 4595 1289 4637 cura
1312 4577 1429 4656 tangit,
1453 4573 1593 4640 ditionibus

256 4673 408 4748 potentes,
432 4669 596 4768 quemlibet
617 4689 670 4750 pro
695 4669 791 4748 dignit
793 4669 852 4731 atis
869 4687 941 4732 suae
960 4667 1140 4740 conditione,
1165 4672 1199 4728 nt
1214 4666 1353 4747 exemplo
1367 4665 1592 4731 Monachum

258 4774 381 4837 qnorum
404 4756 487 4836 prius
511 4759 591 4821 facta
615 4758 736 4832 mentio,
762 4778 821 4839 qua
844 4759 968 4840 quisque
988 4758 1103 4820 ratione
1119 4755 1363 4818 commodissime
1378 4765 1494 4837 potest,
1516 4748 1592 4834 plun-

192 4852 194 4857 ’
244 4852 338 4914 'mum
365 4845 454 4929 hujus
482 4848 665 4912 narrationis
693 4848 850 4931 conquirat
877 4866 971 4930 eoque
1003 4867 1050 4910 me
1081 4865 1137 4927 per
1167 4865 1240 4910 snos
1265 4844 1421 4911 hieratos
1451 4840 1598 4927 impu&
