3278 5550
586 348 603 369 .·
631 315 714 380 utu
731 310 846 425 atat
983 305 987 314 '
1345 286 1412 368 tu

98 499 150 560 otc·
164 504 196 559 a
216 501 350 577 quoto,
370 501 450 575 ssqoo
471 501 498 557 io
518 502 694 574 proportione
716 520 763 566 oo,
792 490 847 573 qo'o
873 499 1000 557 sutem
1019 494 1086 572 nc.
1105 481 1168 550 toto
1188 485 1313 554 ductu.
1344 500 1411 558 rw

98 582 235 641 niniati
255 576 314 640 BD.
353 582 480 657 Denique
509 585 533 639 si
558 585 708 638 sertorium
728 585 766 637 sit
786 584 812 637 in
834 584 867 647 C,
895 587 972 636 totus
1002 579 1064 635 axis
1086 583 1145 632 stat
1169 575 1289 664 abuma
1304 575 1408 662 ¹putto

99 663 124 721 il
144 664 187 721 alr
206 664 302 723 altera
320 668 410 735 puto.
450 665 518 721 Cum
537 683 605 739 ergo
630 664 699 719 nihil
726 664 838 719 absita
857 663 921 733 polo
943 664 978 725 G,
1001 654 1129 724 totaliter
1148 673 1167 710 a
1180 654 1208 746 ¹(l
1228 654 1358 722 dingntur
1378 655 1409 740 et

99 750 161 811 b,
181 744 253 801 albil
272 744 393 799 faciente
411 745 477 817 polo
489 748 524 810 Δ,
546 746 612 817 quia
630 745 709 824 nulla
728 751 773 798 est
791 744 930 823 proportio
951 739 1108 797 remotionis
1128 736 1226 826 polsA·
1248 748 1266 784 ⁸
1285 746 1407 822 'emm

100 826 186 881 cul
216 824 371 896 plenarium
396 832 553 882 contactum
573 825 629 896 poli
651 826 689 900 cf
716 826 767 889 lta
791 822 876 878 musa
902 829 994 901 patet,
1025 838 1073 874 our
1093 817 1168 872 sinus
1198 816 1349 867 dismntsac
1371 811 1408 862 ab

99 914 223 979 quatere,
244 905 291 976 qui
310 905 420 961 bic-ast
439 908 497 969 BD,
520 904 628 960 alludat
647 907 683 959 ad
703 921 864 979 mensuram.
890 904 977 958 Simul
990 901 1081 956 ‘etiarn
1102 912 1188 952 causa
1209 898 1339 986 apparel.
1360 905 1410 980 θῑξῐ
1440 922 1444 930 ·

99 986 292 1057 npropinque
318 984 454 1041 ocinddat
480 968 596 1059 uterqrie
621 987 723 1040 modus.
764 984 920 1053 Numquis
940 985 989 1037 BD
1010 977 1244 1059 perpendicplarrs
1265 977 1326 1034 est,
1354 975 1410 1023 ent

99 1082 127 1139 ro
148 1073 183 1121 ut
204 1066 252 1120 (ID
274 1068 308 1119 ad
328 1066 379 1139 BD
400 1065 440 1121 sic
458 1068 510 1122 BD
523 1068 558 1123 ad
571 1068 633 1130 DA,
655 1072 684 1120 et
704 1083 764 1119 oum
784 1065 839 1120 sint
858 1064 1001 1136 triangula
1022 1060 1122 1116 similia
1147 1056 1304 1129 (moenita)
1336 1049 1411 1104 CDB

100 1146 195 1210 ΕΒΔ,
217 1146 272 1200 erit
291 1152 323 1199 ut
343 1147 390 1200 OD
411 1148 446 1201 sd
464 1147 517 1202 DA
537 1146 577 1202 sio
596 1162 663 1202 area
682 1146 753 1200 CDB
774 1147 809 1200 ad
829 1162 921 1200 aream
941 1145 1026 1198 BDA.
1058 1144 1121 1196 Jam
1141 1155 1228 1211 parvo
1249 1133 1322 1188 BOD
1344 1147 1410 1201 ΡΜ·

99 1244 118 1283 ι
139 1232 316 1299 tegmentum
337 1226 410 1282 BCG
430 1227 551 1290 accedit,
577 1232 608 1282 et
626 1244 728 1298 magno
749 1227 825 1281 BAD
846 1241 976 1297 magnum
996 1229 1167 1294 segmentum
1187 1219 1273 1279 ΒΓΑ,
1297 1217 1330 1266 ut
1350 1212 1408 1265 fert

110 1307 218 1362 ADBF
237 1322 305 1360 area
325 1309 361 1361 ad
382 1307 495 1371 CDBG,
516 1315 549 1363 ut
567 1309 619 1362 AD
649 1308 724 1362 linea
743 1308 778 1361 ad
799 1308 846 1361 CI)
866 1307 993 1367 lineam„
1015 1304 1094 1369 Prius
1124 1308 1216 1357 autem
1239 1313 1298 1390 ¹per
1328 1307 1408 1347 arm
1448 1334 1451 1342 ·

99 1382 290 1456 irum'dupla)
312 1389 462 1458 operabar,
493 1388 538 1442 hio
558 1405 608 1459 per
626 1388 714 1451 lineas
735 1392 794 1442 sum
822 1393 961 1455 operatus.
1003 1385 1122 1455 Cumque
1149 1385 1307 1471 quantitas.
1324 1387 1408 1460 ‚qum

99 1467 152 1521 sdit
172 1464 323 1531 Gilbertus,
346 1468 407 1521 loeo
425 1469 525 1523 medio
544 1476 682 1532 versetur,
710 1485 817 1522 rursum
842 1475 886 1520 est
910 1465 1047 1527 credibile,
1079 1462 1228 1517 coincidere
1250 1458 1327 1512 ullam
1348 1469 1409 1545 cum

100 1553 196 1602 meo
218 1547 313 1601 horum
333 1549 481 1602 modorum.
524 1550 600 1613 Quod
628 1556 720 1603 autem
740 1550 774 1602 ad
795 1554 896 1602 motum
917 1543 1176 1612 Tellurisattibet,
1199 1540 1281 1596 facile
1301 1540 1409 1630 potem

100 1627 195 1700 pitare,
218 1645 386 1698 magnopere
406 1645 449 1681 me
470 1631 656 1698 probaturum,
679 1645 748 1700 quae
768 1625 967 1695 illotlib.V1.)
989 1629 1023 1680 ad
1037 1624 1252 1695 Cupernicsnam
1272 1625 1409 1711 rotronem

100 1707 256 1765 bulensem
276 1696 363 1771 affert,
386 1725 445 1762 eum
467 1709 669 1778 Copernioanus
690 1716 719 1763 et
740 1709 797 1779 ipse
819 1708 876 1765 sim.
907 1707 997 1761 Velim
1018 1714 1109 1760 tamen
1131 1703 1294 1773 perpendas,
1316 1710 1410 1768 ipsum

100 1776 290 1842 stabilitatem
311 1789 410 1842 saltem
431 1790 561 1858 profiteri.
602 1792 680 1842 Haec
700 1789 770 1843 enim
797 1789 855 1842 fere
883 1794 925 1840 ast
955 1787 1015 1854 ejus
1044 1784 1236 1840 ratiocinatio:
1268 1781 1367 1871 ferrum
1383 1789 1413 1869 ,ὃ

100 1874 203 1941 mete,
226 1882 339 1938 magnes
361 1886 380 1923 a
400 1871 510 1923 Tellure
538 1876 663 1924 moretur
683 1869 784 1923 virtute
806 1869 900 1939 aliqua
921 1882 1001 1938 quam
1028 1864 1151 1937 proxime
1172 1862 1411 1951 corporahqqula

100 1948 244 2003 sessiones
266 1948 367 2018 accipit
387 1966 541 2019 corporeas.
581 1951 682 2012 Quidni
702 1967 769 2021 ergo
790 1957 820 2003 et
839 1949 933 2002 Tellus
955 1949 1017 2019 ipsa
1039 1944 1144 2000 moveri
1160 1943 1250 2014 possit
1270 1958 1288 1994 a
1307 1944 1410 2032 rrrtuto

100 2027 201 2083 nali?
231 2029 313 2091 Item,
335 2025 627 2093 cousentaneum'est,
649 2031 675 2084 id
696 2029 797 2083 moveri
818 2031 888 2100 quod
918 2027 1059 2083 naturalia
1079 2026 1166 2080 habet
1186 2030 1275 2078 motus
1296 2018 1412 2074 circula·

100 2096 163 2170 hta,
186 2125 241 2162 non
260 2107 432 2179 imaginaria.
460 2111 546 2164 Terra
566 2111 653 2164 habet
673 2112 751 2180 polos
772 2110 924 2173 naturales,
945 2124 1026 2162 axem
1047 2106 1210 2167 naturalem,
1233 2108 1413 2172 aequaturum

100 2186 219 2243 'hralem
240 2195 270 2241 et
290 2189 392 2242 virtute
412 2190 534 2244 naturali
553 2191 690 2262 palpabili
711 2192 878 2260 pollentem:
905 2189 1025 2243 ethaeo
1045 2188 1080 2241 ad
1100 2194 1201 2240 motum
1226 2183 1413 2267 requiruntur.

100 2280 141 2340 squ
161 2275 376 2323 consentancum
397 2276 449 2333 est,
471 2272 583 2325 Terram
603 2272 713 2326 moveri.
740 2272 802 2325 Jam
816 2272 849 2323 de
870 2269 986 2340 singulis
1001 2270 1102 2322 Terrae
1123 2267 1240 2321 motibus
1260 2280 1292 2315 se
1312 2263 1415 2350 dextre

100 2347 197 2419 rpbcat.
240 2348 269 2402 si
289 2349 350 2403 axis
372 2351 473 2403 Terrae
494 2359 625 2422 vergeret
650 2368 757 2422 semper
778 2354 812 2405 sd
833 2352 943 2404 easdem
964 2350 1048 2411 tiras,
1071 2347 1143 2401 credi
1163 2345 1266 2417 possit,
1288 2346 1411 2397 converti

101 2426 224 2498 laliquid
246 2429 299 2482 sibi
319 2429 416 2494 simile,
438 2437 470 2484 ut
482 2438 577 2485 noster
598 2449 712 2503 magnes
733 2433 768 2486 ad
789 2431 990 2501 septentriones
1012 2428 1129 2482 vertitur
1149 2426 1207 2479 sine
1228 2424 1327 2485 anima,
1351 2419 1413 2512 sola

101 2508 184 2563 ancli
205 2508 337 2563 unitionis
358 2510 502 2565 facultate.
543 2512 596 2565 Sed
617 2512 683 2583 quia
703 2511 838 2582 paulatim
862 2511 992 2581 relinquit
1019 2511 1089 2563 fixas
1116 2513 1258 2575 respectus
1279 2505 1328 2557 ille
1348 2515 1412 2557 axos

101 2584 169 2642 brae
190 2588 354 2659 moliturque
376 2590 428 2643 sibi
449 2591 521 2645 riam
542 2592 615 2646 circa
634 2594 712 2662 polos
734 2591 877 2662 eclipticas
898 2590 926 2644 iu
946 2589 1048 2644 circulo
1068 2587 1176 2648 minori.
1199 2587 1261 2639 hine
1281 2589 1410 2675 apparet,

101 2656 234 2738 'hpames
257 2670 327 2722 coeli
348 2670 468 2742 dirigere
489 2688 570 2726 axem
590 2673 707 2735 Terrae,
729 2674 777 2726 sed
798 2672 916 2727 animam
936 2670 1057 2749 aliquam
1077 2669 1104 2723 in
1124 2667 1187 2737 ipsa
1207 2667 1310 2756 Terras
1339 2664 1413 2754 alias

101 2752 172 2818 hper
193 2751 288 2802 eodem
308 2757 447 2822 vergeret.
478 2752 516 2805 Et
536 2752 581 2806 hic
600 2761 742 2823 respectus
764 2752 886 2821 ejusdem
907 2751 1001 2820 puncti
1021 2751 1073 2804 sub
1093 2747 1155 2803 fixis
1177 2753 1320 2799 continuus
1341 2745 1412 2836 diem

101 2832 223 2900 Mque
238 2837 268 2882 ct
281 2847 333 2900 per
352 2848 445 2885 omnes
467 2832 531 2885 anni
552 2840 646 2902 partes
659 2832 727 2898 (uisi
742 2839 876 2903 quatenus
897 2831 1051 2885 tardissime
1065 2827 1188 2885 nonnihil
1208 2819 1411 2894 transpomtur)

101 2900 162 2962 leur
175 2926 194 2963 a
209 2909 360 2978 Cupernico
375 2912 473 2966 tertius
488 2920 576 2966 motus
591 2913 717 2989 Telluris,
734 2929 812 2983 quem
826 2911 1088 2965 inclinationem
1109 2908 1251 2978 appellat;
1273 2904 1410 2973 superfluo

101 2982 168 3043 hine
189 2999 219 3042 et
234 2991 305 3059 quod
320 3007 377 3044 rem
398 2992 486 3060 ipsam
507 2993 644 3056 occultet;
664 2999 697 3047 ut
710 2993 828 3047 nesciam
843 3008 880 3046 an
894 2991 1060 3062 Copemicus
1081 2991 1141 3061 ipse
1160 2988 1212 3041 rim
1233 3003 1301 3041 suae
1322 2984 1411 3052 hypo-

101 3058 175 3123 beos
197 3071 298 3123 dextre
318 3069 499 3126 intellexerit.
1390 3143 1396 3156 ι

104 3152 109 3161 ”
149 3149 279 3204 Ceterum
301 3151 425 3207 diurnum
439 3151 541 3207 Terrae
555 3160 657 3208 motum
672 3153 795 3208 omnibus
811 3152 945 3207 machinis
966 3151 1092 3215 adstruit,
1114 3152 1146 3204 de
1161 3165 1252 3203 annuo
1268 3145 1413 3239 suqundit

102 3229 245 3291 leudam:
277 3229 350 3284 forte
380 3232 446 3302 quia
474 3241 645 3288 astronomo
666 3252 719 3288 nou
749 3240 808 3288 est:
837 3233 923 3299 alias,
954 3233 977 3287 si
999 3233 1068 3286 bene
1088 3230 1152 3287 nori
1173 3230 1233 3299 ejus
1261 3228 1409 3300 mgemuu.

102 3309 197 3365 sums
219 3309 321 3364 busset
341 3318 503 3382 arrepturus
524 3321 554 3368 et
572 3314 653 3371 hunc.

145 3408 375 3463 Praecessionem
405 3410 637 3481 aequinoctiorum
667 3430 781 3484 eamque
810 3413 982 3484 inaequalem
1009 3418 1038 3465 et
1063 3407 1234 3481 obliquitatis
1264 3404 1412 3475 eclipticas

102 3480 252 3552 Moneo,
275 3489 316 3542 uti
336 3505 389 3559 par
409 3497 460 3555 est,
483 3492 519 3545 ab
540 3508 593 3546 axe
608 3495 711 3548 Terrae
732 3494 874 3563 suspendit
894 3511 945 3547 uec
963 3493 1034 3546 male
1055 3489 1191 3560 componit
1212 3503 1317 3542 omnem
1337 3484 1412 3538 hane

102 3561 227 3622 fietatem
247 3568 275 3622 in
297 3569 377 3623 lineis
398 3572 538 3627 tortuosis.

146 3649 194 3702 Ad
215 3664 276 3718 cap.
301 3643 326 3705 ².
348 3649 397 3703 lib.
418 3651 464 3705 Vl.
487 3654 556 3706 addo
577 3653 735 3708 contutandi
756 3654 838 3710 studii
859 3669 953 3717 causa,
967 3651 1214 3725 Regiomontauum
1227 3647 1256 3702 in
1270 3648 1411 3717 Torqueto

102 3725 177 3803 t(lere
199 3728 251 3782 alt.
273 3729 331 3799 poli
344 3730 448 3784 Romae
470 3728 523 3788 t2⁰
545 3730 582 3797 ι’,
605 3734 688 3788 aliter
708 3728 761 3788 4⁴2⁰
780 3730 819 3791 8‘.
845 3735 1012 3804 Exemplum
1026 3734 1167 3802 Prugense
1181 3735 1278 3785 contm
1289 3724 1412 3818 Mariam

102 3806 133 3863 Ιί
153 3807 251 3864 attuli.
280 3809 379 3879 Capite
400 3807 427 3866 6.
450 3800 564 3871 lib.'V1.
585 3814 717 3883 ejusmodi
737 3816 828 3870 verbis
849 3815 943 3878 utitur,
964 3820 997 3868 ut
1017 3819 1109 3884 optem
1129 3810 1194 3865 mihi
1217 3810 1287 3871 slas,
1310 3807 1410 3877 qmbut

103 3886 241 3965 §nglism
262 3890 297 3942 ad
318 3889 509 3949 conferendum
538 3911 598 3948 cum
618 3895 667 3949 illo
693 3901 873 3967 transportet.
914 3897 1010 3964 (Comp.
1030 3897 1187 3961 v01.11‚r·
1208 3893 1282 3958 Μ·)
1320 3886 1410 3940 P¹⁸¹¹⁰

102 3960 151 4025 itm
173 3986 232 4041 ego
253 3967 393 4039 principiis
415 3988 506 4028 omnes
527 3977 701 4044 planetarum
722 3984 811 4031 motus
837 3973 1016 4030 demonstrari
1037 3990 1117 4044 posse
1138 3976 1213 4042 puto.
1248 3968 1338 4060 Dolet
1353 3983 1411 4021 non
1435 4030 1438 4034 ¹

102 4044 248 4111 flom'iter,
276 4065 331 4103 non
359 4050 462 4106 lectum
482 4055 523 4108 illi
544 4072 605 4108 esse
625 4073 714 4110 meum
744 4057 867 4111 libellum
887 4072 935 4109 seu
956 4053 1118 4125 Mysterium
1140 4047 1409 4121 eoomogrepmcum

103 4129 167 4196 pitis
189 4127 220 4183 7.
248 4127 349 4183 similia
374 4131 437 4185 olim
468 4135 504 4188 ad
522 4135 560 4190 ld.
582 4137 612 4190 T.
635 4136 748 4190 Graetio
777 4136 934 4207 perscripsi.
981 4139 1077 4206 (Gomp.
1106 4140 1152 4190 vol.
1175 4137 1216 4194 11.
1242 4151 1266 4200 p.
1287 4130 1340 4183 812
1360 4130 1409 4194 ss.)

103 4218 133 4266 tc
152 4214 313 4280 sequanum
333 4210 401 4280 cap.
422 4206 449 4267 8.
472 4210 499 4270 9.
520 4217 554 4268 de
574 4215 759 4286 possibilitate
790 4224 855 4271 sunt
881 4215 1076 4286 intelligenda,
1104 4231 1157 4267 uon
1179 4214 1212 4265 de
1233 4207 1410 4264 necessitate.

103 4291 156 4358 ‚n'te
177 4287 279 4343 ultim
309 4291 441 4355 ostendit,
474 4295 584 4365 qualem
604 4296 676 4350 viam
705 4297 858 4352 describere
878 4298 987 4353 ‚debeat
1007 4295 1068 4348 axis
1089 4295 1190 4348 Terrae
1216 4286 1346 4352 directio,
1376 4293 1411 4341 ut

103 4371 198 4428 satur
218 4367 285 4422 talis
306 4372 445 4426 anomalia
465 4376 664 4443 praecessionis
686 4384 716 4432 et
736 4376 915 4449 obliquitatis,
938 4376 1047 4448 qualem
1067 4374 1144 4445 ponit
1164 4366 1339 4442 Oopernious.
1369 4370 1411 4422 At

121 4449 221 4525 ipsius
236 4465 287 4503 nec
301 4449 444 4521 Copernici
465 4460 523 4509 tam
545 4457 666 4527 operosis
687 4457 920 4528 speculationibus
941 4472 1010 4526 opus
1024 4471 1085 4509 esse
1099 4454 1213 4516 ridetur,
1237 4450 1308 4521 quod
1328 4465 1410 4504 exer·
1519 4472 1522 4477 >

103 4532 157 4591 fii
180 4527 288 4603 Emi&
319 4530 386 4600 quit
406 4532 448 4586 his
470 4535 631 4600 delectaris,
652 4538 751 4603 exiis,
773 4554 844 4609 quae
865 4539 898 4590 de
919 4528 1408 4607 annimagnitudineetcolraeren·

103 4632 123 4672 ι
145 4608 277 4680 moepi.
298 4609 327 4664 in
348 4610 399 4666 has
420 4613 534 4670 chartas
555 4616 690 4673 referam:
712 4619 735 4672 si
756 4619 827 4673 torte
849 4634 898 4688 per
910 4624 939 4671 te
958 4615 1007 4670 alii
1027 4615 1150 4683 celebres
1171 4610 1359 4668 mathematici
1372 4611 1409 4665 ad

103 4688 307 4753 ddarationem
327 4691 410 4762 hujus
431 4689 471 4748 rei
492 4696 658 4753 excitentur.

115 4792 260 4849 'nomm
281 4794 334 4853 est,
355 4789 446 4845 inesse
467 4793 555 4848 motui
575 4792 647 4861 Solis
668 4812 722 4850 non
742 4795 829 4851 minus
851 4813 932 4869 quam
956 4801 1107 4854 ceterorum
1131 4793 1307 4864 planetarum
1327 4788 1408 4843 dede·

104 4890 166 4963 ess
186 4870 220 4939 in
239 4868 342 4940 imi
364 4887 419 4947 qut
432 4873 465 4928 de
480 4888 567 4945 aust
579 4872 619 4959 ,tt
641 4883 675 4947 ut
686 4876 804 4951 muco
823 4868 985 4955 immunis
998 4874 1079 4942 ,hodie
1099 4873 1248 4950 insonter,
1268 4876 1302 4939 ot
1313 4868 1409 4943 moto
