3278 5550
627 306 710 362 Nosse
728 305 858 361 warte..
1062 308 1065 313 ’
1339 290 1408 389 ἰιι

47 485 190 539 natabat
208 486 269 553 grta
288 485 347 538 dass
366 502 392 538 ιι
409 485 435 536 ln
454 487 608 551 geometricis
626 488 759 538 sonderbar
777 489 815 538 nit
832 488 940 538 versiert.
977 483 1022 537 leb
1039 482 1106 534 wollt
1124 483 1167 534 des
1184 480 1264 535 Herm
1280 482 1408 548 judicium,

42 559 161 613 δῦσαι
179 559 264 610 indam
282 574 309 610 οι
326 566 419 609 motum
438 559 530 610 Terras
549 559 626 608 daran
645 575 675 608 su
694 562 831 625 onningen
849 559 978 615 vermaint,
997 572 1058 623 gom
1076 571 1242 608 sornemmen.

141 639 241 703 Quibus
258 638 385 703 respondit
400 637 523 703 Ksplsrus
541 636 577 700 (d.
598 637 639 687 12.
658 639 716 689 dan.
738 636 835 701 1603);
859 632 889 686 ln
911 631 1089 703 magneticis,
1118 631 1160 684 uti
1180 631 1258 684 novit
1277 630 1314 684 ιι.
1336 630 1405 691 Tua,

44 713 158 771 ιιιιιιια
180 712 230 770 ni.
257 713 386 767 Portae
408 712 601 781 experimenta
621 713 754 783 pleraque
776 713 933 766 examinavi
953 708 997 765 vel
1013 711 1047 764 ad
1068 711 1190 765 rationes
1212 711 1257 764 vel
1277 710 1312 763 ad
1332 709 1407 779 peri·

42 793 229 849 ditationem
252 791 406 864 propriam,
435 800 566 862 quantum
593 793 698 847 informi
724 793 817 864 lapide
842 794 928 862 potui.
969 792 1085 861 Aliquos
1114 791 1198 844 etiam
1219 791 1279 860 ejus
1301 806 1408 844 errores

27 874 107 931 ‘loe
127 880 215 945 pacto
236 871 411 943 deprehendi,
434 890 500 942 quos
522 873 679 928 nominatim
700 873 801 928 alicubi
823 879 906 927 taxat
926 879 956 930 et
974 872 1124 926 Gilbertus.
1152 872 1254 925 Verum
1275 871 1317 925 ita
1337 871 1408 937 lusa,

45 952 199 1018 intimate,
220 952 543 1024 sufficientertractavit
563 954 635 1008 hanc
655 971 712 1007 rem
728 954 877 1017 Gilbertus,
900 953 941 1006 ita
961 952 1078 1022 undique
1100 950 1275 1006 nobilissimis
1296 950 1408 1020 experi-

40 1034 155 1093 mtis
176 1051 208 1088 se
227 1033 353 1097 munivit,
384 1033 501 1088 omnium
531 1034 774 1088 contradicentium
800 1051 849 1088 ora
876 1034 1032 1096 obstruxit,
1063 1039 1095 1085 ut
1124 1032 1208 1101 plane
1238 1038 1410 1086 evanescant

41 1132 136 1185 ‚maa
157 1113 363 1185 speculationes
378 1115 411 1166 de
425 1115 508 1168 tarda
521 1114 571 1168 illa
590 1115 756 1185 migratione
778 1115 835 1184 poli
857 1121 945 1169 motus
956 1113 1054 1171 'diurni
1068 1130 1105 1165 ex
1119 1113 1187 1165 locis
1203 1114 1313 1176 Te'rrae,
1337 1128 1409 1182 quae
1482 1156 1484 1161 .

42 1194 82 1253 h
109 1194 254 1249 creatione
282 1194 323 1247 illi
351 1193 453 1248 firerint
481 1194 617 1262 subjecta.
667 1196 753 1258 Quam
784 1194 1001 1265 speculationem
1026 1198 1104 1248 tanto
1129 1193 1260 1246 libentius
1291 1194 1408 1263 depono,

43 1277 129 1349 qnod
149 1275 269 1338 invenio,
290 1274 335 1328 hio
355 1275 468 1346 Pragae
495 1281 561 1330 ante
583 1269 641 1331 200
662 1291 747 1330 annos
772 1276 947 1330 observatam
974 1274 1147 1329 altitudinem
1168 1272 1224 1341 poli
1252 1273 1409 1363 opusentire

17 1372 138 1429 fluam
159 1355 285 1426 proxime
306 1372 366 1408 cum
387 1371 430 1419 ea,
453 1372 523 1425 quae
544 1363 587 1409 est
608 1356 696 1411 hodie.
731 1360 828 1428 (comp.
848 1363 893 1427 Ep.
913 1363 945 1412 ad
961 1356 1063 1411 Maesti.
1082 1376 1106 1425 p.
1126 1356 1181 1420 tt.)
1214 1356 1255 1406 At
1274 1355 1410 1423 poscebat

42 1435 194 1509 analogia
213 1442 303 1489 motus
325 1436 360 1489 ab
381 1435 502 1489 Antonio
523 1436 614 1490 Maria
639 1441 729 1508 (comp.
748 1443 807 1495 Vol.
824 1443 857 1501 11,
877 1459 900 1508 p.
921 1435 985 1504 220)
1006 1434 1071 1488 mihi
1097 1433 1257 1498 monstrati,
1284 1440 1316 1487 ιιι
1335 1433 1410 1489 intra

28 1516 110 1581 loc
130 1522 241 1585 tompus
264 1509 391 1569 10-—12‘
411 1515 522 1573 variata
543 1515 652 1569 fuerint
912 1526 915 1533 ’

144 1597 252 1667 Legem
273 1595 411 1666 integrum
431 1613 500 1665 opus
521 1597 568 1650 ubi
588 1598 651 1666 plus
673 1595 721 1650 otii
742 1597 812 1660 erit,
839 1597 900 1665 jam
927 1597 1049 1669 maligne
1075 1596 1222 1650 inhaerent
1251 1593 1409 1658 memoriae,

29 1693 129 1749 ‚qnae
150 1683 216 1731 aute
241 1675 428 1731 bienniumin
447 1692 510 1730 mea
537 1677 606 1730 febri
634 1684 772 1748 quartana
793 1696 830 1731 ex
850 1695 883 1730 eo
905 1677 988 1748 animi
1013 1677 1109 1748 gratia
1133 1674 1262 1729 delibavi.
1302 1675 1332 1729 si
1353 1689 1409 1745 qua

26 1755 124 1823 nini
152 1763 302 1811 nascentur
329 1757 430 1820 dubia,
459 1773 518 1810 curn
538 1757 576 1812 ιιι.
596 1758 628 1812 T.
660 1757 872 1813 communicabo.
914 1759 945 1811 ln
970 1774 1102 1827 praesens
1132 1757 1204 1810 ista:
1240 1754 1409 1825 Varistiopis

25 1852 169 1911 bap-usae,
192 1852 272 1907 quam
294 1838 375 1890 affert
395 1835 476 1903 (libro
498 1831 567 1906 lv),
589 1837 698 1891 videtur
718 1839 843 1902 obstare,
871 1841 942 1908 quod
967 1845 1099 1893 montana
1117 1837 1262 1908 regionum
1283 1837 1319 1890 ad
1338 1835 1409 1891 ints·

10 1918 16 1951 ·'
96 1908 100 1913 ’
158 1917 273 1989 globum
294 1917 398 1971 nullam
422 1917 528 1971 habent
553 1918 765 1987 proportionem.
806 1919 837 1973 ln
863 1919 1093 1975 declinationibus
1121 1912 1183 1985 (lib.
1203 1910 1339 1983 V.)'mibi
1359 1934 1410 1971 ex·

10 1932 140 2105 ς
159 1997 206 2050 vel
227 1996 406 2066 impossibilia
426 1997 471 2051 rel
493 1998 710 2052 sumtuosissima
730 1999 921 2068 experimenta
940 1999 1083 2069 proponit,
1104 1998 1152 2052 ubi
1171 1999 1237 2051 fides
1258 2003 1303 2052 est
1323 2013 1408 2067 penes

46 2146 51 2151 Ι
75 2142 83 2157 ·
111 2142 116 2151 ι
141 2093 208 2132 rem.
248 2081 288 2130 At
308 2077 374 2147 quia
397 2084 584 2132 consentanea
609 2078 675 2132 dicit
695 2085 724 2131 et
744 2079 772 2133 in
793 2079 892 2134 ceteris
913 2079 980 2133 lidos
1001 2080 1062 2146 ejus
1090 2078 1240 2148 explorata
1260 2084 1316 2142 est,
1338 2077 1408 2131 nibil

35 2162 47 2171 ’“
88 2218 92 2225 ,
122 2174 170 2211 cur
186 2163 348 2228 'suspectum
361 2157 498 2220 babeam;
519 2174 583 2213 nam
596 2176 632 2211 ex
647 2159 711 2212 stilo
727 2155 855 2229 apperet,
877 2158 963 2213 virum
977 2175 1091 2230 gravem
1105 2176 1167 2212 esso
1182 2176 1233 2212 nec
1252 2158 1408 2228 mulgarium

117 2254 193 2292 orum
213 2236 338 2293 similem.
371 2240 414 2291 Ad
436 2238 505 2292 baec
526 2245 569 2292 tot
584 2245 620 2292 -et
640 2246 722 2294 tanta
742 2245 841 2294 ettam
863 2247 1040 2294 controversa
1060 2238 1279 2308 superaedificat,
1300 2244 1408 2293 utnon

93 2316 102 2331 “
133 2317 161 2372 ‘a
181 2317 288 2371 censeri
309 2318 422 2381 debeat,
454 2317 652 2373 declinaturum
673 2319 757 2375 luisse
778 2319 932 2384 infamiam,
954 2336 1025 2391 quae
1050 2320 1138 2389 ipsum
1165 2324 1296 2375 secutura
1315 2317 1407 2383 iuuerit,

10 2394 180 2481 {jisisa
199 2398 309 2469 alleget
328 2397 528 2475 experimenta.
568 2400 606 2452 Et
632 2400 735 2468 passim
762 2407 844 2454 taxat
870 2401 1027 2454 fabularum
1053 2399 1231 2462 architectos,
1261 2399 1408 2470 potuitque

47 2478 169 2541 ,umine
190 2484 361 2550 suggerente
382 2479 449 2533 illud
470 2479 607 2550 cogitare,
633 2487 715 2550 turpe
736 2497 796 2534 esse
817 2481 936 2544 doctori,
962 2498 1021 2535 cum
1043 2481 1126 2549 culpa
1147 2479 1291 2550 redarguit
1310 2480 1408 2548 ipsum.

10 2512 178 2823 &a
197 2557 339 2628 peculiare
360 2566 561 2629 argumentum.
583 2577 631 2614 cur
651 2566 681 2613 et
701 2561 729 2613 in
748 2560 942 2615 directionibus
964 2561 1017 2631 ipsi
1036 2562 1116 2614 fidem
1138 2561 1264 2615 habeam.
1293 2560 1407 2622 Quanti-

142 2706 147 2715 θ
163 2636 376 2692 declinationum
390 2639 520 2709 proponit
531 2639 580 2693 ille
594 2640 736 2710 perplexis
750 2641 842 2694 nescio
858 2642 955 2712 quibus
970 2641 1059 2694 curvis
1072 2641 1162 2704 lineis,
1177 2662 1209 2695 ro
1230 2639 1273 2694 dn
1290 2641 1407 2697 afferens

125 2735 221 2790 umque
242 2718 370 2772 metiendi
385 2719 608 2791 qualemcunque,
629 2739 684 2774 non
698 2721 878 2785 dissimulans,
895 2740 925 2776 se
938 2743 971 2776 ro
989 2722 1062 2778 dicu
1082 2721 1290 2791 particularium
1304 2720 1407 2775 dimen-

10 2792 168 2877 &uum
188 2798 334 2871 ignorare;
366 2816 418 2869 quo
438 2799 525 2854 minus
555 2808 712 2870 suspectum
734 2808 778 2855 est
797 2802 884 2871 ipsum
905 2823 937 2859 ro
960 2797 1010 2858 im.
1051 2803 1113 2873 Ego
1142 2819 1208 2856 vero
1232 2794 1407 2871 deprehendo

10 2880 173 2953 &mnsam
194 2878 306 2933 illarum
325 2878 520 2934 dimensionum
540 2881 747 2952 geometricam,
770 2899 840 2952 quae
862 2884 1055 2952 propemodum
1075 2883 1145 2936 idem
1170 2888 1313 2953 praestat,
1336 2884 1406 2952 quod

10 2954 147 3033 ῥῂιιιι
168 2955 310 3026 ἀναιιητοι
328 2975 428 3014 curvae
449 2960 557 3015 lineae:
586 2979 636 3014 nec
657 2979 721 3015 curo
742 2964 775 3015 dc
796 2963 1047 3032 discrepatiuncula
1072 2964 1199 3025 minimar
1227 2979 1291 3017 nam
1311 2978 1408 3016 sensus

10 3034 97 3111 ᾗ
112 3039 186 3094 bisce
208 3038 362 3093 tenerrimis
383 3041 579 3110 experimentis
601 3059 633 3096 ac
647 3043 809 3111 praesertim
830 3043 858 3097 in
872 3050 930 3098 tam
950 3043 1043 3113 parvis
1063 3044 1186 3115 globulis
1200 3061 1254 3098 non
1269 3042 1411 3097 descendit

10 3112 102 3189 ἐξῆ
117 3119 236 3174 minima.
279 3120 371 3174 Causa
391 3137 471 3191 quarn
492 3121 549 3176 dixi
578 3122 749 3192 geometrica
768 3124 839 3177 baec
864 3131 924 3178 est:
955 3124 984 3177 in
1003 3124 1089 3195 globo
1114 3124 1271 3195 magnetioo
1301 3122 1412 3188 dimidia

10 3188 302 3275 {uprsporrigitur
321 3199 349 3254 in
369 3202 586 3270 septentriones,
615 3202 725 3256 dimidia
745 3202 773 3256 in
794 3211 934 3258 austrum:
964 3211 995 3258 et
1014 3205 1037 3257 si
1062 3205 1257 3260 ferramentum
1279 3221 1328 3258 seu
1347 3221 1410 3258 rer·

12 3276 164 3353 {fiam
184 3278 272 3333 sitin
292 3280 487 3351 aequinoctiali
506 3282 623 3354 globuli,
645 3283 772 3354 dirigitur
792 3275 945 3354 parallelos
966 3285 1013 3339 axi
1034 3285 1151 3356 globuli,
1173 3303 1226 3339 non
1247 3283 1410 3349 inclinaturr

18 3384 44 3407 -.
71 3357 173 3421 ιιίιιια
203 3359 289 3414 tuerit
318 3359 459 3432 digressa,
489 3362 645 3418 inclinatur.
693 3364 790 3435 Itaque
821 3365 943 3419 dimidius
973 3365 1074 3436 globus
1103 3365 1131 3419 in
1162 3381 1247 3419 causa
1274 3370 1410 3422 versatur.

11 3436 192 3517 &Ceterum
214 3439 301 3494 omnis
323 3441 469 3509 declinatio
490 3441 519 3495 in
539 3460 593 3496 uno
614 3450 644 3496 et
664 3446 756 3498 eodem
778 3444 878 3498 circulo
903 3446 1021 3500 maximo
1043 3462 1094 3515 per
1114 3446 1192 3515 polos
1214 3451 1297 3499 eunte
1317 3446 1411 3501 nume

10 3522 150 3609 ἔξω,
173 3520 245 3591 quod
266 3519 328 3574 inde
348 3521 480 3593 fit,·quia
506 3518 652 3577 declinatio
681 3525 766 3578 omnis
787 3527 821 3579 ad
842 3526 920 3594 polos
945 3525 1045 3596 vergit.
1086 3525 1202 3580 Etiamsi
1223 3525 1295 3580 enim
1316 3541 1334 3579 a
1354 3525 1410 3596 pri·

20 3614 41 3675 ’Ξ
70 3598 136 3655 stipo
153 3600 218 3654 loco
239 3607 384 3655 moveatur
403 3602 554 3657 versarium
569 3606 603 3658 ad
618 3610 707 3659 ortum
721 3606 772 3659 sub
786 3607 881 3660 eodem
900 3607 1039 3676 parallelo
1053 3613 1083 3660 et
1096 3607 1147 3659 sub
1162 3608 1257 3660 eadem
1278 3605 1411 3661 distantia

10 3680 728 3827 stlttitttttttltllttt
742 3685 890 3821 litt
910 3685 1342 3822 tdllltltttltt
1355 3703 1410 3821 33:

34 3776 65 3827 1:²⁹
836 3786 845 3821 1
1023 3785 1063 3820 er
1130 3786 1155 3822 ιε

10 3840 142 3911 &fuit
160 3841 190 3895 in
209 3857 321 3896 censum
342 3843 542 3909 declinationis,
564 3844 629 3916 quia
648 3845 790 3901 meridiani
810 3784 916 3902 infiniti
928 3854 1001 3912 suut,
1022 3848 1114 3902 nullus
1132 3847 1188 3902 alio
1208 3846 1307 3917 potior,
1328 3853 1361 3901 ut
1373 3848 1410 3902 sd

10 3920 51 3985 Ι]
70 3914 144 3979 flam
171 3921 260 3976 solum
287 3928 440 3979 ceterorum
471 3915 684 3980 declinationes¹
699 3935 907 3996 comparentur;
936 3928 1016 3998 polus
1038 3945 1103 3982 vero
1124 3936 1168 3982 est
1192 3927 1301 3991 unicus,
1323 3928 1410 3981 etad

10 3996 37 4035 Ι
66 3998 141 4061 llum
160 4010 356 4079 comparantur
377 4004 574 4060 declinationes
595 4006 711 4060 omnium
733 4023 751 4060 a
764 4009 829 4076 polo
849 4007 1049 4065 distantiarum.
1076 4009 1121 4063 Ex
1142 4007 1239 4079 quibus
1260 4007 1408 4072 conficitur,

10 4072 202 4157 {fimidium
220 4082 300 4153 globi
322 4085 356 4137 ad
376 4088 585 4141 mensurandam
611 4086 819 4141 declinationem
841 4106 894 4142 non
915 4088 1039 4142 adhiberi
1067 4089 1239 4158 corpulentia
1258 4104 1322 4152 sua,
1344 4087 1410 4158 quia

10 4143 152 4251 :31qu
173 4160 322 4216 declinatio
343 4162 371 4216 in
391 4165 503 4236 longum
525 4174 555 4220 et
575 4168 676 4228 latum.
706 4167 747 4221 uti
768 4168 838 4230 dixi,
870 4170 917 4221 sed
939 4175 1046 4223 tautum
1066 4169 1093 4223 in
1114 4169 1200 4223 latum
1228 4170 1409 4222 mensuranda

10 4247 200 4331 ἐμιαι,
228 4241 280 4296 Ubi
302 4240 324 4296 si
346 4242 429 4299 etiam
449 4247 483 4303 ad
503 4248 617 4318 longum
637 4247 777 4316 respicias,
799 4248 946 4302 declinatio
967 4249 1058 4318 potius
1080 4249 1157 4303 nulla
1177 4256 1221 4303 est
1239 4250 1267 4302 iu
1286 4249 1407 4321 longum,

10 4334 101 4393 §gas
117 4321 192 4393 ipso,
225 4324 296 4394 quod
318 4321 374 4379 dixi
403 4325 611 4381 declinationem
632 4327 658 4381 in
680 4327 839 4391 meridiano,
872 4329 917 4399 qui
937 4330 1050 4400 globum
1079 4330 1194 4385 bisecat.
1234 4329 1409 4400 Relinquitur

36 4402 139 4476 sugo,
160 4402 186 4457 ι’
205 4398 343 4458 dimidium
362 4405 440 4476 globi
461 4414 603 4461 mensurat
627 4407 838 4470 declinationes,
867 4427 919 4462 non
940 4416 1086 4469 mensurat,
1105 4418 1197 4467 autem
1225 4408 1406 4480 corpulentia,

22 4502 37 4545 ς·
65 4481 235 4541 'mabit
254 4482 341 4555 igitur
367 4486 476 4553 circulo
494 4486 612 4541 maximo
633 4505 682 4541 seu
708 4488 791 4557 plano
818 4489 960 4543 meridiani
983 4507 1034 4559 per
1058 4496 1180 4545 centrum
1201 4494 1297 4554 eunte,
1322 4491 1406 4561 plano

10 4572 53 4637 ἰ,-
73 4555 175 4636 'ndum
195 4562 310 4628 bisecto,
332 4565 398 4637 quia
417 4573 447 4620 et
465 4567 543 4639 globi
565 4566 700 4621 dimidium
722 4574 828 4623 tantum
849 4569 1003 4625 assumitur.

66 4690 71 4699 .
149 4643 196 4701 ait
207 4644 280 4707 ΑΘΒ
295 4648 363 4718 (lig.
389 4650 452 4708 133)
473 4646 658 4701 semicirculus
673 4648 750 4719 globi
771 4650 920 4720 magnetici
934 4667 983 4705 seu
1003 4650 1185 4714 telluriculae,
1207 4652 1257 4704 AB
1271 4650 1299 4705 in
1313 4649 1407 4722 aequi·

10 4726 20 4757 '
70 4724 186 4789 aetam
208 4724 230 4780 (ι
250 4725 345 4796 polus,
367 4726 414 4783 CD
440 4726 576 4781 dimidium
603 4727 674 4783 axis.
714 4733 749 4791 A,
769 4729 802 4795 E,
824 4731 853 4792 F,
875 4732 908 4794 G,
929 4731 964 4795 Η,
987 4730 1126 4787 Cdiversi
1150 4731 1258 4801 positus
1284 4731 1406 4786 verstrii.

60 4798 210 4871 domtus
228 4823 265 4860 ex
286 4806 319 4870 E,
337 4808 373 4869 F..
386 4809 419 4869 G,
439 4809 467 4861 ιι
486 4807 618 4877 paralleli
637 4807 691 4877 ipsi
710 4809 769 4871 ΑΒ,
802 4809 867 4867 Cum
888 4828 956 4882 ergo
976 4810 1124 4865 versorium
1148 4811 1177 4866 in
1196 4815 1223 4866 A
1247 4816 1292 4866 est
1310 4812 1405 4887 paral·

62 4878 150 4952 ιιω
168 4885 229 4965 'ipsi
246 4885 309 4955 Da
329 4886 562 4975 reomensem,
584 4887 650 4966 quio
669 4894 760 4952 toton
776 4891 959 4970 nemausen
977 4885 1049 4950 s'ca
1069 4891 1147 4966 pleni
1172 4892 1261 4953 hebet
1279 4897 1353 4949 ants·
1364 4908 1404 4965 so,
