3278 5550
503 104 992 189 commnrnmonom

61 274 600 395 latitamus
658 280 1032 385 eruatur
1093 278 1419 382 narra

449 474 453 493 '
590 479 701 549 PARS
728 480 895 546 TERTIA.
1027 473 1030 479 ’

115 683 457 783 INVISTIGATIO
491 689 732 783 saoconna
765 683 1168 802 mammarum,
1201 688 1251 777 ID
1283 685 1365 778 EST
1462 814 1465 821 Ι

372 837 566 934 MOIUUII
599 834 725 932 SOLIS
759 837 851 932 VEL
882 835 1113 930 TELLURIS.

288 1019 370 1087 SEU
407 1019 563 1087 CLAVIS
599 1021 909 1087 ASTss0NOM1AE
944 1020 1197 1087 PEMTIORIS.

368 1180 768 1235 remurmuremus
792 1180 941 1236 uorum
958 1180 1117 1235 rursrers.

676 1358 812 1369 —--—

598 1484 718 1586 Caput
759 1483 888 1562 XXII.

70 1636 261 1726 mimam
280 1661 338 1707 aea
358 1643 464 1709 orbem
492 1664 632 1713 marram
657 1667 721 1712 aaa
742 1646 918 1730 aeqadiaer
935 1645 1023 1711 circa
1039 1654 1193 1730 punctam
1215 1642 1419 1730 aequalitatis

627 1744 730 1802 morus
752 1738 858 1802 atam.

153 1873 190 1935 In
206 1871 285 1937 buno
298 1873 391 1955 igitur
412 1875 532 1938 modum
547 1885 756 1941 antecessores
770 1878 867 1942 nostri
888 1875 1016 1958 primum
1029 1875 1276 1958 inaequalitatem
1288 1876 1416 1958 primam

74 1962 161 2026 nansi
195 1970 276 2025 suut
328 1964 442 2027 Postea
472 1966 589 2029 calculo
621 1969 801 2044 constituto,
834 1966 885 2050 qui
916 1967 1015 2028 locum
1045 1965 1185 2047 planetae
1218 1966 1416 2029 eccentrioum

74 2060 311 2133 repraesentaret
323 2054 362 2116 ad
377 2054 503 2136 quodvis
526 2065 716 2132 momentum,
740 2056 876 2120 conversi
900 2056 1024 2118 suntad
1045 2055 1292 2137 inaequalitatem
1305 2075 1415 2143 secun-

75 2140 137 2204 dam
162 2143 257 2225 (quae
287 2164 307 2206 a
335 2143 407 2207 Sole
439 2145 566 2225 pendet)
596 2141 829 2228 explorandam,
862 2152 1072 2226 comparantes
1102 2145 1201 2207 locum
1232 2146 1332 2209 visum
1362 2162 1417 2211 seu
1511 2169 1514 2175 ·

76 2240 264 2312 apparentem
276 2251 343 2295 cum
358 2233 424 2296 loco
439 2253 485 2311 eo,
509 2254 596 2315 quem
610 2236 795 2299 eccentricus
810 2242 841 2298 et
864 2235 930 2298 sola
943 2234 1040 2315 prima
1057 2234 1258 2317 inaequalitas
1276 2237 1416 2317 planetae

76 2321 269 2402 &signarent
315 2320 393 2386 Cum
415 2331 516 2385 autem
544 2325 617 2388 mihi
645 2325 723 2388 banc
745 2325 872 2387 eandem
895 2323 1034 2387 semitam
1056 2323 1139 2385 eunti
1167 2343 1279 2406 anceps
1305 2325 1417 2387 bivium

75 2411 240 2491 apparuerit
262 2410 409 2494 superiori
431 2411 530 2494 capite
552 2414 643 2477 XIX.
667 2419 699 2475 et
719 2414 798 2490 XX3
823 2420 854 2476 et
885 2413 1111 2476 observationes
1134 2412 1417 2488 (fidissimi‘duees)

75 2513 134 2561 enm
164 2499 426 2564 observationibus
456 2520 590 2583 pugnare
623 2503 686 2565 sint
717 2503 940 2585 deprehensae:
975 2502 1165 2583 cogitandum
1197 2502 1254 2566 fuit
1285 2504 1322 2566 de
1349 2511 1417 2566 tota

28 2584 36 2681 ξ
73 2589 183 2651 ratione
207 2588 326 2654 itineris
349 2589 438 2652 aliter
461 2590 664 2680 instituenda·
680 2592 822 2655 methodo
845 2611 921 2675 quae
945 2591 1088 2672 sequitur.

153 2677 288 2741 Primum
309 2678 368 2741 hac
389 2687 476 2760 parte
498 2681 591 2743 tertia
612 2682 773 2762 aggrediar
795 2681 957 2744 secundam
986 2680 1232 2764 inaequalitatem
1255 2687 1287 2742 et
1309 2679 1338 2742 in
1362 2679 1417 2742 illu

74 2767 370 2851 pcruobservationcs
396 2768 536 2833 indubias
558 2770 772 2834 demonstrabo
795 2771 845 2833 vel
872 2770 1052 2833 confirmabo
1081 2770 1131 2831 vel
1153 2769 1307 2842 refutabo,
1339 2786 1415 2851 quae

73 2851 218 2938 bucusque
246 2857 277 2918 iu
303 2856 459 2939 principiis
488 2859 589 2941 posui,
619 2860 709 2922 dubio
731 2869 833 2923 tamen
856 2878 1002 2922 assensu:
1035 2878 1104 2922 nam
1132 2858 1190 2921 hac
1213 2858 1307 2921 veluti
1331 2858 1416 2920 clave

73 2941 188 3008 mventa
218 2946 337 3029 reliqua
364 2947 520 3029 patebunt.
565 2948 679 3012 Postea
704 2957 792 3032 parte
819 2956 928 3031 quarta
954 2948 994 3009 ad
1016 2947 1262 3030 inaequalitatem
1289 2944 1417 3030 primam

74 3035 218 3098 accedam.

155 3125 190 3186 lu
212 3124 404 3208 Mystcrio
434 3123 764 3208 cosmograpbioo
794 3144 860 3207 cap.
882 3126 989 3191 XXII.
1014 3145 1081 3189 cum
1112 3125 1270 3208 physicam
1293 3142 1416 3187 causam

15 3192 22 3263 l
73 3213 224 3294 tequemio
247 3213 474 3277 Ptole'maici
496 3216 546 3277 vel
569 3215 693 3279 secundi
715 3214 840 3298 epicycli
865 3213 1320 3298 Oopernico-'I'ychouiei
1342 3214 1415 3276 red·
1526 3214 1529 3220 '

11 3280 21 3383 l
75 3300 182 3380 wem,
212 3302 368 3385 mihiipsi
392 3302 490 3383 objeci
512 3303 543 3366 in
566 3307 623 3368 fine
646 3304 770 3386 capitis:
796 3304 884 3386 quod,
909 3305 935 3366 si
958 3324 1051 3367 causa
1073 3323 1153 3367 ame
1175 3305 1271 3367 allata
1285 3303 1417 3384 genuiua

76 3400 166 3468 esset,
199 3392 320 3455 omnino
341 3411 396 3474 per
419 3410 522 3455 omnes
553 3393 693 3475 planetas
722 3394 825 3456 valere
857 3393 1002 3457 debuerit.
1051 3393 1125 3457 Oum
1149 3401 1250 3456 autem
1272 3393 1414 3468 Tellus,

74 3497 126 3541 una
147 3498 187 3542 ex
209 3480 359 3546 sideribus
372 3480 583 3562 (copemico),
606 3483 656 3544 vel
671 3482 726 3546 Sol
749 3481 912 3564 (reliquis),
937 3489 1084 3564 aequante
1107 3482 1164 3546 boc
1187 3482 1333 3545 hactenus
1355 3501 1416 3545 non

74 3566 238 3651 iudIguerit,
261 3570 497 3652 speculatIonem
515 3571 599 3634 illam
613 3571 758 3635 incertam
772 3590 840 3635 esse
862 3571 953 3648 volui,
973 3571 1071 3653 quoad
1088 3569 1271 3635 astronomis
1286 3571 1415 3654 amplius

74 3656 203 3741 liqueret
240 3658 449 3741 Suspicionem
470 3667 572 3723 tamen
595 3661 728 3743 concepi,
752 3663 816 3725 lore
829 3669 862 3722 et
874 3661 943 3724 huic
965 3660 1100 3723 theoriae
1124 3680 1210 3723 suum
1224 3667 1413 3742 aequantem.

71 3745 231 3832 Postquam
253 3748 285 3811 iu
306 3749 459 3832 Tychonis
481 3748 620 3813 notitiam
641 3750 728 3828 veni,
761 3750 892 3832 suspicio
915 3749 991 3813 haec
1021 3751 1054 3812 iu
1075 3768 1122 3812 me
1146 3751 1321 3833 confirmata
1347 3749 1413 3812 fuit.

69 3835 143 3900 Num
161 3837 304 3903 Braheus
333 3839 366 3902 in
388 3838 485 3902 literis
508 3858 586 3902 anno
618 3837 702 3906 1598
729 3840 769 3903 ad
795 3859 843 3903 me
871 3839 904 3902 in
925 3838 1060 3922 Styriam
1087 3840 1192 3903 missis
1218 3839 1294 3903 hauc
1321 3838 1415 3902 verba

69 3928 168 4005 ponit:
200 3926 444 4004 „Orbisauuuus
461 3928 556 4007 juxta
571 3926 779 4010 Copemicum,
803 3929 852 3991 vel
866 3927 1017 4012 cpicyclus
1032 3929 1195 3993 secuudum
1207 3928 1413 3992 Ptolemaeum

67 4032 125 4077 nou
151 4016 271 4079 videtur
293 4014 427 4096 eJ’usdom
450 4016 568 4098 sempor
590 4016 819 4098 magnitudinis,
852 4018 951 4101 quoad
974 4017 1071 4100 ipsum
1095 4016 1293 4080 eccentricnm
1316 4015 1413 4080 colla·
