3278 5550
657 298 818 352 Prooemium.
1122 379 1126 388 Ι
1389 301 1409 368 7

58 486 153 539 tarem
175 476 321 538 mundum
343 474 431 539 nobis
450 474 602 558 proprium
625 484 656 539 et
678 477 890 559 particularem
916 498 976 542 non
998 486 1088 560 puto,
1118 499 1189 544 narn
1217 488 1271 544 adr
1301 488 1349 544 est
1376 487 1410 545 et

59 567 134 628 inter
156 566 230 647 ipsa
251 584 392 647 corpora,
413 584 488 647 qnae
512 566 620 628 stellas
641 584 792 643 vocamus,
815 585 871 648 per
888 584 1073 651 consequens
1090 578 1122 631 et
1136 569 1215 650 ignis
1235 577 1268 632 et
1285 589 1363 653 aqna
1378 576 1411 637 st

58 663 146 717 terra.
194 656 324 717 Terram
354 662 454 717 autem
483 673 572 736 quam
599 655 748 718 calcamus
776 657 889 719 nostris
918 657 1058 738 pedibus,
1087 676 1141 719 nec
1168 660 1328 722 rotundam
1354 676 1412 722 nee

60 744 217 824 globosam
239 762 311 806 esse
334 744 441 819 credo,
472 744 532 806 sed*
549 743 588 805 ad
611 745 728 807 evalem
759 745 883 826 figuram
913 744 1036 827 propius
1065 748 1217 809 accedere.
1263 749 1316 823 (K.
1340 749 1414 812 Non

59 834 143 914 plane
167 834 446 906 contemnendum.)
489 834 555 895 Nee
570 832 653 896 Solis
667 851 721 895 nec
741 834 896 897 stellarum
912 835 1011 896 lumen
1028 854 1065 897 ex
1079 836 1217 912 materia,
1242 837 1296 900 sed
1308 837 1411 919 potius

58 941 94 983 ex
112 941 223 984 eornm
244 929 331 985 motu
352 922 513 1004 procedere
537 928 568 983 et
591 922 743 985 dimanare
763 923 876 1003 judico,
903 923 1046 1005 planetae
1076 945 1147 987 vero
1181 946 1200 986 a
1229 918 1301 989 Sole
1326 944 1411 988 suum

61 1013 152 1073 lumen
187 1018 365 1087 assumunt,
395 1011 466 1093 quia
494 1011 610 1074 tardius
636 1020 794 1075 moventur
825 1021 856 1074 et
883 1013 1014 1094 propriis
1043 1015 1173 1076 motibus
1201 1014 1410 1096 impediuntur.

59 1101 225 1182 lieplerns:
251 1099 335 1172 Quid
356 1100 459 1181 potius
472 1099 581 1162 mirer?
617 1099 815 1181 Stuporemne
831 1120 938 1176 meum,
962 1101 1012 1183 qni
1029 1103 1182 1183 patefacta
1195 1104 1268 1166 mihi
1285 1111 1411 1166 naturae

60 1190 229 1270 penetralia
251 1190 302 1251 his
325 1188 438 1265 literis,
467 1206 533 1250 cum
560 1189 631 1251 illas
654 1191 854 1270 accepissem,
885 1190 1081 1271 introspicere
1110 1194 1255 1254 contemsi
1279 1188 1411 1274 adeoque

60 1278 212 1342 oblivione
236 1277 376 1359 sepelivi,
399 1285 434 1340 nt
455 1297 492 1340 ne
514 1286 622 1358 postea
645 1279 773 1359 quidem,
798 1299 865 1341 cum
888 1279 1005 1342 clavem
1026 1281 1152 1342 eandem
1171 1282 1299 1344 adhaec
1317 1298 1412 1361 pene-

60 1360 143 1428 tralia
163 1386 346 1449 quaererem
361 1375 392 1428 et
410 1366 603 1442 invenissem,
627 1367 780 1430 literarum
799 1369 903 1430 harum
919 1369 1024 1431 inerim
1042 1370 1231 1447 recordatus;
1256 1391 1293 1432 an
1312 1370 1412 1451 potius
1459 1382 1462 1386 ’

59 1457 143 1518 mirer
166 1457 234 1518 vim
258 1456 408 1531 veritatis,
431 1475 506 1538 quae
531 1456 645 1518 duobus
669 1475 738 1519 sese
761 1477 819 1519 non
842 1478 902 1520 una
924 1457 974 1519 via
995 1458 1113 1538 apernit
1120 1479 1130 1535 3
1153 1480 1193 1520 an
1215 1467 1340 1522 naturae
1363 1459 1412 1520 in-

62 1545 188 1624 genium,
215 1563 305 1628 qnae,
328 1545 408 1627 quod
421 1545 528 1607 Brutis
542 1545 627 1607 dedit
648 1546 765 1608 occulto
789 1547 933 1609 instinctu
956 1566 975 1607 a
996 1547 1099 1627 priori,
1122 1548 1194 1609 mihi
1217 1548 1358 1611 methodo
1381 1553 1414 1608 et

61 1635 190 1696 numeris
220 1642 254 1697 et
282 1634 378 1696 oculis
405 1633 573 1696 eruendum
605 1635 779 1696 concessit?
832 1635 888 1697 His
920 1636 1017 1697 literis
1049 1644 1177 1718 apparet
1207 1636 1414 1717 compendium

61 1723 209 1804 quoddam
231 1742 320 1785 meae
342 1721 485 1804 physicae
508 1723 652 1785 eoelestis
674 1723 705 1785 in
728 1725 829 1786 Marte
851 1724 1000 1804 proditae.

141 1812 236 1874 Hanc
252 1812 479 1874 annotationem
494 1812 658 1894 adscripsit
670 1813 820 1892 Keplerus
836 1813 875 1874 ad
890 1813 989 1875 Brutii
1005 1812 1111 1875 literas
1127 1814 1155 1876 d.
1172 1812 1202 1878 5.
1219 1814 1294 1894 Apr.
1319 1808 1413 1887 1610,

61 1920 147 1983 eaque
171 1921 233 1963 nos
257 1901 363 1976 morit,
386 1907 421 1963 ut
441 1901 512 1963 illas
535 1901 583 1962 hic
606 1901 801 1977 adderemus,
825 1902 950 1983 Kepleri
973 1903 1091 1983 quidem
1112 1902 1217 1965 literae
1233 1902 1351 1976 desunt,
1374 1900 1415 1961 ad

63 2011 129 2071 quas
169 1991 301 2053 Brutius
341 1989 391 2053 his
432 1989 601 2072 respondit,
640 2010 736 2072 neque
775 1991 872 2053 elucet
915 2008 952 2052 ex
990 1991 1048 2054 hac
1087 1991 1301 2072 responsione,
1343 1990 1414 2071 quid

63 2079 209 2160 Keplerus
234 2079 408 2161 scripserit3
439 2087 539 2141 minen
567 2078 690 2141 relectis
705 2079 788 2152 ¹aliis
818 2079 931 2155 literis,
962 2100 1037 2162 quas
1067 2079 1120 2142 illo
1150 2089 1285 2160 tempore
1309 2078 1414 2145 amicis

64 2169 192 2250 scripsit,
216 2188 325 2250 parum
348 2167 430 2230 dubii
452 2168 520 2243 erit,
542 2168 573 2230 in
593 2169 641 2229 his
658 2188 772 2249 quoqne
787 2169 949 2250 Keplerum
970 2170 1006 2230 de
1024 2170 1132 2231 studiis
1148 2169 1211 2231 suis
1234 2168 1414 2231 disseruisse

63 2268 89 2319 et
107 2259 188 2320 talia
211 2257 364 2338 tetigisse,
387 2275 464 2338 quae
481 2265 613 2321 mentem
626 2257 725 2320 Brutii
743 2257 774 2319 in
792 2259 999 2338 respondendo
1019 2258 1059 2319 ad
1077 2258 1188 2320 similia
1202 2257 1413 2340 pertraxerint:

63 2347 206 2410 Ceterum
229 2347 400 2429 praemissa
423 2348 613 2420 confirmant,
642 2366 719 2427 quae
742 2347 887 2421 diximus,
914 2348 1077 2429 Keplerum
1107 2366 1294 2428 perannum
1320 2342 1413 2409 1603.

62 2437 123 2498 aliis
147 2436 328 2499 districtum
349 2436 481 2515 negotiis
503 2454 608 2516 parurn
632 2435 753 2517 quidem
774 2437 940 2516 profecisse
963 2437 993 2498 in
1016 2436 1179 2498 condendis
1195 2435 1305 2497 Martis
1321 2433 1414 2497 Com-

61 2525 228 2600 mentariis,
254 2543 350 2607 neque
373 2542 446 2586 vero
469 2524 559 2606 plane
581 2524 727 2587 intactum
749 2525 892 2605 rejecisse
911 2544 987 2606 opus
1006 2525 1085 2607 qnod
1103 2524 1314 2598 meditabatur,
1337 2543 1414 2604 qno-

61 2633 243 2696 quorersum
267 2614 415 2676 intentum
437 2614 476 2676 ad
494 2614 609 2676 monita
627 2614 798 2690 amicorum,
822 2614 1089 2695 respicientemque
1109 2613 1222 2676 auxilia
1237 2614 1276 2674 ad
1292 2631 1414 2693 promo-

59 2705 184 2766 vendum
208 2704 370 2785 inceptum.

139 2793 280 2874 Propius
303 2792 342 2854 ad
364 2809 428 2854 rem
450 2790 582 2854 accessit
600 2810 678 2854 anno
700 2787 795 2867 1604,
817 2810 997 2873 quamquam
1019 2789 1059 2852 et'
1131 2798 1195 2853 tum
1214 2790 1310 2870 ipsum
1332 2789 1414 2850 deti-

61 2883 168 2944 nebant
193 2881 311 2944 multae
334 2880 415 2942 aliae
438 2881 658 2962 occupationes.
705 2881 795 2943 Initio
828 2881 916 2960 hujus
947 2881 1017 2943 anui
1047 2809 1230 2942 ffiolvendo
1265 2879 1348 2958 operi
1377 2879 1413 2939 de

60 2970 168 3052 Optica
200 2969 411 3046 incumbebat,
434 2987 630 3051 permenses
653 2970 784 3050 Majum,
806 2970 928 3033 Junium
958 2977 989 3031 et
1011 2969 1123 3033 Julium
1154 2969 1347 3049 aegrotabat,
1376 2967 1413 3029 ab

60 3061 140 3124 initio
158 3059 311 3123 Octobris
334 3077 428 3140 nsque
452 3059 492 3121 ad
514 3059 601 3120 ιιιοιιι
625 3058 695 3121 anui
718 3058 843 3121 multum
864 3059 1009 3140 temporis
1033 3057 1228 3120 consumebat
1250 3057 1280 3119 in
1308 3057 1414 3119 obser-

60 3152 154 3213 randa
181 3149 441 3229 describendaque
467 3147 586 3223 „Stella
608 3148 716 3211 Nova“
740 3148 771 3210 in
794 3147 1005 3229 Serpentario,
1029 3167 1106 3229 quae
1127 3156 1190 3209 turn
1213 3146 1334 3209 effulsit.
1379 3147 1415 3208 In

59 3240 149 3302 literis
177 3240 219 3300 ad
236 3240 584 3319 Longomontannm
606 3237 697 3311 datis,
716 3254 791 3318 qnae
809 3236 889 3298 infra
907 3243 1078 3317 sequentur,
1103 3237 1139 3297 de
1155 3236 1264 3298 studiis
1284 3235 1346 3297 suis
1361 3234 1414 3298 illo

58 3337 190 3410 ternpore
213 3328 305 3411 plura
326 3328 428 3390 refert
473 3327 509 3389 Iu
532 3344 621 3406 opere
648 3327 715 3407 ipso
739 3332 859 3398 (crpxl
879 3341 906 3384 st
923 3332 982 3395 xv)
1003 3326 1098 3387 refert
1126 3325 1353 3387 ohservationes
1382 3323 1414 3385 in

58 3418 166 3495 llarte,
192 3436 273 3500 qnae
300 3415 523 3480 commentaria
545 3416 733 3495 spectabant,
750 3436 768 3476 a
783 3434 885 3477 mense
901 3415 1063 3477 Februario
1079 3413 1110 3475 in
1124 3414 1262 3494 Aprilem
1281 3413 1413 3488 habitas,

60 3509 166 3588 quibus
195 3524 354 3568 numerum
381 3503 545 3586 complevit
573 3502 816 3567 observationum
846 3504 980 3569 locorum
1008 3504 1119 3566 Martis
1151 3503 1181 3565 in
1214 3502 1413 3583 oppositione,

60 3616 183 3678 quarum
207 3595 372 3657 maximam
394 3602 513 3676 partem
535 3593 718 3676 e'lyehouis
734 3593 881 3656 desumsit
894 3591 1117 3675 manuscriptis,
1142 3600 1172 3654 et
1188 3612 1262 3673 quas
1278 3590 1415 3653 adhibuit

60 3686 90 3748 sd
113 3684 314 3749 condendam
337 3682 607 3764 stabiliendamque
629 3702 740 3745 novam
763 3701 847 3745 suam
869 3681 1059 3764 hypothesin.

144 3774 211 3839 Die
239 3770 268 3836 7.
292 3772 364 3837 Feb.
392 3768 484 3836 1604.
509 3772 674 3852 Keplerus‚
706 3771 797 3834 dubia
819 3780 850 3833 et
872 3771 1064 3854 quaestiones
1086 3769 1216 3833 Fabricii
1244 3767 1414 3849 ponderans

60 3867 156 3949 adque
176 3883 234 3926 eas
247 3861 444 3942 respondens,
461 3860 536 3923 haec
550 3861 587 3922 de
601 3860 860 3943 disquisitionibus
875 3861 938 3923 suis
952 3861 1082 3941 profert:
1107 3878 1209 3921 omnes
1225 3858 1414 3919 demonstra-

57 3956 167 4029 tiones,
192 3953 251 4026 ait,
272 3970 304 4013 se
323 3951 362 4013 ad
376 3950 554 4025 Ptolemaei,
577 3949 737 4031 Copernici
761 3958 793 4011 et
810 3949 962 4032 Tychonis
984 3948 1169 4031 hypotheses
1192 3947 1413 4026 adaptatum,

56 4065 118 4107 rum
133 4041 288 4124 Tychone
306 4041 373 4121 jam
397 4046 597 4116 „conventum
612 4040 720 4116 esse“;
744 4039 866 4101 deinde:
891 4057 929 4100 ex
948 4036 1206 4101 observationibus
1226 4034 1414 4117 acronychiis

55 4135 150 4196 talem
175 4149 249 4193 esse
271 4129 512 4192 constituendam
535 4127 732 4210 hypothesin,
758 4148 774 4190 e
797 4148 856 4210 qna
878 4128 962 4190 locus
991 4128 1130 4209 planetae
1154 4125 1290 4187 eliciatur
1322 4124 1419 4186 etiam

54 4232 126 4298 tum,
149 4240 223 4283 cum
239 4238 299 4281 nou
314 4219 347 4280 iu
362 4218 550 4300 oppositione
566 4217 665 4280 fuerit
697 4217 839 4298 Figuram
853 4217 968 4278 orbitae
982 4215 1102 4298 prodire
1117 4215 1268 4296 hueusque
1285 4214 1411 4276 ovalem.

55 4311 236 4383 Rationem,
249 4327 307 4390 qua
322 4308 445 4388 propius
459 4308 498 4369 ad
513 4326 636 4387 scopum
652 4308 791 4387 attingat,
803 4307 931 4368 nondum
945 4325 1007 4367 ase
1021 4323 1088 4365 esse
1104 4304 1264 4378 inventam,
1275 4302 1412 4384 quamvis

55 4401 146 4480 paulo
171 4405 247 4480 post
270 4397 425 4477 quaerenti
447 4395 585 4460 Fabricio
611 4395 802 4477 „ellipoidem
827 4397 931 4458 suum“
963 4395 1117 4474 explicans
1144 4401 1176 4454 et
1206 4411 1328 4455 causam
1360 4410 1412 4453 cnr

57 4491 229 4562 ,hactenns
253 4486 451 4566 expetendum
475 4504 542 4565 esse
564 4485 736 4566 putaverit“
762 4485 862 4546 addit:
891 4483 1101 4546 limitationem
1124 4481 1255 4563 aliquam
1278 4499 1311 4543 se
1334 4498 1411 4543 nnnc

57 4579 168 4641 ridere.
228 4575 346 4638 Deinde
373 4574 529 4656 problema
559 4576 646 4638 affert
678 4575 771 4649 idern,
802 4574 882 4656 qnod
913 4572 1034 4634 exhibet
1063 4571 1094 4633 in
1125 4571 1199 4652 Cap.
1223 4571 1291 4633 XL.
1317 4570 1411 4633 Com·

56 4665 284 4738 mentariorum,
308 4664 438 4726 addens:
461 4663 520 4727 Dic
542 4664 649 4747 quibus
671 4665 702 4726 in
720 4663 851 4726 numeris
868 4662 974 4724 eteris
990 4661 1063 4724 mihi
1076 4680 1203 4741 maguus
1218 4658 1408 4739 Apollonius.

142 4758 180 4819 lu
203 4752 304 4816 literis
327 4754 355 4814 d.
383 4749 432 4817 14.
456 4755 530 4815 Dec.
558 4750 653 4818 1604.
684 4754 723 4815 ad
746 4751 988 4815 Maestliunm
1018 4751 1115 4825 datis,
1147 4750 1183 4810 de
1216 4746 1407 4822 „laboribus“

59 4846 118 4911 suia
142 4846 174 4908 is
200 4841 436 4910 Commentariis
458 4841 590 4924 loquitur
620 4850 653 4906 et
674 4843 705 4906 in
727 4843 785 4906 fine
808 4839 902 4919 addit,
929 4859 1016 4918 ,cum
1044 4841 1082 4903 de
1104 4837 1277 4902 valetudine
1307 4854 1411 4919 angar,
