3278 5550
656 302 818 359 suece-
1350 308 1412 379 ιι

144 482 190 537 Sic
209 482 237 536 in
258 483 465 539 Ptolemaeo
486 484 513 537 in
533 485 588 538 illis
608 483 750 539 diametris
770 484 963 558 epioycloruru,
984 504 1054 557 quae
1075 504 1094 541 a
1112 489 1277 559 Capricorno
1298 489 1411 547 in'Can·

33 608 37 633 ,
75 580 139 617 erum
159 565 360 627 extenduntur,
392 564 449 618 tria
475 582 537 619 esso
558 572 662 635 puncta
687 565 850 635 aequalibus
871 566 1025 621 interuallis
1045 574 1173 623 ostreum
1195 571 1259 629 bina
1279 587 1298 624 a
1316 573 1411 627 mediis

31 642 38 687 l
74 644 182 714 singolis
204 643 345 709 (ιιιιιιιιίι,
367 661 385 698 a
404 662 435 698 se
455 653 550 699 mutuo
571 663 636 699 vero
658 644 812 700 intervallis
834 646 928 711 tantis,
951 647 980 701 in
999 649 1176 718 proportione
1198 638 1234 705 ad
1253 651 1410 716 diametros,

14 732 22 765 :
74 732 169 795 quanta
189 730 235 779 eat
247 724 319 779 Solis
338 725 531 780 ecccntrioitas
552 729 619 789 tota,
641 725 790 781 collatione
811 728 888 781 iacta
906 729 941 782 ad
962 727 1004 783 sui
1024 728 1154 783 circuitus
1175 731 1352 787 diametrum·
1374 750 1412 787 ax

14 806 108 859 ·lis
126 805 217 859 tribus
236 805 356 875 punctis,
377 821 449 876 quae
469 812 535 860 sont
554 807 613 860 looo
633 806 729 868 media,
752 806 803 861 illa
815 824 878 862 esse
891 808 1075 879 epioyolorum
1089 827 1200 865 suorum
1214 818 1318 875 centra,
1340 828 1410 883 quaa

24 944 28 953 ,
72 903 128 940 sero
146 886 212 939 hine
232 902 328 939 versus
349 886 484 940 Cancrum
504 886 573 950 sint,
603 904 666 939 esee
686 893 805 956 puncta,
836 888 910 942 circa
938 904 1011 959 quae
1040 898 1129 943 motus
1150 891 1335 962 epioyolorum
1356 893 1412 947 sint

13 958 29 1013 ι’
73 966 240 1037 aequabiles.
261 965 377 1037 denique
398 983 471 1037 quaa
491 967 555 1020 hinc
574 983 670 1021 versus
691 967 885 1035 Capricornum
907 968 975 1032 sint,
1000 968 1053 1023 illa
1072 988 1148 1032 esse,
1181 988 1294 1041 quorum
1315 989 1410 1028 acoen-

13 1038 25 1087 ι’
73 1047 145 1102 tricos
166 1042 260 1112 (ab”
240 1063 274 1099 ns
295 1040 461 1116 descriptos)
483 1047 661 1120 indagamus,
692 1047 714 1101 si
736 1065 797 1117 pro
818 1048 925 1103 medio
945 1049 1040 1103 Solis
1061 1058 1152 1105 motu
1173 1059 1412 1145 apparentem

74 1126 259 1198 coquimur,
281 1126 359 1197 quasi
380 1127 463 1181 illis'
457 1146 482 1180 ιιι
504 1127 613 1198 punctis
635 1127 751 1197 epicycli
773 1131 807 1182 ad
835 1129 1016 1183 eooentrioum
1043 1131 1121 1184 affixi
1152 1131 1219 1195 sint,
1251 1138 1283 1185 ut
1311 1131 1354 1187 ita
1382 1133 1411 1187 in

13 1232 17 1243 ·
74 1208 196 1277 cujusque
215 1206 350 1276 planetae
370 1208 495 1277 spicyolo
515 1208 553 1263 sit
572 1209 700 1263 absolute
726 1216 790 1263 tota
810 1209 967 1264 Thouria
986 1209 1084 1265 Solis
1112 1228 1171 1265 curn
1199 1213 1323 1267 omnibns
1349 1212 1410 1281 ejus

76 1296 184 1343 nonium
205 1293 236 1341 et
256 1288 362 1342 orbium
382 1288 617 1358 proprietatibus:

139 1368 225 1423 Hisce
244 1367 286 1421 sio
305 1368 499 1423 demonstratis
519 1368 659 1423 infallibili
680 1368 815 1429 methodo,
832 1368 894 1434 jam
913 1374 942 1423 et
955 1370 1030 1440 prior
1049 1373 1154 1442 gradus
1176 1374 1211 1425 ad
1225 1388 1323 1427 causas
1340 1373 1410 1444 phy-

74 1449 133 1503 sicas
153 1449 331 1503 confirmatus
351 1455 396 1502 ιιι
415 1456 446 1503 ιι
464 1466 550 1504 ιιιιι
570 1451 605 1504 ad
620 1466 668 1502 eas
683 1450 786 1521 gradus
800 1455 968 1513 exstructus,
990 1451 1018 1504 in
1032 1452 1220 1521 (lopernioi
1241 1460 1271 1507 et
1283 1454 1411 1508 Brahsi

73 1529 190 1600 opinione
211 1529 372 1592 olanssime,
395 1529 421 1583 in
443 1530 664 1585 Ptolemaiou
685 1529 825 1583 obscurius
845 1536 875 1582 et
895 1531 1078 1600 probabiliter
1098 1532 1207 1587 saltem.

137 1610 210 1664 liam
231 1608 291 1663 sive
312 1610 399 1663 'l'erra
418 1618 562 1665 moveatur
582 1610 640 1663 sive
660 1609 716 1671 Sol,
747 1612 961 1666 demonstratum
983 1620 1058 1666 certe
1079 1619 1140 1676 ιιι,
1172 1612 1199 1667 id
1219 1629 1318 1683 corpus
1339 1616 1411 1685 qnod

71 1698 185 1745 mesor
204 1690 307 1745 moveri
328 1690 496 1760 inaequabili
515 1691 640 1751 ιιιιιιις
661 1691 740 1744 tarde
754 1689 867 1753 scilicet.
891 1708 952 1746 oum
974 1692 1083 1765 longius
1105 1695 1187 1747 abest
1200 1709 1219 1747 a
1234 1693 1409 1764 quiescente:

70 1771 208 1835 ιιιιιίιιι,
231 1787 292 1825 cum
313 1772 348 1825 ad
369 1771 512 1840 quiescens
533 1771 656 1841 proxime
677 1771 802 1824 accessit.

134 1852 201 1905 Jarn
221 1851 318 1905 statim
339 1850 426 1921 igitur
446 1858 564 1921 apparet
584 1850 726 1904 discrimen
748 1849 904 1920 opinionum
924 1852 1006 1906 trium
1027 1853 1054 1906 in
1075 1853 1204 1925 physica:
1231 1870 1283 1924 per
1303 1853 1411 1922 conjec-

66 1942 135 1987 turas
153 1930 281 2003 quidem.
302 1933 352 1985 sed
372 1931 440 1985 nihil
462 1934 589 1986 cedentes
611 1930 773 1984 certitudine
794 1931 959 1998 conjecturis
981 1934 1142 1988 medicorum
1164 1936 1198 1986 da
1219 1950 1272 1988 usu
1290 1934 1411 2004 partium

67 2018 110 2067 ast
127 2011 341 2083 quibuscunque
361 2012 424 2064 aliis
445 2011 577 2082 physicis.

132 2091 247 2147 Primus
274 2091 382 2162 quidem
409 2094 635 2146 Ptolemaeus
663 2091 831 2160 exploditur.
874 2091 940 2153 Quis
968 2093 1040 2146 enim
1067 2095 1178 2158 credat,
1208 2093 1322 2148 totidem
1348 2110 1413 2148 essa

65 2173 179 2228 theorias
199 2172 276 2227 Solia
297 2168 346 2237 (ad
366 2188 487 2243 nomem
507 2173 609 2225 similes
630 2172 703 2225 inter
722 2188 766 2233 ιι,
788 2171 840 2224 irno
862 2189 927 2225 vero
949 2180 978 2226 et
998 2167 1144 2244 aequales)
1175 2181 1242 2244 quot
1262 2175 1412 2244 planetus?

65 2270 115 2308 fl
132 2253 241 2315 videat,
258 2252 368 2305 Braheo
382 2253 417 2306 ad
435 2253 533 2307 sadern
554 2251 647 2306 munia
660 2251 785 2305 sufficere
799 2249 907 2305 unicam
921 2253 1055 2308 theoriam
1069 2253 1154 2308 Solis:
1177 2255 1289 2309 axioma
1309 2259 1411 2325 quippe

66 2333 227 2405 'mphysiea
248 2332 464 2401 receptissimum
484 2342 536 2396 ιιι,
557 2340 686 2386 naturam
707 2331 878 2401 paucissimis
898 2334 938 2386 uti
959 2351 1039 2405 quom
1060 2334 1193 2402 possibile
1213 2341 1265 2388 eat.

133 2421 374 2491 Copcrnioum
408 2436 474 2476 vero
502 2418 673 2489 Braheo*)
703 2422 837 2490 potiorem
865 2439 925 2475 ease
954 2423 982 2476 in
1010 2423 1128 2493 physica
1154 2423 1285 2486 coelesti,
1315 2423 1411 2477 multis

138 2582 259 2639 lunum
279 2582 445 2635 Brahens
466 2581 590 2636 ιιιιιιίιι
611 2581 676 2634 illas
696 2581 768 2634 Solis
789 2581 908 2651 quinque
929 2599 944 2632 e
966 2583 1142 2651 planetarum
1163 2582 1276 2637 theoriis
1296 2582 1412 2638 sustulit

82 2661 205 2731 pihst
221 2664 262 2717 ad
276 2668 372 2715 centra
385 2662 598 2716 eooentricorum
612 2662 735 2724 deduxit,
759 2661 917 2723 occultavit,
940 2662 966 2714 in
986 2678 1066 2717 unam
1081 2663 1223 2717 conflavit:
1244 2678 1301 2716 rem
1322 2661 1412 2731 ipsam

81 2758 137 2805 ιω,
153 2759 223 2813 qnae
248 2758 301 2812 per
320 2741 383 2796 illas
405 2742 528 2795 theorias
549 2742 729 2805 efficiebatur,
750 2740 863 2811 reliquit
883 2741 910 2794 in
932 2744 1039 2796 mundo.
1074 2742 1279 2797 Planetaenim
1293 2741 1412 2811 quilibet

78 2829 169 2892 μιιιι
187 2840 254 2877 eum
276 2829 393 2884 motum,
415 2823 461 2892 qui
480 2829 525 2876 eat
545 2823 571 2876 oi
592 2822 727 2893 proprius,
747 2824 885 2876 Braheo
906 2841 960 2876 non
981 2825 1068 2878 minus
1089 2839 1171 2894 quam
1192 2823 1410 2876 Ptolemaeo

10 2962 17 2969 ,
77 2910 183 2958 mesor
201 2903 355 2957 etiamnum
374 2920 406 2956 re
427 2919 494 2958 vera
514 2910 589 2957 motu
605 2903 686 2966 Solis,
707 2902 823 2957 miscens
844 2911 975 2974 utrosque
996 2904 1022 2957 in
1045 2921 1135 2967 unum,
1158 2920 1193 2956 ex
1215 2919 1270 2973 qua
1289 2900 1412 2955 mixtura

74 2984 149 3053 spine
162 2984 339 3045 alliciunturs
353 2984 423 3053 quod
438 2984 500 3037 inde
513 2985 552 3045 ιιι,
568 2983 634 3053 quio
647 2985 728 3037 orbes
743 2983 833 3037 nullos
848 3000 909 3036 esse
924 2984 1024 3038 solidos
1040 2982 1237 3038 demonstravit
1248 2981 1411 3035 Braheus

75 3064 238 3120 solidissime:
262 3063 485 3133 Copernicus
505 3080 570 3117 rero
591 3065 719 3133 planetas
741 3063 858 3134 quinque
878 3071 954 3118 motu
967 3065 1020 3118 hoc
1033 3073 1168 3120 extraneo
1190 3062 1301 3133 penitus
1321 3061 1410 3125 exuit,

75 3159 143 3198 ussa
161 3142 336 3213 deceptionis
365 3162 402 3197 ex
428 3142 503 3198 visus
529 3144 728 3207 conditionibus
752 3146 861 3198 educta.
906 3146 1003 3198 Adhuc
1028 3145 1118 3217 igitur
1145 3144 1219 3214 apud
1240 3143 1411 3197 Brahaum

8 3250 20 3289 t
75 3224 162 3279 tans
180 3223 404 3293 multiplicantur
423 3234 525 3286 motus.
548 3231 580 3278 ut
600 3224 675 3293 prins
697 3226 769 3292 apud
791 3225 1036 3280 Ptolemaeum.

8 3324 25 3369 ι
136 3305 272 3366 Secundo.
295 3303 319 3356 si
339 3305 421 3357 orbes
442 3305 510 3358 nulli
531 3312 603 3367 sunt,
633 3304 714 3357 valde
736 3307 805 3358 dura
824 3306 873 3358 ιιιι
893 3306 1011 3359 conditio
1032 3304 1280 3375 intelligentiarum
1301 3309 1331 3356 ιι
1350 3302 1411 3357 ani·

18 3376 23 3383 ’
76 3400 162 3439 mmm
182 3383 342 3445 metricum
362 3385 426 3439 dum
446 3387 480 3438 ad
501 3392 557 3439 tam
577 3385 667 3438 multa
686 3383 823 3453 respicere
840 3384 984 3453 jubentur,
1005 3392 1038 3439 ut
1058 3387 1200 3454 planetam
1220 3383 1326 3436 duobus
1347 3399 1410 3452 per·

76 3465 151 3519 mstis
172 3463 294 3518 motibus
316 3462 457 3519 invehant.
493 3467 535 3517 Ad
555 3464 691 3518 minimum
712 3464 782 3518 enim
804 3465 884 3518 simul
905 3472 934 3518 et
954 3466 1039 3518 semel
1060 3471 1196 3536 cogentur
1216 3463 1354 3532 respicere
1374 3462 1409 3515 ad

77 3546 203 3616 utriusque
225 3552 317 3598 motus
337 3544 488 3614 principia,
510 3552 622 3606 centra,
644 3544 780 3613 periodos.
822 3548 861 3598 At
880 3546 903 3598 si
926 3546 1011 3599 'l'erra
1031 3552 1163 3608 movetur,
1186 3544 1318 3613 pleraque
1339 3540 1410 3596 efflei

77 3640 142 3692 posse
162 3628 322 3679 demonstro
342 3624 523 3679 facultatibus
545 3643 598 3678 non
626 3623 790 3678 animalibus
820 3628 867 3678 sed
897 3626 1052 3694 corporeis,
1083 3623 1247 3696 magneticis
1276 3621 1410 3678 nimirum.

8 3736 12 3741 ·
77 3704 115 3759 led
132 3707 204 3760 haec
225 3704 411 3759 communiora
430 3713 503 3760 sunt.
536 3705 694 3776 Sequuntur
707 3704 771 3769 slis.
794 3722 864 3775 quae
882 3707 991 3775 proprie
1012 3714 1163 3761 nascuntur
1183 3721 1219 3757 ex
1240 3705 1409 3757 demonstra·

7 3790 32 3843 -ι
76 3786 188 3850 unibus,
211 3783 311 3856 quibus
328 3784 389 3852 jam
410 3785 567 3841 insistimus.

18 3872 32 3923 -ἰ
136 3867 167 3922 Si
185 3864 261 3921 enirn
281 3866 377 3919 Tellus
396 3872 529 3929 movetur,
551 3868 765 3921 demonstratum
787 3871 838 3928 eet,
862 3882 923 3920 eam
945 3867 1023 3936 leges
1043 3862 1196 3919 celeritatis
1217 3868 1248 3917 ιι
1268 3860 1409 3917 tarditatis

7 3946 34 4005 si
76 3961 126 4001 me
145 3946 273 4015 accipere
293 3963 331 4000 ex
352 3947 460 4000 modulo
482 3962 608 4001 accessus
638 3945 680 3999 sui
709 3947 743 4000 ad
765 3946 856 4001 Solem
876 3953 906 4000 et
926 3962 1050 4000 recessus
1072 3945 1231 3999 abeodem.
1272 3940 1359 4012 Atqui
1378 3946 1409 3997 ct

7 4048 36 4085 ,ιι
76 4027 170 4098 reliquis
190 4026 315 4097 planatis
335 4026 406 4081 idem
426 4026 527 4089 evenit,
550 4032 582 4081 ut
601 4044 638 4080 ex
658 4025 710 4079 hoo
731 4042 844 4080 accessu
865 4044 882 4080 a
902 4026 966 4079 Sole
988 4026 1135 4081 incitentur
1156 4025 1200 4077 vel
1222 4023 1406 4078 inhibeantur.

7 4130 15 4149 ε
75 4105 268 4161 lemonstmio
288 4107 386 4161 harum
406 4123 496 4161 rerum
517 4114 560 4160 est
580 4107 751 4178 geometrica
770 4106 912 4160 hactenus.

137 4188 183 4243 Es
203 4187 259 4241 hae
278 4180 433 4241 certissima
453 4186 685 4242 demonstratione
708 4185 769 4253 Jam
795 4204 846 4257 per
873 4185 1058 4255 conjecturam
1088 4184 1231 4255 physicam
1257 4180 1407 4254 colligitur.

76 4265 163 4321 iontem
182 4272 274 4323 motus
295 4267 469 4337 planetarum
491 4267 609 4338 quinque
630 4266 736 4336 inipso
758 4267 842 4322 Sole
863 4284 933 4320 esse.
974 4267 1063 4321 Valde
1090 4264 1177 4336 igitur
1197 4262 1333 4319 versimile
1354 4268 1406 4325 est,

76 4344 103 4399 ili
118 4364 180 4401 essa
199 4347 304 4402 mutem
323 4354 414 4401 motus
428 4346 554 4410 Telluris.
577 4346 624 4402 ubi
644 4353 688 4400 ιιι
708 4346 769 4401 lona
789 4354 878 4401 motus
899 4346 1066 4417 reliquorum
1080 4347 1197 4417 quinque
1215 4345 1406 4415 planetarum:

6 4424 35 4485 -ἐ
76 4424 167 4481 selues
185 4426 306 4481 itidem'
298 4445 326 4481 sn
347 4428 438 4483 Sole.
479 4430 590 4484 Terram
620 4426 707 4497 igitur
736 4428 837 4516 moveri
866 4426 1002 4481 versimile
1032 4434 1089 4490 ιιι,
1119 4426 1221 4497 quippe
1252 4430 1407 4495 apparente

6 4506 201 4566 :tsr'sirnili
220 4523 308 4562 eausa
326 4507 388 4577 ejus
408 4514 507 4563 motus.

143 4587 341 4651 Eoontrario,
361 4586 470 4643 Solem
491 4588 640 4643 consistere
661 4587 721 4642 loeo
743 4605 792 4642 suo
813 4587 950 4659 inmundi
972 4594 1082 4653 centro,
1112 4603 1172 4641 oum
1199 4602 1250 4656 per
1271 4584 1329 4639 alia
1349 4588 1407 4637 tum

5 4766 38 4837 ‘ai
155 4768 271 4837 Ἶιιιιιι
286 4773 484 4825 honestissimam
504 4777 530 4822 ιι
547 4773 712 4838 gratissimam
731 4772 784 4821 llari
806 4773 956 4823 montonem
975 4779 1001 4822 st
1018 4770 1213 4823 recordationem
1232 4769 1406 4836 aequissimum

23 4840 38 4956 Ι
84 4848 129 4905 ιιῑ
145 4845 343 4899 muscosos
361 4844 649 4955 mdiholumsupesclns
665 4844 742 4895 tundo
754 4850 887 4906 mentm,
905 4843 1254 4911 mstsnsmabipsoornnsm
1270 4844 1422 4950 usuam·
