3278 5550
525 331 555 388 ds
573 330 761 387 Commentariis
781 334 811 386 de
830 338 898 385 motu
915 325 1004 386 stellae
1022 329 1119 387 Martis.
1432 334 1496 408 103

134 509 223 571 nulla
246 510 393 573 finrtitudo
418 511 447 573 h.
472 530 499 572 e.
525 510 594 594 qnia
618 509 683 574 Soli
711 530 769 574 non
801 511 998 574 obvertuntur
1021 512 1065 573 Dl
1088 521 1192 593 partes
1225 525 1364 598 respectu
1397 519 1495 584 lineae

137 616 212 663 tuae
237 599 359 662 rirtntis
382 600 449 672 BD,
472 600 525 664 Bl.
573 600 636 664 Sed
660 601 707 663 hio
730 601 842 661 haereo
866 600 894 661 in
919 602 1074 677 prodenda
1102 603 1203 684 anguli
1235 625 1375 670 mensura
1403 629 1497 672 causa

140 687 336 751 tortitudinis.
383 689 466 753 Nam
489 691 567 753 forte
591 689 693 769 anguli
716 686 800 752 DBC
825 690 1072 768 complementum
1088 689 1131 753 CI
1155 694 1278 757 metitur
1300 697 1404 760 hano?
1425 698 1496 761 Non

142 786 220 858 puto.
259 777 339 840 Nam
365 776 484 859 quando
498 780 572 842 Ι)ΒΙ
594 778 701 860 incipit
723 778 824 852 minui,
849 785 919 839 tuuc
938 779 1011 857 plus
1035 779 1080 840 illi
1103 782 1227 859 prodest
1250 785 1289 845 ad
1304 787 1497 866 appetentiae

145 864 346 928 ioetbudinem
369 867 507 930 modulus
532 867 639 949 aliquis
663 867 887 942 imminutionis,
914 886 1001 946 quam
1026 887 1092 929 cum
1115 889 1191 948 pene
1210 879 1293 934 totus
1318 874 1495 939 absumitur.

146 954 219 1017 bum
243 955 338 1035 igitur
359 955 406 1019 IN
432 957 556 1020 metitur
587 957 793 1019 fortitudinem
823 955 942 1017 omniuo
966 955 1074 1020 DBO?
1111 960 1154 1020 At
1177 960 1246 1023 huic
1269 962 1300 1025 id
1324 964 1404 1044 quod
1430 966 1497 1047 jam

148 1042 201 1106 dixi
224 1051 376 1126 repugnat
397 1046 493 1108 multo
517 1046 615 1127 magis
638 1048 679 1120 (in
697 1053 827 1119 amnne:
850 1044 958 1106 falsum
981 1045 1063 1116 hoc).

226 1133 275 1196 Τιι
299 1134 445 1197 hiemini
474 1135 644 1217 sompnium
673 1153 776 1197 moves
805 1133 842 1194 de
873 1133 1084 1197 observatione
1108 1143 1133 1205 d
1157 1156 1233 1198 anuo
1257 1135 1309 1202 90.
1338 1138 1387 1204 18.
1412 1140 1496 1214 Deo,

150 1221 214 1305 bais
245 1222 347 1287 locum
379 1225 444 1305 ejus
472 1230 678 1306 computatum
701 1245 720 1286 a
742 1224 845 1285 Lance
877 1223 940 1285 bor.
968 1231 1000 1284 et
1022 1222 1115 1305 Spica
1148 1225 1266 1288 differre
1291 1248 1310 1288 a
1333 1229 1413 1306 loco,
1448 1232 1498 1313 qui

150 1318 203 1373 ιιι
224 1330 264 1373 ex
286 1313 484 1394 usurpatione
507 1313 620 1376 Lancia
643 1321 738 1377 austr.
787 1313 831 1375 At
858 1330 914 1391 ego
942 1312 1055 1374 nullam
1087 1314 1263 1378 distantiam
1288 1324 1313 1387 d
1335 1319 1454 1399 prodidi
1479 1341 1498 1383 a

149 1401 240 1464 tanae
264 1408 363 1465 austr.
386 1407 454 1472 (vide
470 1426 496 1476 p.
516 1408 571 1474 tt)

224 1491 402 1573 Aeqoiesco
434 1490 465 1553 in
494 1491 694 1554 declinatione
726 1488 884 1570 eclipticas
908 1509 927 1550 a
950 1489 1090 1571 Tyohone
1114 1492 1235 1571 prodita
1265 1493 1343 1557 citra
1372 1503 1495 1560 contro-

147 1579 283 1655 versiam,
317 1600 374 1644 nec
406 1580 478 1643 milri
502 1580 707 1661 Lansbergius
738 1579 830 1640 ullum
865 1579 1035 1658 scrupulum
1062 1590 1164 1642 movet
1190 1582 1337 1645 hactenns
1368 1586 1495 1665 quidem.

145 1668 200 1730 llec
223 1668 308 1732 enim
327 1669 504 1744 'verisimile
530 1686 706 1751 quemquam
721 1668 770 1730 hic
786 1667 927 1748 Tycbone
951 1667 1171 1748 diligentiorem
1190 1689 1263 1734 esse
1285 1692 1386 1754 posse.
1430 1676 1496 1741 Nec

144 1758 187 1820 ille
208 1776 300 1821 suam
324 1759 535 1840 obliquitatem
557 1760 698 1833 inculcat,
723 1767 755 1819 ut
779 1775 844 1818 eam
864 1757 1055 1838 Tychonicae
1079 1759 1241 1835 anteferat,
1265 1762 1320 1823 sed
1342 1769 1376 1825 nt
1399 1765 1497 1827 colla-

143 1845 225 1909 tione·
238 1847 389 1911 instituta
410 1847 533 1910 veritas·
547 1867 602 1929 per
623 1848 680 1909 has
705 1847 797 1909 etiam
821 1855 928 1907 tennes
953 1845 1173 1926 discrepantias
1193 1850 1383 1914 confirmetur
1401 1853 1493 1929 iniis,

143 1936 184 1997 rbi
205 1936 419 2018 discrepantia
441 1944 491 2000 est
513 1938 604 1999 nulla.
651 1935 701 1998 Ita
725 1935 844 2016 quidem
867 1942 930 2009 est,
956 1934 1092 1997 dubitare
1117 1939 1295 2019 quandoque
1325 1942 1424 2017 soleo,
1456 1964 1495 2006 an

143 2024 288 2106 lycbonis
309 2027 449 2089 ¹calculus
473 2027 662 2107 undiquaque
686 2026 787 2088 verum
820 2024 917 2085 locum
941 2020 981 2100 Θ
1006 2025 1124 2104 prodat.
1173 2025 1276 2090 Causa
1307 2030 1380 2093 milri
1408 2031 1498 2112 hujus

143 2112 212 2177 dubii
239 2114 416 2178 desumitur
444 2135 460 2177 e
489 2134 521 2176 re
549 2113 718 2195 praesenti,
752 2113 870 2194 quoties
903 2113 1130 2176 observationes
1163 2115 1193 2176 in
1227 2123 1253 2186 ό
1282 2117 1405 2181 hahitae
1438 2140 1497 2183 uon

143 2203 210 2267 mire
231 2204 351 2267 volunt
374 2202 413 2269 ad
436 2222 621 2267 communem
645 2203 787 2265 circulum
812 2202 892 2264 orbis
907 2202 1018 2264 Terrae
1042 2203 1235 2282 prodendum.
1273 2208 1318 2269 At
1332 2208 1408 2271 certi
1426 2210 1498 2291 quid

144 2300 267 2356 mere
299 2301 359 2355 ant
385 2302 498 2355 temere
525 2292 573 2355 bic
597 2312 616 2354 a
639 2293 780 2374 Tychone
814 2290 980 2352 desciscere
1013 2310 1105 2372 grave
1138 2293 1210 2356 mihi
1241 2304 1299 2358 est.
1345 2298 1392 2360 De
1416 2295 1499 2362 Solis

144 2382 285 2461 pastui
311 2382 435 2464 quidem
457 2383 547 2464 paulo
570 2382 669 2461 magis
693 2380 807 2455 dubito,
831 2388 866 2441 ut
889 2379 1005 2441 invenis
1029 2379 1058 2441 in
1083 2380 1202 2461 Opticis
1233 2384 1319 2475 meis,
1347 2384 1411 2449 'Ar
1437 2387 1497 2450 etsi

150 2488 209 2533 us
227 2471 399 2553 serupulus
423 2471 565 2546 decedat,
598 2488 704 2553 parum
727 2469 756 2531 in
782 2469 960 2549 obliquitate
984 2469 1141 2548 eclipticae
1165 2483 1324 2552 peccatur,
1348 2495 1415 2538 cum
1438 2494 1496 2539 non
1555 2465 1559 2473 ’

155 2558 229 2622 nun
245 2561 355 2642 major
377 2561 419 2623 sit
441 2560 606 2640 parallaxis
630 2559 711 2621 Solis
739 2557 828 2635 inY
860 2576 948 2638 qnam
977 2558 1006 2619 in
1031 2571 1074 2623 eo.
1120 2558 1197 2622 Esto
1228 2562 1307 2624 enim
1327 2565 1497 2643 parallaxis

159 2642 321 2723 mmmm
349 2647 383 2712 2‘
406 2668 494 2730 quarn
508 2648 611 2731 Tycho
635 2648 708 2710 dicit
731 2645 777 2721 3¹;
802 2665 873 2726 ergo
892 2647 922 2709 in
942 2647 995 2708 alt.
1016 2643 1076 2709 35⁰
1099 2657 1186 2710 erunt
1205 2646 1271 2712 50⁴¹
1294 2652 1495 2730 diminuenda,

159 2735 243 2802 aar
266 2734 338 2803 58ο
362 2739 432 2803 circ.
458 2736 534 2802 20‘1.
579 2737 662 2817 Ergo
686 2735 848 2815 obliquitas
873 2736 1029 2816 eclipticae
1059 2736 1141 2799 circa
1168 2735 1234 2802 30⁴⁴
1263 2736 1367 2803 minor.
1422 2742 1496 2804 Inde

156 2826 344 2909 etlangitudo
359 2827 489 2891 aestatis
504 2827 565 2888 alia
578 2833 611 2889 et
625 2825 835 2888 ecoentricitas
847 2822 887 2901 Θ
896 2844 905 2899 ;
921 2825 974 2886 sed
990 2826 1107 2888 omnino
1123 2846 1266 2908 perquam
1281 2830 1384 2892 tenuia
1398 2840 1496 2894 erunt.

218 2917 266 2980 'l'e
292 2916 451 2998 quidem'o
466 2915 585 2978 Fabrici
608 2934 735 2995 aequum
760 2923 808 2976 est
831 2916 945 2988 dolere,
972 2914 1050 2995 quod
1073 2916 1197 2978 aliorum
1219 2919 1313 2981 oculis
1336 2920 1498 2983 videndum

147 3003 191 3067 tbi
210 3016 275 3082 est,
300 3014 335 3069 et
359 3005 455 3068 anniti
479 3014 511 3067 ut
535 3006 595 3067 tuis
619 3004 733 3067 videas.
766 3003 843 3066 Mihi
862 3022 917 3082 ego
932 3004 1065 3084 meisque
1090 3005 1238 3070 debilibus
1261 3008 1355 3072 oculis
1379 3008 1417 3072 de
1440 3010 1497 3073 hoe

147 3094 302 3159 abacorum
328 3094 481 3158 oculorum
504 3094 647 3156 beneficio
671 3093 798 3174 gaudeo.
1362 3114 1365 3119 ·

219 3184 336 3248 Redeo
368 3184 407 3246 ad
439 3191 464 3253 (ς
495 3191 567 3264 post
599 3182 715 3263 aliquot
747 3181 981 3263 septimanarum
1014 3181 1283 3263 interpositionem.
1331 3184 1381 3250 Sit
1411 3189 1498 3252 nobis

148 3273 240 3337 adem
265 3273 369 3354 ligura
392 3274 525 3353 corporis
547 3271 708 3352 planetarii
731 3271 897 3352 proposita,
922 3289 998 3349 quae
1023 3291 1123 3353 snpra
1157 3273 1229 3335 Dixi
1249 3294 1348 3355 snpra,
1373 3277 1496 3359 perinde

147 3363 296 3426 monive
319 3363 449 3443 planeta
471 3361 678 3424 consideretur
700 3368 734 3423 nt
756 3360 863 3440 globus
887 3358 950 3419 sive
974 3361 1152 3438 ulpianum
1175 3362 1277 3424 circuli
1285 3383 1295 3439 ;
1315 3365 1381 3444 jam
1405 3367 1497 3430 etiam
1556 3377 1563 3391 “

147 3448 193 3513 boc
214 3453 309 3526 dico,
345 3451 467 3531 perinde
491 3469 559 3512 esse
592 3451 655 3513 sive
680 3458 713 3512 ut
735 3451 855 3531 planum
889 3448 993 3510 circuli
1025 3450 1232 3513 consideretur
1264 3452 1327 3514 sive
1351 3464 1385 3516 nt
1407 3456 1496 3520 linea.

147 3536 214 3604 tan
237 3549 361 3604 certum
385 3548 433 3602 est
454 3559 491 3602 ex
507 3538 645 3602 Gilberto
669 3547 702 3600 et
724 3557 778 3619 per
797 3557 835 3643 ι.
855 3537 945 3598 etiam
969 3537 1032 3598 sine
1052 3538 1117 3618 ejus
1141 3539 1331 3617 auctoritate,
1356 3543 1497 3607 virtutem

148 3624 345 3712 &poeticam
367 3629 479 3710 porrigi
502 3629 531 3689 in
546 3636 670 3691 rectum.
709 3626 810 3698 Quare
834 3634 868 3688 ut
881 3626 988 3706 globus
1012 3627 1132 3708 tingitur
1156 3637 1293 3691 constare
1317 3650 1355 3693 err
1372 3631 1496 3695 infinitis

151 3718 343 3783 titularibus
365 3717 465 3798 planis
489 3716 656 3780 eccentrioo
689 3717 861 3798 parallelis,
895 3734 1017 3794 quorum
1047 3717 1175 3779 omnium
1207 3719 1312 3780 eadem
1337 3728 1385 3782 est
1407 3721 1494 3798 ratio,

148 3804 183 3870 lta
203 3808 313 3872 cuculi
345 3808 466 3887 planum
498 3814 622 3889 propter
653 3807 731 3868 hanc
761 3805 882 3868 virtutis
915 3805 1124 3868 rectitudinem
1154 3825 1191 3867 ex
1218 3807 1342 3871 infinitis
1373 3819 1495 3873 constat

147 3898 239 3973 rectis,
266 3914 396 3980 quarum
418 3913 535 3958 rursum
559 3895 686 3958 omnium
711 3895 817 3957 eadem
840 3901 889 3956 est
911 3894 1000 3955 ratio.
1047 3894 1128 3972 Ergo
1155 3896 1297 3975 planetae
1320 3899 1427 3979 co'rpus
1450 3899 1495 3962 ita

145 3985 327 4051 masiderari
349 3986 510 4066 potestat
533 3985 686 4068 qqaelibet
708 3992 811 4056 recta,
844 4001 911 4045 cum
933 3983 1017 4046 nulla
1040 3983 1130 4047 aliam
1153 3985 1314 4065 impediat,
1346 3995 1495 4069 utsupra

143 4073 212 4139 too
235 4074 382 4138 confinxi.
420 4073 470 4137 Sit
493 4092 563 4154 ergo
587 4075 647 4138 AD
673 4080 739 4149 (rig.
760 4077 807 4143 34)
831 4072 897 4134 axis
920 4073 1109 4153 magnetieus
1133 4074 1250 4154 lugiens
1267 4075 1300 4136 -in
1316 4077 1355 4152 A,
1380 4095 1492 4158 appro-

142 4163 288 4247 p'urquans
322 4163 354 4226 in
381 4163 431 4233 D,
462 4171 694 4244 repraesentans
724 4174 814 4224 unam
845 4179 883 4223 ex
912 4162 1036 4225 infinitis
1065 4163 1157 4225 rectis
1187 4164 1328 4227 virtuosis
1359 4167 1493 4248 corporis

143 4250 253 4318 lartii.
302 4250 352 4316 Sit
385 4260 486 4315 summ
508 4252 535 4314 B
559 4260 701 4333 punctum
732 4251 861 4313 medinm
894 4251 972 4314 inter
1003 4252 1078 4327 AD,
1112 4251 1183 4315 Sole
1214 4252 1243 4314 in
1273 4254 1336 4330 Bl;
1369 4256 1491 4333 dictum,

143 4341 463 4427 appropinquationem
485 4341 535 4403 vel
560 4344 660 4423 lugam
683 4341 747 4402 fieri
770 4341 896 4417 nullam,
927 4360 1020 4403 causa
1043 4350 1091 4403 est
1119 4341 1188 4421 quia
1210 4342 1240 4403 A
1264 4352 1296 4404 et
1317 4344 1346 4407 D
1369 4355 1440 4407 sunt
1462 4346 1493 4408 in

144 4448 227 4511 opere
253 4431 385 4512 aequali.
422 4430 505 4511 Ergo
528 4432 585 4494 hoe
608 4439 657 4493 est
680 4430 766 4511 quasi
789 4429 1028 4510 aequipondium.
1062 4431 1142 4492 Vide
1165 4429 1358 4510 meaOptica
1372 4432 1449 4516 (lap.
1464 4435 1491 4501 I.

143 4517 186 4584 Sit
203 4523 274 4602 jam
298 4517 353 4583 Sol
375 4520 406 4582 in
427 4518 524 4597 BCK,
548 4527 580 4583 et
602 4525 706 4583 centro
729 4520 756 4580 B
781 4519 880 4599 spatio
894 4518 951 4580 BD
974 4519 1100 4582 circulus
1119 4517 1176 4585 Do
1199 4519 1376 4598 delineatur,
1401 4532 1493 4587 etex
1621 4531 1626 4544 '

146 4605 175 4687 G,
196 4610 335 4675 sectione
358 4609 461 4673 ciculi
484 4628 551 4672 cum
574 4610 654 4672 linea
670 4604 721 4686 Θ,
745 4608 1002 4689 perpendicularis
1025 4609 1056 4670 in
1079 4608 1140 4670 DA
1161 4612 1298 4674 ducatur.
1344 4610 1379 4674 Si
1401 4613 1494 4692 igitur

147 4693 192 4760 du
214 4699 261 4763 sit
281 4698 401 4762 trutina
422 4706 455 4761 et
475 4699 543 4774 AB,
566 4698 623 4760 BD
646 4697 771 4761 brachia
793 4698 898 4773 librae,
914 4694 982 4760 'erit
1004 4704 1038 4760 ut
1060 4696 1116 4759 DP
1138 4700 1177 4762 ad
1200 4700 1256 4762 ΡΑ
1279 4700 1322 4763 sic
1345 4701 1491 4765 fortitudo

148 4786 242 4871 saguli
263 4786 350 4853 DBG
374 4789 414 4852 ad
438 4788 643 4852 fortitudinem
665 4786 759 4852 ABG.
805 4787 913 4871 Itaque
938 4786 1198 4869 fugationem
1221 4798 1269 4853 est
1291 4799 1404 4874 quauta
1425 4789 1490 4872 DP,
