3278 5550
641 272 804 340 Promo
1332 274 1398 356 ιιι

83 476 140 514 rae
160 461 292 523 Lunaris,
320 478 422 529 quarum
440 464 484 513 ills
501 464 622 521 totalium.
641 465 705 515 baec
722 465 863 529 partialium
881 464 985 515 Telluris
1003 465 1131 531 eclipsim
1149 478 1228 516 causa
1245 468 1336 526 existit.
1356 469 1399 520 de-

83 536 196 587 auaris
224 537 261 586 Ex
278 551 380 601 quornm
398 545 485 599 postea
502 539 696 599 comparatione,
715 538 841 586 advocatis
859 539 884 586 in
898 538 1032 586 subsidium
1049 538 1108 602 ipsis
1126 536 1282 588 luminarium
1295 541 1400 595 motibus

83 622 231 673 porumque
255 610 403 658 currentium
426 609 569 665 momentis,
594 611 740 672 praecipuas
759 610 884 672 eclipsium
902 608 1065 659 Terrenorum
1083 608 1185 673 phasea,
1204 612 1401 676 magnitudines,

83 680 174 736 ιίιιοι,
194 681 252 730 locs
270 685 296 729 et
313 679 455 729 (lutationes
475 678 507 728 ad
525 679 625 743 quodvis
643 680 792 729 novilunium
811 679 958 744 inuestigare
982 680 1074 731 docuit.
1112 679 1174 729 Cum
1192 696 1248 732 reto
1267 686 1401 734 maximum

83 753 216 801 sanburn
236 757 303 801 esset
319 757 479 805 momentum,
497 757 525 798 ut
542 751 780 801 semidiametrorum
799 752 860 800 disci
878 750 994 808 Terreni,
1013 752 1114 802 umbrae
1131 753 1332 817 penumbraequs
1350 754 1400 805 Lu·

83 822 125 875 h.
157 830 280 887 tanquam
298 823 465 885 primariorum
483 820 609 872 Terrenus
637 823 755 886 eclipseos
780 822 954 873 elementorum
973 822 1152 873 determinatae
1170 826 1323 888 quantitates
1341 839 1401 891 geo-

83 893 154 943 nieir
167 893 418 943 demonstrationibus
429 892 580 950 fulcirentur,
599 893 625 942 id
638 895 715 957 ipsum
729 909 758 942 ex
771 894 950 959 diagrammate
962 894 1117 958 Hipparchea
1129 901 1256 958 praestare
1270 910 1402 962 aggressus

93 962 226 1029 Keplerue
252 971 336 1014 noster
352 966 378 1013 in
397 979 487 1028 opere.
516 966 554 1012 cui
578 979 667 1013 nomen
693 965 754 1013 iecit
771 964 995 1029 Hipparcho,
1022 966 1063 1015 ubi
1082 965 1136 1029 plns
1154 966 1206 1015 iere
1231 968 1401 1018 admirationis

83 1041 155 1087 ream
182 1038 309 1101 ingenium
334 1035 469 1085 humanum
496 1035 528 1083 ad
555 1038 721 1101 cognitionem
746 1048 844 1099 opernm
864 1035 927 1085 Dei
947 1038 1011 1084 uam
1029 1037 1140 1093 moliens,
1159 1032 1232 1102 huam
1251 1054 1329 1103 opera
1346 1042 1401 1104 ipsa

83 1106 155 1171 hae
173 1120 219 1171 per
235 1120 263 1156 se
281 1107 360 1156 bruta.
386 1106 446 1170 Ipsa
463 1120 519 1154 vero
538 1107 628 1156 calculi
647 1109 732 1169 capita
750 1108 827 1155 etiam
844 1105 943 1155 exhibet
964 1106 1088 1156 Hieriolus
1106 1109 1131 1156 in
1150 1109 1307 1160 Astronomia
1324 1111 1400 1160 reior-

83 1182 121 1229 h
136 1186 164 1229 st
182 1181 208 1229 in
221 1179 366 1242 Almagssto
384 1192 436 1235 suo,
455 1178 481 1226 lu
499 1193 546 1242 quo
565 1179 637 1227 simul
657 1179 786 1227 memorati
807 1179 878 1226 modo
892 1178 1077 1242 diagrammatis
1095 1184 1178 1242 partes
1191 1180 1286 1244 aliquas
1299 1181 1401 1233 demon·

83 1262 128 1301 m
153 1251 282 1301 annititur.
328 1248 541 1309 Quemadmodum
566 1252 641 1298 etiam
660 1248 817 1313 Keplerianis
844 1249 945 1298 ulterius
964 1250 1102 1301 excolendis
1124 1257 1221 1314 tempus
1239 1253 1338 1317 aliquod
1356 1255 1401 1303 inr-

83 1319 156 1381 phre
174 1320 242 1370 haud
260 1323 358 1385 graruti
375 1327 432 1369 sunt
449 1320 602 1377 Bullialdns‚
622 1320 754 1385 Paganus,
773 1320 890 1376 Wardus.
910 1321 1058 1371 Horroccius
1077 1321 1168 1385 aliique
1184 1321 1223 1371 his
1242 1325 1401 1382 recentiores,

83 1402 150 1451 mn
167 1393 291 1442 meditata
307 1391 347 1441 hic
365 1406 486 1455 exponere
504 1406 551 1440 nec
569 1393 643 1455 spatii
661 1406 707 1440 nec
726 1393 832 1441 instituti
851 1393 914 1441 ratio
926 1394 1052 1456 permittit.
1085 1391 1171 1442 Redeo
1183 1394 1265 1457 potius
1277 1394 1403 1459 adipsum

83 1462 153 1529 fleri
172 1478 233 1527 opus
250 1462 415 1527 posthumum.
434 1465 460 1512 iu
477 1477 524 1527 quo
543 1477 570 1512 se
588 1463 684 1513 laudati
703 1463 888 1529 diagrammatis
908 1463 1144 1514 demonstrationem
1157 1465 1272 1516 mserum
1284 1480 1338 1516 esse
1347 1469 1402 1530 Jasn

89 1534 208 1599 «Bpitome
226 1548 274 1584 sua
291 1528 465 1584 Astronomiae
485 1535 669 1598 (lopernicanae
692 1537 845 1597 promiserat.
883 1533 935 1585 Sed
951 1542 1088 1598 temporum
1105 1550 1203 1586 suornm
1222 1538 1313 1599 injuria
1329 1552 1401 1602 prae·

83 1604 147 1669 itus
164 1612 253 1656 auctor
270 1606 364 1656 loetum
382 1605 476 1655 huncce
494 1607 609 1654 suumin
626 1605 707 1655 lucens
725 1607 798 1657 edere
816 1621 866 1655 nou
883 1607 971 1669 potuit,
990 1614 1046 1655 utut
1062 1606 1125 1670 Imp.
1138 1607 1262 1659 Matthiae
1281 1609 1402 1674 glosiosae

83 1690 127 1731 n·
149 1677 291 1742 petentibus
310 1676 460 1727 consiliariis
487 1677 628 1727 exhibitum.
664 1677 895 1740 Hipparchus
923 1679 948 1726 in
968 1677 1030 1728 duas
1048 1686 1132 1742 partes
1151 1679 1279 1738 dividitur,
1298 1695 1402 1745 quarum

83 1748 119 1807 h
132 1748 296 1811 fundamenta
313 1751 396 1812 optica
414 1764 510 1806 eornm,
529 1763 593 1813 qnae
610 1747 643 1798 ad
662 1749 799 1798 doctrinam
819 1749 958 1812 eclipticam
977 1752 1118 1798 accuratius
1137 1751 1327 1802 euminandam
1344 1746 1399 1816 per·

83 1825 139 1879 nt,
158 1820 321 1877 demonstrat,
340 1826 365 1870 et
383 1820 537 1885 generalibus
557 1821 653 1883 opticae
680 1819 872 1869 theorematibus
900 1821 1039 1883 praemissis
1056 1822 1121 1870 inter
1139 1820 1189 1870 alia
1208 1822 1260 1887 agit
1280 1822 1403 1889 deligare

83 1882 118 1943 ΕΙ
133 1900 159 1941 et
175 1891 296 1948 umbrae,
325 1890 356 1940 de
375 1891 526 1940 dimensione
544 1891 732 1951 remotionum,
753 1891 784 1941 de
802 1891 976 1955 parallaxibus,
997 1891 1027 1940 de
1047 1891 1196 1957 dispersione
1214 1893 1277 1942 lucis
1295 1893 1402 1945 siderum

83 1952 192 2019 ,lisanam
211 1970 238 2011 et
256 1961 372 2018 Terram.
401 1965 426 2012 in
455 1964 537 2026 specie
561 1962 623 2011 lucis
642 1960 733 2011 Solaria
760 1964 786 2011 in
804 1961 916 2019 Lunam,
936 1962 1024 2012 Lunae
1041 1964 1067 2012 in
1086 1963 1203 2021 Tenens,
1222 1971 1248 2014 et
1265 1963 1357 2016 Terrae
1375 1966 1402 2015 lu

83 2046 161 2091 nnuc
195 2034 317 2097 posterior
342 2035 421 2098 ipsam
448 2034 575 2098 eclipsinm
603 2032 739 2082 (loctunam
768 2033 882 2091 exhibet,
908 2039 934 2083 et
956 2032 1123 2084 Ptolemaicae
1150 2034 1259 2084 methodi
1282 2035 1400 2101 pericula,

83 2105 178 2169 madia
197 2111 224 2154 et
242 2119 335 2154 errores
353 2104 468 2164 ostendit,
487 2106 645 2154 sciametriae
663 2104 819 2154 theoremata
836 2105 995 2160 demonstrat,
1014 2104 1138 2169 multaque
1151 2110 1240 2156 ιιοιιιιι
1252 2107 1329 2174 digna
1346 2122 1400 2172 pro·

83 2174 119 2225 fir
135 2176 166 2225 de
185 2175 312 2225 diametxs's
331 2174 394 2225 Solis
413 2184 439 2225 et
450 2176 538 2225 Lunae
550 2176 715 2233 observandis,
735 2176 766 2224 de
783 2182 852 2224 motu
870 2174 957 2226 Lunae
975 2177 1062 2225 diurno
1081 2184 1106 2226 et
1123 2176 1220 2226 horario
1239 2180 1265 2227 in
1282 2182 1400 2243 coniunc-

83 2247 156 2299 nllus
175 2252 203 2296 et
220 2247 412 2312 oppositionibus
432 2247 587 2307 inveniendo,
608 2247 638 2295 de
656 2255 725 2299 motu
743 2254 769 2296 et
783 2247 872 2313 euplo
891 2247 1029 2297 latitudinis
1047 2261 1098 2297 una
1110 2262 1166 2298 sum
1178 2247 1266 2299 Lunae
1278 2250 1400 2313 parallaxi

83 2317 245 2387 ¹hametlrodo
272 2319 439 2382 inquirendis,
466 2322 571 2382 itemque
590 2318 621 2367 de
640 2319 809 2368 observatione
827 2318 898 2381 hujus
918 2319 1000 2384 anguli
1028 2320 1091 2368 citra
1113 2321 1236 2370 mammae
1262 2320 1400 2372 latitudinis

83 2390 288 2463 *dandonem
311 2389 343 2438 de
369 2390 469 2439 umbrae
488 2390 670 2439 semidiametro
688 2392 754 2439 sarie
773 2390 926 2453 inquirenda,
946 2390 977 2440 de
991 2389 1054 2439 Solis
1072 2390 1202 2454 parallaal.
1222 2392 1355 2443 altitudine
1372 2402 1399 2447 st

83 2463 203 2585 τιάοιιο
221 2462 296 2510 trinus
308 2460 403 2510 illorum
415 2476 541 2526 corporum
554 2462 621 2509 varie
634 2460 788 2526 detegendis,
807 2461 837 2510 de
850 2461 984 2511 commodis
997 2461 1101 2527 denique
1113 2462 1170 2511 inde
1183 2464 1209 2511 iu
1221 2464 1399 2530 geographiam

83 2530 88 2573 ἵ
135 2533 242 2596 reliquas
260 2534 379 2581 scientias
397 2532 605 2589 redundantibus,
626 2539 654 2581 ιιι
671 2533 801 2581 multarum
820 2533 946 2596 eclipsinm
965 2539 1018 2581 tarn
1036 2531 1158 2583 Solarium
1176 2547 1250 2597 mam
1263 2534 1398 2586 bunarium

83 2584 118 2655 ia
133 2603 315 2667 Keplerianam
333 2602 479 2667 hypothesin
506 2617 609 2653 examen
629 2603 754 2665 adjectum
773 2610 879 2653 taceam.
917 2603 967 2653 Sed
985 2604 1025 2652 hic
1042 2602 1113 2661 liber,
1132 2605 1317 2654 immortalitate
1336 2620 1399 2657 sane

110 2675 116 2688 '
141 2676 222 2731 mus,
242 2677 312 2737 culus
329 2676 389 2732 tibi,
408 2674 484 2724 lector
502 2674 646 2738 asuopbile.
666 2683 838 2739 argumentum
856 2675 960 2724 breviter
978 2677 1093 2738 exposui,
1114 2674 1218 2725 affectus
1236 2677 1334 2741 quidem
1351 2678 1407 2731 init

83 2686 184 2811 mim
195 2754 278 2795 nostro
296 2751 323 2795 et
332 2745 477 2810 imperatori
489 2745 613 2797 Matthiae
631 2746 820 2810 gloriosissimas
839 2747 971 2795 memoriae
984 2747 1088 2808 oblatus,
1108 2754 1136 2796 at
1148 2746 1178 2796 ob
1190 2748 1292 2809 injurias
1303 2748 1398 2801 ilerum

83 2812 183 2881 horum
200 2816 285 2882 perfici
303 2824 330 2867 et
346 2817 458 2882 publicae
476 2817 525 2867 luci
544 2818 631 2880 exponi
649 2832 698 2866 non
716 2818 803 2880 potnit.
830 2817 864 2866 Ut
881 2823 965 2867 tamen
983 2832 1015 2868 ne
1033 2819 1168 2883 ignorares.
1186 2817 1233 2867 hoc
1246 2818 1398 2871 celeberrimi

83 2891 155 2939 horis
173 2891 350 2938 monimentum
368 2888 449 2939 adhuc
467 2903 593 2952 superesse
612 2895 638 2938 et
655 2890 681 2936 in
699 2902 782 2937 casses
799 2903 867 2938 meos
885 2889 1012 2947 incidisse,
1038 2898 1064 2938 to
1081 2889 1150 2940 hisce
1168 2890 1296 2941 sertorem
1314 2891 1397 2942 iacere

83 2954 312 3033 *intempestivum
331 2959 403 3021 duxi,
431 2960 457 3009 iu
475 2975 515 3011 me
532 2959 604 3009 simul
622 2960 755 3024 recipiens,
780 2959 840 3008 nihil
858 2961 1051 3010 intermissurum
1069 2976 1109 3010 rue
1128 2975 1192 3018 esse,
1210 2960 1275 3026 qnod
1292 2961 1326 3012 ad
1344 2963 1395 3013 edi·

83 3040 139 3081 lan
156 3031 363 3095 praestantissimi
385 3030 456 3093 hujus
475 3033 554 3095 operis
572 3030 746 3079 maturandam
764 3031 813 3080 ullo
831 3031 902 3079 modo
921 3032 1042 3095 pertinere
1062 3032 1193 3088 videbitur,
1218 3032 1302 3083 dimna
1319 3033 1396 3084 lretus

131 3104 217 3159 enda,
236 3115 299 3166 quae
317 3102 430 3151 subsidiis
448 3103 480 3151 ad
499 3103 633 3151 studiorum
651 3101 880 3152 mathematicorum
899 3103 1108 3153 continuationem
1127 3117 1200 3167 quam
1218 3105 1324 3155 maxime
1350 3119 1395 3157 ne·

83 3103 275 3296 &elabora
292 3188 360 3222 meos
377 3168 522 3230 suble'rahit,
541 3187 641 3238 quornm
660 3173 700 3222 hic
718 3189 762 3237 per
783 3189 879 3222 omnem
897 3175 974 3222 uitam
991 3174 1046 3222 finis
1065 3177 1111 3224 erit
1128 3177 1224 3236 uniens,
1243 3182 1272 3243 ut
1289 3183 1395 3228 naturae

159 3246 240 3310 magis
257 3247 384 3310 mumque
403 3244 560 3310 detegantur,
579 3251 652 3308 atque
670 3242 718 3294 hac
736 3246 841 3302 ratione,
861 3257 910 3309 qua
927 3245 996 3294 nulla
1013 3248 1118 3311 cogitari
1137 3252 1219 3308 potest
1235 3247 1328 3303 melior.
1346 3248 1392 3299 hu·

83 3306 87 3313 ’
150 3319 231 3367 eneris
249 3315 317 3365 salus
334 3323 512 3380 promoveatur.
548 3315 578 3365 Iu
596 3330 687 3380 genere
706 3317 771 3365 euim
786 3316 879 3377 jndicio
897 3315 961 3364 illius
980 3315 1116 3367 Veurlarnii
1135 3314 1189 3377 (lib.
1208 3316 1241 3369 11.
1260 3319 1292 3369 de
1310 3333 1393 3386 angm.

159 3403 202 3452 pro
216 3393 283 3437 certe
295 3386 443 3444 habendum,
462 3401 565 3452 mamus
577 3388 603 3435 iu
615 3388 686 3437 rebus
699 3394 804 3437 naturae
818 3387 907 3437 abditis
926 3388 1039 3437 eruendis
1058 3395 1085 3438 et
1101 3388 1240 3438 reserandis
1253 3404 1396 3456 progressus

107 3456 157 3508 leri
170 3472 251 3523 posse,
271 3458 318 3507 nisi
337 3458 370 3507 ad
382 3458 548 3522 experimenta
559 3457 667 3507 Vulcani
688 3464 714 3506 et
726 3457 832 3507 Daedali
841 3458 888 3507 ,rel
902 3452 1067 3522 cujuscunque
1080 3460 1179 3510 alarius
1192 3462 1289 3525 generis
1301 3470 1396 3513 sumtus

83 3516 147 3580 bele
164 3528 357 3593 suppeditentur.
385 3528 423 3577 'ln
441 3543 505 3588 vero,
523 3530 556 3577 mi
575 3528 717 3592 astrophile,
738 3530 866 3579 conatibus
883 3531 953 3588 meis,
972 3545 1032 3594 quos
1049 3532 1075 3580 in
1092 3529 1258 3582 nobilissimae
1275 3534 1396 3584 amentiae

83 3600 227 3651 'neutum
245 3607 272 3651 et
288 3606 459 3651 ammentum
477 3599 578 3650 undere
595 3600 653 3649 hinc
671 3600 746 3650 facile
764 3601 889 3666 intelligis,
909 3601 966 3650 iare
984 3608 1010 3652 et
1026 3617 1079 3652 rem
1096 3611 1166 3653 tuens
1184 3616 1216 3652 ex
1232 3609 1290 3654 voto
1308 3616 1365 3670 age.

136 3671 280 3725 Sembsbaru
297 3671 398 3736 Lipsiae
414 3671 492 3736 pridie
509 3670 574 3721 Nou.
594 3670 655 3721 Dec.
677 3668 753 3720 llos.

657 3845 788 3853 -.—-...-

134 3988 313 4060 Frsgmemum
331 3992 410 4056 opeda
427 3993 537 4057 inscripti
554 3990 783 4057 Hipparchus
802 3989 890 4041 eadem
908 4003 959 4057 qna
975 3992 1082 4042 occurat
1099 3993 1124 4043 in
1137 3992 1221 4045 codice
1234 3993 1313 4044 iorma
1330 3996 1395 4060 typis

83 4063 228 4121 mmmm,
246 4065 272 4113 in
290 4065 413 4129 proposito
425 4070 587 4128 susceptoque
605 4061 705 4113 oonsilio
719 4069 900 4126 permanentes,
920 4064 1051 4114 immutata
1068 4063 1169 4128 Kepleri
1188 4079 1263 4130 opera
1274 4065 1324 4117 bac
1341 4066 1394 4118 edi·

83 4140 114 4188 'a
125 4134 275 4201 colligenda
294 4140 321 4185 et
337 4134 446 4200 quamvis
465 4148 539 4200 aegre
557 4135 683 4185 terendum
702 4134 742 4190 sir,
762 4132 824 4197 quod
837 4133 959 4197 Keplerns
976 4134 1119 4184 inchoatum
1137 4150 1185 4186 non
1206 4137 1308 4187 absolsit
1325 4152 1393 4202 opus.

83 4207 224 4259 Mnus
240 4206 300 4256 illud
318 4207 360 4256 alii
377 4207 567 4270 permittendum
586 4221 640 4257 esse
659 4219 801 4261 censemus,
820 4206 869 4268 qui,
888 4212 918 4255 nt
933 4205 1049 4255 Herelius
1067 4207 1135 4264 dicit.
1153 4222 1234 4258 rernm
1252 4210 1345 4273 peritus
1361 4211 1395 4258 sit

88 4282 141 4332 ctio
161 4277 284 4335 abundem
304 4292 401 4342 sparsas
420 4280 600 4337 mactationes,
623 4291 686 4341 quae
705 4275 737 4325 ad
755 4291 806 4325 rem
824 4277 955 4339 pertinent,
974 4291 1019 4325 nos
1036 4279 1081 4327 sub
1099 4277 1174 4328 linem
1184 4280 1368 4347 subjungemus·

133 4348 265 4411 Qunam
282 4350 397 4414 temporis
409 4349 540 4413 Keplerus‚
559 4363 655 4413 semper
671 4361 780 4397 reversus
799 4348 831 4396 ad
849 4349 996 4411 propositum
1014 4362 1093 4407 snum,
1112 4352 1273 4401 consumserit
1290 4354 1316 4401 iu
1335 4367 1393 4401 con·

83 4418 175 4475 heudo
193 4418 241 4470 hoc
259 4435 345 4485 opere,
371 4434 428 4469 cum
447 4435 476 4469 ex
493 4420 651 4481 inscriptione
670 4424 774 4482 apparet
791 4415 919 4484 (.,Pragae
936 4417 1056 4469 inchoata
1073 4433 1091 4469 a
1107 4419 1190 4470 multis
1208 4422 1294 4481 annis,
1313 4423 1394 4473 Liucii

83 4508 96 4547 s
115 4493 278 4549 continuata
295 4493 438 4556 praesertim
456 4505 521 4540 auno
535 4486 636 4551 itlt“)
653 4498 706 4540 turn
723 4489 850 4555 esingulls
869 4489 932 4539 loliis
949 4490 974 4538 ln
993 4489 1031 4539 rol
1039 4489 1060 4539 1.
1074 4496 1101 4541 et
1111 4490 1145 4541 H.
1163 4495 1393 4559 manuscriptorum,

113 4566 122 4580 ⁰
195 4564 269 4612 annis
286 4562 460 4613 diversissimis.

83 4562 209 4697 Ἓν
225 4635 278 4699 lpse
296 4633 418 4698 Kepleros
436 4636 463 4684 in
479 4633 561 4689 libris,
588 4647 648 4698 quos
672 4633 724 4696 ipse
741 4630 830 4695 publici
851 4631 912 4693 luris
930 4631 990 4682 iecit
1005 4645 1053 4683 uec
1075 4646 1126 4683 non
1143 4634 1169 4684 in
1187 4633 1264 4685 litem
1282 4636 1393 4699 privatis,

83 4708 104 4763 ι’
119 4706 161 4759 ad
177 4706 273 4757 amisos
291 4704 376 4764 dedit,
403 4704 434 4756 de
459 4704 554 4756 mendo
571 4703 617 4754 boc
635 4717 708 4768 opere
725 4704 834 4767 scripsit.
856 4704 985 4767 sequeutia
1002 4702 1126 4754 abibant.
1162 4704 1270 4757 Primum
1288 4706 1394 4765 occurrit

83 4780 136 4833 eric
155 4775 352 4842 Hipparchi
378 4777 404 4826 in
423 4774 616 4838 ,Peroratioue“
640 4773 745 4840 Optioae
769 4772 835 4835 (Vol.
855 4771 888 4821 11.
906 4787 964 4839 pag.
984 4769 1048 4834 ³08)
1065 4774 1091 4824 h.
1111 4790 1133 4826 e.
1162 4789 1227 4827 auno
1256 4773 1339 4834 180³.
1354 4784 1394 4829 ,et

83 4846 196 4905 dadan
211 4846 273 4899 licet
297 4862 327 4899 ex
343 4848 382 4898 his
398 4848 488 4905 verbis,
507 4846 642 4912 Keplerum
660 4847 746 4897 eodem
764 4852 886 4909 tempore,
912 4858 959 4910 quo
978 4843 1094 4911 opacam
1117 4848 1274 4912 mmcrlpstt,
1296 4848 1393 4899 lnltluru
