<?xml version="1.0" encoding="UTF-8"?>
<!DOCTYPE html PUBLIC "-//W3C//DTD XHTML 1.0 Transitional//EN"
    "http://www.w3.org/TR/xhtml1/DTD/xhtml1-transitional.dtd">
<html xmlns="http://www.w3.org/1999/xhtml" xml:lang="en" lang="en">
 <head>
  <title>
</title>
<meta http-equiv="Content-Type" content="text/html;charset=utf-8" />
  <meta name='ocr-system' content='tesseract 3.04.00' />
  <meta name='ocr-capabilities' content='ocr_page ocr_carea ocr_par ocr_line ocrx_word'/>
</head>
<body>
  <div class='ocr_page' id='page_1' title='image "./joanniskepleria12frisgoog/joanniskepleria12frisgoog_0324.png"; bbox 0 0 3278 5550; ppageno 0'>
   <div class='ocr_carea' id='block_1_1' title="bbox 495 271 914 368">
    <p class='ocr_par' dir='ltr' id='par_1_1' title="bbox 495 271 914 368">
     <span class='ocr_line' id='line_1_1' title="bbox 495 271 914 368; baseline -0.005 -11"><span class='ocrx_word' id='word_1_1' title='bbox 495 294 558 357; x_wconf 64' lang='grc' dir='ltr'><strong>Ῥω</strong></span> <span class='ocrx_word' id='word_1_2' title='bbox 575 298 669 354; x_wconf 63' lang='lat' dir='ltr'><strong>Tutia.</strong></span> <span class='ocrx_word' id='word_1_3' title='bbox 707 271 789 368; x_wconf 74' lang='lat' dir='ltr'><strong>dapnt</strong></span> <span class='ocrx_word' id='word_1_4' title='bbox 804 299 914 357; x_wconf 81' lang='lat' dir='ltr'>XXXIX.</span> 
     </span>
    </p>
   </div>
   <div class='ocr_carea' id='block_1_2' title="bbox 536 476 868 633">
    <p class='ocr_par' dir='ltr' id='par_1_2' title="bbox 536 476 868 633">
     <span class='ocr_line' id='line_1_2' title="bbox 536 476 868 633; baseline 0.009 -27"><span class='ocrx_word' id='word_1_5' title='bbox 536 532 655 633; x_wconf 88' lang='lat' dir='ltr'><strong>Caput</strong></span> <span class='ocrx_word' id='word_1_6' title='bbox 680 476 868 613; x_wconf 89' lang='lat' dir='ltr'>XXXIX.</span> 
     </span>
    </p>
   </div>
   <div class='ocr_carea' id='block_1_3' title="bbox 119 689 1401 4923">
    <p class='ocr_par' dir='ltr' id='par_1_3' title="bbox 119 689 1401 4923">
     <span class='ocr_line' id='line_1_3' title="bbox 126 689 1379 778; baseline 0.003 -24"><span class='ocrx_word' id='word_1_7' title='bbox 126 689 177 754; x_wconf 73' lang='lat' dir='ltr'><strong>ota</strong></span> <span class='ocrx_word' id='word_1_8' title='bbox 198 697 229 752; x_wconf 78' lang='lat' dir='ltr'><strong>et</strong></span> <span class='ocrx_word' id='word_1_9' title='bbox 255 691 369 774; x_wconf 76' lang='lat' dir='ltr'><strong>putidus</strong></span> <span class='ocrx_word' id='word_1_10' title='bbox 399 696 515 758; x_wconf 76' lang='lat' dir='ltr'><strong>mediis</strong></span> <span class='ocrx_word' id='word_1_11' title='bbox 544 713 666 758; x_wconf 63' lang='lat' dir='ltr'><strong>morae</strong></span> <span class='ocrx_word' id='word_1_12' title='bbox 695 697 827 759; x_wconf 79' lang='lat' dir='ltr'><strong>debeant</strong></span> <span class='ocrx_word' id='word_1_13' title='bbox 855 695 1023 757; x_wconf 79' lang='lat' dir='ltr'><strong>virtuter</strong></span> <span class='ocrx_word' id='word_1_14' title='bbox 1049 690 1224 778; x_wconf 79' lang='lat' dir='ltr'><strong>planetis</strong></span> <span class='ocrx_word' id='word_1_15' title='bbox 1254 693 1379 769; x_wconf 79' lang='lat' dir='ltr'><strong>inritae,</strong></span> 
     </span>
     <span class='ocr_line' id='line_1_4' title="bbox 119 778 1381 866; baseline 0.002 -23"><span class='ocrx_word' id='word_1_16' title='bbox 119 778 253 843; x_wconf 74' lang='lat' dir='ltr'><strong>calloria</strong></span> <span class='ocrx_word' id='word_1_17' title='bbox 270 779 421 863; x_wconf 81' lang='lat' dir='ltr'><strong>planatae</strong></span> <span class='ocrx_word' id='word_1_18' title='bbox 434 786 547 858; x_wconf 78' lang='lat' dir='ltr'><strong>orbita,</strong></span> <span class='ocrx_word' id='word_1_19' title='bbox 570 783 695 866; x_wconf 78' lang='lat' dir='ltr'><strong>qualem</strong></span> <span class='ocrx_word' id='word_1_20' title='bbox 716 783 807 866; x_wconf 65' lang='lat' dir='ltr'><strong>adpo</strong></span> <span class='ocrx_word' id='word_1_21' title='bbox 830 783 969 859; x_wconf 72' lang='lat' dir='ltr'><strong>credam,</strong></span> <span class='ocrx_word' id='word_1_22' title='bbox 988 803 1049 866; x_wconf 84' lang='lat' dir='ltr'><strong>per</strong></span> <span class='ocrx_word' id='word_1_23' title='bbox 1064 786 1180 848; x_wconf 77' lang='lat' dir='ltr'><strong>auram</strong></span> <span class='ocrx_word' id='word_1_24' title='bbox 1203 785 1381 847; x_wconf 80' lang='lat' dir='ltr'><strong><em>aetheream</em></strong></span> 
     </span>
     <span class='ocr_line' id='line_1_5' title="bbox 627 873 785 957; baseline -0.013 -21"><span class='ocrx_word' id='word_1_25' title='bbox 627 873 785 957; x_wconf 72' lang='lat' dir='ltr'><strong>efficiatur.</strong></span> 
     </span>
     <span class='ocr_line' id='line_1_6' title="bbox 119 1005 1378 1091; baseline 0.004 -20"><span class='ocrx_word' id='word_1_26' title='bbox 119 1005 185 1073; x_wconf 81' lang='lat' dir='ltr'><strong>Sint</strong></span> <span class='ocrx_word' id='word_1_27' title='bbox 207 1010 310 1091; x_wconf 90' lang='lat' dir='ltr'><strong>itaque</strong></span> <span class='ocrx_word' id='word_1_28' title='bbox 333 1009 420 1074; x_wconf 92' lang='lat' dir='ltr'><strong>nobis</strong></span> <span class='ocrx_word' id='word_1_29' title='bbox 444 1013 473 1076; x_wconf 91' lang='lat' dir='ltr'><strong>in</strong></span> <span class='ocrx_word' id='word_1_30' title='bbox 498 1015 713 1078; x_wconf 87' lang='lat' dir='ltr'><strong>demonstratis</strong></span> <span class='ocrx_word' id='word_1_31' title='bbox 737 1013 894 1075; x_wconf 85' lang='lat' dir='ltr'><strong>rarissima</strong></span> <span class='ocrx_word' id='word_1_32' title='bbox 917 1013 978 1076; x_wconf 89' lang='lat' dir='ltr'><strong>ista</strong></span> <span class='ocrx_word' id='word_1_33' title='bbox 1000 1012 1172 1076; x_wconf 79' lang='lat' dir='ltr'><strong>axiomata:</strong></span> <span class='ocrx_word' id='word_1_34' title='bbox 1212 1012 1378 1089; x_wconf 91' lang='lat' dir='ltr'><strong>Primum,</strong></span> 
     </span>
     <span class='ocr_line' id='line_1_7' title="bbox 127 1098 1379 1183; baseline 0.002 -21"><span class='ocrx_word' id='word_1_35' title='bbox 127 1098 271 1178; x_wconf 86' lang='lat' dir='ltr'><strong>planetae</strong></span> <span class='ocrx_word' id='word_1_36' title='bbox 287 1119 395 1182; x_wconf 87' lang='lat' dir='ltr'><strong>corpus</strong></span> <span class='ocrx_word' id='word_1_37' title='bbox 418 1113 528 1167; x_wconf 90' lang='lat' dir='ltr'><strong>natura</strong></span> <span class='ocrx_word' id='word_1_38' title='bbox 550 1104 727 1168; x_wconf 88' lang='lat' dir='ltr'><strong>inclinatum</strong></span> <span class='ocrx_word' id='word_1_39' title='bbox 750 1103 793 1165; x_wconf 86' lang='lat' dir='ltr'><strong>sit</strong></span> <span class='ocrx_word' id='word_1_40' title='bbox 811 1103 849 1164; x_wconf 90' lang='lat' dir='ltr'><strong>ad</strong></span> <span class='ocrx_word' id='word_1_41' title='bbox 867 1103 996 1183; x_wconf 84' lang='lat' dir='ltr'><strong>quietern</strong></span> <span class='ocrx_word' id='word_1_42' title='bbox 1019 1103 1047 1165; x_wconf 93' lang='lat' dir='ltr'><strong>in</strong></span> <span class='ocrx_word' id='word_1_43' title='bbox 1073 1102 1153 1164; x_wconf 89' lang='lat' dir='ltr'><strong>omni</strong></span> <span class='ocrx_word' id='word_1_44' title='bbox 1177 1102 1253 1179; x_wconf 92' lang='lat' dir='ltr'><strong>loco,</strong></span> <span class='ocrx_word' id='word_1_45' title='bbox 1276 1103 1307 1165; x_wconf 90' lang='lat' dir='ltr'><strong>in</strong></span> <span class='ocrx_word' id='word_1_46' title='bbox 1321 1122 1379 1183; x_wconf 92' lang='lat' dir='ltr'><strong>qno</strong></span> 
     </span>
     <span class='ocr_line' id='line_1_8' title="bbox 119 1185 1379 1273; baseline 0.003 -22"><span class='ocrx_word' id='word_1_47' title='bbox 119 1185 193 1251; x_wconf 85' lang='lat' dir='ltr'><strong>rium</strong></span> <span class='ocrx_word' id='word_1_48' title='bbox 215 1188 347 1270; x_wconf 89' lang='lat' dir='ltr'><strong>ponitur.</strong></span> <span class='ocrx_word' id='word_1_49' title='bbox 394 1189 580 1269; x_wconf 86' lang='lat' dir='ltr'><strong>Secundo,</strong></span> <span class='ocrx_word' id='word_1_50' title='bbox 614 1194 692 1273; x_wconf 92' lang='lat' dir='ltr'><strong>qnod</strong></span> <span class='ocrx_word' id='word_1_51' title='bbox 716 1212 753 1255; x_wconf 87' lang='lat' dir='ltr'><strong>ea</strong></span> <span class='ocrx_word' id='word_1_52' title='bbox 775 1191 902 1265; x_wconf 87' lang='lat' dir='ltr'><strong>virtute,</strong></span> <span class='ocrx_word' id='word_1_53' title='bbox 926 1211 1002 1272; x_wconf 89' lang='lat' dir='ltr'><strong>qnae</strong></span> <span class='ocrx_word' id='word_1_54' title='bbox 1026 1211 1065 1253; x_wconf 84' lang='lat' dir='ltr'><strong>ex</strong></span> <span class='ocrx_word' id='word_1_55' title='bbox 1087 1191 1175 1266; x_wconf 89' lang='lat' dir='ltr'><strong>Sole,</strong></span> <span class='ocrx_word' id='word_1_56' title='bbox 1200 1192 1236 1254; x_wconf 89' lang='lat' dir='ltr'><strong>de</strong></span> <span class='ocrx_word' id='word_1_57' title='bbox 1260 1193 1326 1254; x_wconf 90' lang='lat' dir='ltr'><strong>loco</strong></span> <span class='ocrx_word' id='word_1_58' title='bbox 1348 1192 1379 1255; x_wconf 93' lang='lat' dir='ltr'><strong>in</strong></span> 
     </span>
     <span class='ocr_line' id='line_1_9' title="bbox 119 1278 1379 1360; baseline 0.004 -21"><span class='ocrx_word' id='word_1_59' title='bbox 119 1278 310 1341; x_wconf 73' lang='lat' dir='ltr'><strong>raecundnm</strong></span> <span class='ocrx_word' id='word_1_60' title='bbox 334 1279 550 1360; x_wconf 82' lang='lat' dir='ltr'>longitudinem</span> <span class='ocrx_word' id='word_1_61' title='bbox 573 1281 689 1346; x_wconf 78' lang='lat' dir='ltr'><strong>zodiaci</strong></span> <span class='ocrx_word' id='word_1_62' title='bbox 712 1290 936 1360; x_wconf 80' lang='lat' dir='ltr'><strong>transponatur.</strong></span> <span class='ocrx_word' id='word_1_63' title='bbox 984 1280 1122 1356; x_wconf 89' lang='lat' dir='ltr'><strong>Tertio,</strong></span> <span class='ocrx_word' id='word_1_64' title='bbox 1147 1281 1172 1343; x_wconf 91' lang='lat' dir='ltr'><strong>si</strong></span> <span class='ocrx_word' id='word_1_65' title='bbox 1195 1298 1253 1343; x_wconf 88' lang='lat' dir='ltr'><strong>non</strong></span> <span class='ocrx_word' id='word_1_66' title='bbox 1277 1288 1379 1344; x_wconf 69' lang='lat' dir='ltr'><strong>muta-</strong></span> 
     </span>
     <span class='ocr_line' id='line_1_10' title="bbox 120 1364 1378 1450; baseline 0.003 -22"><span class='ocrx_word' id='word_1_67' title='bbox 120 1364 272 1430; x_wconf 88' lang='lat' dir='ltr'><strong>distantia</strong></span> <span class='ocrx_word' id='word_1_68' title='bbox 294 1368 436 1448; x_wconf 88' lang='lat' dir='ltr'><strong>planetae</strong></span> <span class='ocrx_word' id='word_1_69' title='bbox 460 1391 479 1433; x_wconf 92' lang='lat' dir='ltr'><strong>a</strong></span> <span class='ocrx_word' id='word_1_70' title='bbox 501 1370 583 1447; x_wconf 90' lang='lat' dir='ltr'><strong>Sole,</strong></span> <span class='ocrx_word' id='word_1_71' title='bbox 608 1372 737 1433; x_wconf 84' lang='lat' dir='ltr'><strong>futurum</strong></span> <span class='ocrx_word' id='word_1_72' title='bbox 754 1390 791 1432; x_wconf 85' lang='lat' dir='ltr'><strong>ex</strong></span> <span class='ocrx_word' id='word_1_73' title='bbox 811 1370 869 1431; x_wconf 90' lang='lat' dir='ltr'><strong>hac</strong></span> <span class='ocrx_word' id='word_1_74' title='bbox 892 1369 1127 1450; x_wconf 73' lang='lat' dir='ltr'><strong>transpositione</strong></span> <span class='ocrx_word' id='word_1_75' title='bbox 1148 1369 1206 1431; x_wconf 91' lang='lat' dir='ltr'><strong>iter</strong></span> <span class='ocrx_word' id='word_1_76' title='bbox 1224 1369 1378 1432; x_wconf 90' lang='lat' dir='ltr'><strong>circulare.</strong></span> 
     </span>
     <span class='ocr_line' id='line_1_11' title="bbox 119 1455 1378 1540; baseline 0.004 -24"><span class='ocrx_word' id='word_1_77' title='bbox 119 1463 176 1531; x_wconf 70' lang='lat' dir='ltr'><strong>&#39;to,</strong></span> <span class='ocrx_word' id='word_1_78' title='bbox 201 1457 335 1537; x_wconf 88' lang='lat' dir='ltr'><strong>ejusdem</strong></span> <span class='ocrx_word' id='word_1_79' title='bbox 357 1459 499 1538; x_wconf 88' lang='lat' dir='ltr'><strong>planetae</strong></span> <span class='ocrx_word' id='word_1_80' title='bbox 522 1461 552 1523; x_wconf 94' lang='lat' dir='ltr'><strong>in</strong></span> <span class='ocrx_word' id='word_1_81' title='bbox 577 1461 692 1524; x_wconf 88' lang='lat' dir='ltr'><strong>duabus</strong></span> <span class='ocrx_word' id='word_1_82' title='bbox 715 1480 768 1540; x_wconf 89' lang='lat' dir='ltr'><strong>per</strong></span> <span class='ocrx_word' id='word_1_83' title='bbox 791 1459 873 1521; x_wconf 89' lang='lat' dir='ltr'><strong>vices</strong></span> <span class='ocrx_word' id='word_1_84' title='bbox 898 1457 1052 1521; x_wconf 86' lang='lat' dir='ltr'><strong>distantiis</strong></span> <span class='ocrx_word' id='word_1_85' title='bbox 1077 1478 1096 1519; x_wconf 90' lang='lat' dir='ltr'><strong>a</strong></span> <span class='ocrx_word' id='word_1_86' title='bbox 1119 1455 1191 1522; x_wconf 88' lang='lat' dir='ltr'><strong>Sole</strong></span> <span class='ocrx_word' id='word_1_87' title='bbox 1223 1466 1287 1521; x_wconf 92' lang='lat' dir='ltr'><strong>toto</strong></span> <span class='ocrx_word' id='word_1_88' title='bbox 1311 1479 1378 1521; x_wconf 88' lang='lat' dir='ltr'><strong>am·</strong></span> 
     </span>
     <span class='ocr_line' id='line_1_12' title="bbox 119 1545 1377 1630; baseline 0.002 -23"><span class='ocrx_word' id='word_1_89' title='bbox 119 1545 323 1622; x_wconf 79' lang='lat' dir='ltr'><strong>ermanencis,</strong></span> <span class='ocrx_word' id='word_1_90' title='bbox 347 1554 484 1628; x_wconf 89' lang='lat' dir='ltr'><strong>tempora</strong></span> <span class='ocrx_word' id='word_1_91' title='bbox 498 1550 652 1630; x_wconf 82' lang='lat' dir='ltr'><strong>periodica</strong></span> <span class='ocrx_word' id='word_1_92' title='bbox 676 1549 776 1612; x_wconf 83' lang='lat' dir='ltr'><strong>futura</strong></span> <span class='ocrx_word' id='word_1_93' title='bbox 800 1548 828 1610; x_wconf 94' lang='lat' dir='ltr'><strong>in</strong></span> <span class='ocrx_word' id='word_1_94' title='bbox 844 1548 935 1628; x_wconf 89' lang='lat' dir='ltr'><strong>dnpla</strong></span> <span class='ocrx_word' id='word_1_95' title='bbox 958 1546 1149 1628; x_wconf 89' lang='lat' dir='ltr'><strong>proportione</strong></span> <span class='ocrx_word' id='word_1_96' title='bbox 1166 1547 1377 1610; x_wconf 88' lang='lat' dir='ltr'><strong>distantiarum</strong></span> 
     </span>
     <span class='ocr_line' id='line_1_13' title="bbox 119 1632 1379 1716; baseline 0.004 -22"><span class='ocrx_word' id='word_1_97' title='bbox 119 1632 291 1698; x_wconf 76' lang='lat' dir='ltr'><strong>circulorum</strong></span> <span class='ocrx_word' id='word_1_98' title='bbox 324 1637 541 1716; x_wconf 86' lang='lat' dir='ltr'><strong>amplitudinis.</strong></span> <span class='ocrx_word' id='word_1_99' title='bbox 588 1637 746 1713; x_wconf 87' lang='lat' dir='ltr'><strong>Quinto,</strong></span> <span class='ocrx_word' id='word_1_100' title='bbox 780 1638 922 1699; x_wconf 83' lang='lat' dir='ltr'><strong>virtutem</strong></span> <span class='ocrx_word' id='word_1_101' title='bbox 954 1637 1063 1699; x_wconf 88' lang='lat' dir='ltr'><strong>nudam</strong></span> <span class='ocrx_word' id='word_1_102' title='bbox 1087 1644 1118 1698; x_wconf 89' lang='lat' dir='ltr'><strong>et</strong></span> <span class='ocrx_word' id='word_1_103' title='bbox 1150 1637 1317 1701; x_wconf 89' lang='lat' dir='ltr'><strong>solitariam</strong></span> <span class='ocrx_word' id='word_1_104' title='bbox 1349 1638 1379 1699; x_wconf 91' lang='lat' dir='ltr'><strong>in</strong></span> 
     </span>
     <span class='ocr_line' id='line_1_14' title="bbox 119 1723 1378 1806; baseline 0.002 -22"><span class='ocrx_word' id='word_1_105' title='bbox 119 1723 256 1803; x_wconf 87' lang='lat' dir='ltr'><strong>planetae</strong></span> <span class='ocrx_word' id='word_1_106' title='bbox 271 1744 394 1805; x_wconf 89' lang='lat' dir='ltr'><strong>corpore</strong></span> <span class='ocrx_word' id='word_1_107' title='bbox 418 1727 599 1791; x_wconf 87' lang='lat' dir='ltr'><strong>residentem</strong></span> <span class='ocrx_word' id='word_1_108' title='bbox 622 1748 683 1791; x_wconf 94' lang='lat' dir='ltr'><strong>non</strong></span> <span class='ocrx_word' id='word_1_109' title='bbox 697 1745 765 1789; x_wconf 89' lang='lat' dir='ltr'><strong>asse</strong></span> <span class='ocrx_word' id='word_1_110' title='bbox 789 1726 986 1789; x_wconf 82' lang='lat' dir='ltr'><strong>sufficientem</strong></span> <span class='ocrx_word' id='word_1_111' title='bbox 1011 1727 1245 1806; x_wconf 87' lang='lat' dir='ltr'><strong>transportando</strong></span> <span class='ocrx_word' id='word_1_112' title='bbox 1260 1727 1297 1788; x_wconf 92' lang='lat' dir='ltr'><strong>de</strong></span> <span class='ocrx_word' id='word_1_113' title='bbox 1312 1728 1378 1788; x_wconf 95' lang='lat' dir='ltr'><strong>loco</strong></span> 
     </span>
     <span class='ocr_line' id='line_1_15' title="bbox 119 1813 1380 1898; baseline 0.003 -25"><span class='ocrx_word' id='word_1_114' title='bbox 119 1831 176 1874; x_wconf 76' lang='lat' dir='ltr'><strong>rnm</strong></span> <span class='ocrx_word' id='word_1_115' title='bbox 200 1833 255 1874; x_wconf 92' lang='lat' dir='ltr'><strong>sno</strong></span> <span class='ocrx_word' id='word_1_116' title='bbox 279 1813 409 1892; x_wconf 89' lang='lat' dir='ltr'><strong>corpori,</strong></span> <span class='ocrx_word' id='word_1_117' title='bbox 443 1818 520 1896; x_wconf 92' lang='lat' dir='ltr'><strong>qnod</strong></span> <span class='ocrx_word' id='word_1_118' title='bbox 544 1817 684 1898; x_wconf 87' lang='lat' dir='ltr'><strong>pedibus,</strong></span> <span class='ocrx_word' id='word_1_119' title='bbox 719 1817 776 1877; x_wconf 88' lang='lat' dir='ltr'><strong>alis</strong></span> <span class='ocrx_word' id='word_1_120' title='bbox 800 1825 832 1877; x_wconf 90' lang='lat' dir='ltr'><strong>et</strong></span> <span class='ocrx_word' id='word_1_121' title='bbox 857 1816 956 1895; x_wconf 89' lang='lat' dir='ltr'><strong>pinnis</strong></span> <span class='ocrx_word' id='word_1_122' title='bbox 980 1822 1080 1887; x_wconf 88' lang='lat' dir='ltr'><strong>caret,</strong></span> <span class='ocrx_word' id='word_1_123' title='bbox 1114 1813 1220 1895; x_wconf 90' lang='lat' dir='ltr'><strong>quibus</strong></span> <span class='ocrx_word' id='word_1_124' title='bbox 1251 1815 1280 1876; x_wconf 90' lang='lat' dir='ltr'><strong>in</strong></span> <span class='ocrx_word' id='word_1_125' title='bbox 1305 1835 1380 1877; x_wconf 90' lang='lat' dir='ltr'><strong>aura</strong></span> 
     </span>
     <span class='ocr_line' id='line_1_16' title="bbox 119 1896 1379 1984; baseline 0.003 -22"><span class='ocrx_word' id='word_1_126' title='bbox 119 1896 169 1963; x_wconf 83' lang='lat' dir='ltr'><strong>rea</strong></span> <span class='ocrx_word' id='word_1_127' title='bbox 199 1901 323 1964; x_wconf 86' lang='lat' dir='ltr'><strong>nitatur.</strong></span> <span class='ocrx_word' id='word_1_128' title='bbox 370 1902 505 1977; x_wconf 83' lang='lat' dir='ltr'><strong>Sexto,</strong></span> <span class='ocrx_word' id='word_1_129' title='bbox 529 1914 561 1968; x_wconf 89' lang='lat' dir='ltr'><strong>et</strong></span> <span class='ocrx_word' id='word_1_130' title='bbox 583 1915 685 1968; x_wconf 89' lang='lat' dir='ltr'><strong>tamen</strong></span> <span class='ocrx_word' id='word_1_131' title='bbox 713 1924 855 1967; x_wconf 84' lang='lat' dir='ltr'><strong>accessus</strong></span> <span class='ocrx_word' id='word_1_132' title='bbox 877 1905 1019 1984; x_wconf 89' lang='lat' dir='ltr'><strong>planetae</strong></span> <span class='ocrx_word' id='word_1_133' title='bbox 1044 1905 1083 1965; x_wconf 89' lang='lat' dir='ltr'><strong>ad</strong></span> <span class='ocrx_word' id='word_1_134' title='bbox 1099 1902 1201 1965; x_wconf 85' lang='lat' dir='ltr'><strong>Solem</strong></span> <span class='ocrx_word' id='word_1_135' title='bbox 1226 1912 1258 1966; x_wconf 89' lang='lat' dir='ltr'><strong>et</strong></span> <span class='ocrx_word' id='word_1_136' title='bbox 1280 1904 1319 1966; x_wconf 89' lang='lat' dir='ltr'><strong>ab</strong></span> <span class='ocrx_word' id='word_1_137' title='bbox 1343 1923 1379 1966; x_wconf 90' lang='lat' dir='ltr'><strong>eo</strong></span> 
     </span>
     <span class='ocr_line' id='line_1_17' title="bbox 119 1989 1379 2075; baseline 0.004 -24"><span class='ocrx_word' id='word_1_138' title='bbox 119 2008 164 2051; x_wconf 82' lang='lat' dir='ltr'><strong>sus</strong></span> <span class='ocrx_word' id='word_1_139' title='bbox 188 1989 260 2053; x_wconf 89' lang='lat' dir='ltr'><strong>oriri</strong></span> <span class='ocrx_word' id='word_1_140' title='bbox 278 2011 316 2052; x_wconf 87' lang='lat' dir='ltr'><strong>ex</strong></span> <span class='ocrx_word' id='word_1_141' title='bbox 339 1991 462 2067; x_wconf 85' lang='lat' dir='ltr'><strong>virtute,</strong></span> <span class='ocrx_word' id='word_1_142' title='bbox 488 2004 627 2075; x_wconf 89' lang='lat' dir='ltr'><strong>quaeest</strong></span> <span class='ocrx_word' id='word_1_143' title='bbox 649 1994 771 2075; x_wconf 88' lang='lat' dir='ltr'><strong>propria</strong></span> <span class='ocrx_word' id='word_1_144' title='bbox 793 1994 944 2073; x_wconf 90' lang='lat' dir='ltr'><strong>planetae.</strong></span> <span class='ocrx_word' id='word_1_145' title='bbox 982 1995 1066 2055; x_wconf 88' lang='lat' dir='ltr'><strong>Haec</strong></span> <span class='ocrx_word' id='word_1_146' title='bbox 1081 1993 1181 2055; x_wconf 88' lang='lat' dir='ltr'><strong>omnia</strong></span> <span class='ocrx_word' id='word_1_147' title='bbox 1199 2000 1232 2054; x_wconf 90' lang='lat' dir='ltr'><strong>et</strong></span> <span class='ocrx_word' id='word_1_148' title='bbox 1253 2003 1379 2056; x_wconf 90' lang='lat' dir='ltr'><strong>naturae</strong></span> 
     </span>
     <span class='ocr_line' id='line_1_18' title="bbox 119 2082 949 2163; baseline 0.002 -20"><span class='ocrx_word' id='word_1_149' title='bbox 119 2087 325 2143; x_wconf 87' lang='lat' dir='ltr'><strong>consentanea</strong></span> <span class='ocrx_word' id='word_1_150' title='bbox 348 2100 382 2142; x_wconf 85' lang='lat' dir='ltr'><strong>se</strong></span> <span class='ocrx_word' id='word_1_151' title='bbox 407 2082 482 2163; x_wconf 87' lang='lat' dir='ltr'><strong>ipsis</strong></span> <span class='ocrx_word' id='word_1_152' title='bbox 507 2094 538 2146; x_wconf 90' lang='lat' dir='ltr'><strong>et</strong></span> <span class='ocrx_word' id='word_1_153' title='bbox 561 2085 770 2147; x_wconf 89' lang='lat' dir='ltr'><strong>demonstrata</strong></span> <span class='ocrx_word' id='word_1_154' title='bbox 793 2082 949 2145; x_wconf 89' lang='lat' dir='ltr'><strong>hactenus.</strong></span> 
     </span>
     <span class='ocr_line' id='line_1_19' title="bbox 119 2167 1382 2254; baseline 0.004 -25"><span class='ocrx_word' id='word_1_155' title='bbox 119 2167 140 2230; x_wconf 91' lang='lat' dir='ltr'><strong>l.</strong></span> <span class='ocrx_word' id='word_1_156' title='bbox 186 2167 260 2230; x_wconf 89' lang='lat' dir='ltr'><strong>Jam</strong></span> <span class='ocrx_word' id='word_1_157' title='bbox 282 2169 312 2230; x_wconf 92' lang='lat' dir='ltr'><strong>in</strong></span> <span class='ocrx_word' id='word_1_158' title='bbox 335 2171 440 2250; x_wconf 83' lang='lat' dir='ltr'><strong>figuris</strong></span> <span class='ocrx_word' id='word_1_159' title='bbox 462 2174 654 2252; x_wconf 83' lang='lat' dir='ltr'><strong>geometricis</strong></span> <span class='ocrx_word' id='word_1_160' title='bbox 679 2190 885 2247; x_wconf 86' lang='lat' dir='ltr'><strong>exerceamur,</strong></span> <span class='ocrx_word' id='word_1_161' title='bbox 909 2180 942 2234; x_wconf 93' lang='lat' dir='ltr'><strong>nt</strong></span> <span class='ocrx_word' id='word_1_162' title='bbox 965 2178 1128 2254; x_wconf 84' lang='lat' dir='ltr'><strong>appareat,</strong></span> <span class='ocrx_word' id='word_1_163' title='bbox 1152 2172 1191 2232; x_wconf 90' lang='lat' dir='ltr'><strong>ad</strong></span> <span class='ocrx_word' id='word_1_164' title='bbox 1215 2171 1382 2253; x_wconf 89' lang='lat' dir='ltr'><strong>quamlibet</strong></span> 
     </span>
     <span class='ocr_line' id='line_1_20' title="bbox 119 2257 1379 2344; baseline 0.004 -26"><span class='ocrx_word' id='word_1_165' title='bbox 119 2276 153 2319; x_wconf 88' lang='lat' dir='ltr'><strong>un</strong></span> <span class='ocrx_word' id='word_1_166' title='bbox 174 2257 318 2338; x_wconf 89' lang='lat' dir='ltr'><strong>planetae</strong></span> <span class='ocrx_word' id='word_1_167' title='bbox 341 2264 630 2342; x_wconf 87' lang='lat' dir='ltr'><strong>repraesentandam</strong></span> <span class='ocrx_word' id='word_1_168' title='bbox 654 2262 760 2344; x_wconf 88' lang='lat' dir='ltr'><strong>quibus</strong></span> <span class='ocrx_word' id='word_1_169' title='bbox 775 2260 893 2340; x_wconf 88' lang='lat' dir='ltr'><strong>legibus</strong></span> <span class='ocrx_word' id='word_1_170' title='bbox 909 2279 984 2340; x_wconf 90' lang='lat' dir='ltr'><strong>opns</strong></span> <span class='ocrx_word' id='word_1_171' title='bbox 1004 2261 1056 2322; x_wconf 89' lang='lat' dir='ltr'><strong>sit.</strong></span> <span class='ocrx_word' id='word_1_172' title='bbox 1094 2258 1171 2320; x_wconf 83' lang='lat' dir='ltr'><strong>Esto</strong></span> <span class='ocrx_word' id='word_1_173' title='bbox 1185 2267 1220 2322; x_wconf 90' lang='lat' dir='ltr'><strong>ut</strong></span> <span class='ocrx_word' id='word_1_174' title='bbox 1237 2260 1379 2341; x_wconf 88' lang='lat' dir='ltr'><strong>planetae</strong></span> 
     </span>
     <span class='ocr_line' id='line_1_21' title="bbox 119 2346 1379 2431; baseline 0.002 -23"><span class='ocrx_word' id='word_1_175' title='bbox 119 2347 189 2409; x_wconf 76' lang='lat' dir='ltr'><strong>‚sit</strong></span> <span class='ocrx_word' id='word_1_176' title='bbox 212 2346 352 2424; x_wconf 87' lang='lat' dir='ltr'><strong>circulus,</strong></span> <span class='ocrx_word' id='word_1_177' title='bbox 375 2358 409 2411; x_wconf 89' lang='lat' dir='ltr'><strong>nt</strong></span> <span class='ocrx_word' id='word_1_178' title='bbox 424 2350 570 2415; x_wconf 86' lang='lat' dir='ltr'><strong>hactenus</strong></span> <span class='ocrx_word' id='word_1_179' title='bbox 594 2352 752 2425; x_wconf 88' lang='lat' dir='ltr'><strong>creditum,</strong></span> <span class='ocrx_word' id='word_1_180' title='bbox 776 2350 861 2431; x_wconf 89' lang='lat' dir='ltr'><strong>isque</strong></span> <span class='ocrx_word' id='word_1_181' title='bbox 885 2370 903 2410; x_wconf 91' lang='lat' dir='ltr'><strong>a</strong></span> <span class='ocrx_word' id='word_1_182' title='bbox 922 2348 995 2412; x_wconf 90' lang='lat' dir='ltr'><strong>Sole</strong></span> <span class='ocrx_word' id='word_1_183' title='bbox 1018 2349 1103 2410; x_wconf 84' lang='lat' dir='ltr'><strong>sonte</strong></span> <span class='ocrx_word' id='word_1_184' title='bbox 1125 2347 1246 2411; x_wconf 88' lang='lat' dir='ltr'><strong>virtutis</strong></span> <span class='ocrx_word' id='word_1_185' title='bbox 1270 2369 1379 2412; x_wconf 89' lang='lat' dir='ltr'><strong>scaen-</strong></span> 
     </span>
     <span class='ocr_line' id='line_1_22' title="bbox 259 2437 1377 2519; baseline 0.002 -20"><span class='ocrx_word' id='word_1_186' title='bbox 259 2506 264 2519; x_wconf 38' lang='lat'>¹</span> <span class='ocrx_word' id='word_1_187' title='bbox 360 2502 364 2517; x_wconf 58' lang='grc'>,</span> <span class='ocrx_word' id='word_1_188' title='bbox 795 2439 898 2500; x_wconf 82' lang='lat' dir='ltr'><strong>tricus.</strong></span> <span class='ocrx_word' id='word_1_189' title='bbox 945 2438 995 2501; x_wconf 92' lang='lat' dir='ltr'><strong>Sit</strong></span> <span class='ocrx_word' id='word_1_190' title='bbox 1021 2438 1074 2500; x_wconf 91' lang='lat' dir='ltr'><strong>ille</strong></span> <span class='ocrx_word' id='word_1_191' title='bbox 1103 2437 1288 2499; x_wconf 89' lang='lat' dir='ltr'><strong>eccentricus</strong></span> <span class='ocrx_word' id='word_1_192' title='bbox 1312 2437 1377 2515; x_wconf 81' lang='lat' dir='ltr'><strong>OD,</strong></span> 
     </span>
     <span class='ocr_line' id='line_1_23' title="bbox 237 2504 1378 2609; baseline 0 -21"><span class='ocrx_word' id='word_1_193' title='bbox 237 2506 290 2570; x_wconf 77' lang='lat' dir='ltr'><strong>mg.</strong></span> <span class='ocrx_word' id='word_1_194' title='bbox 310 2504 353 2557; x_wconf 76' lang='lat'><strong>⁸⁰·</strong></span> <span class='ocrx_word' id='word_1_195' title='bbox 622 2514 676 2577; x_wconf 70' lang='lat' dir='ltr'><strong>rig.</strong></span> <span class='ocrx_word' id='word_1_196' title='bbox 696 2507 738 2559; x_wconf 76' lang='lat'><strong>⁹⁰·</strong></span> <span class='ocrx_word' id='word_1_197' title='bbox 795 2527 940 2590; x_wconf 89' lang='lat' dir='ltr'><strong>centroB</strong></span> <span class='ocrx_word' id='word_1_198' title='bbox 964 2528 1145 2589; x_wconf 86' lang='lat' dir='ltr'><strong>diastemate</strong></span> <span class='ocrx_word' id='word_1_199' title='bbox 1161 2523 1215 2589; x_wconf 87' lang='lat' dir='ltr'><strong>BC</strong></span> <span class='ocrx_word' id='word_1_200' title='bbox 1239 2526 1378 2609; x_wconf 91' lang='lat' dir='ltr'><strong>descrip-</strong></span> 
     </span>
     <span class='ocr_line' id='line_1_24' title="bbox 792 2609 1379 2694; baseline 0.002 -16"><span class='ocrx_word' id='word_1_201' title='bbox 792 2625 858 2679; x_wconf 85' lang='lat' dir='ltr'><strong>tus:</strong></span> <span class='ocrx_word' id='word_1_202' title='bbox 883 2615 915 2678; x_wconf 92' lang='lat' dir='ltr'><strong>in</strong></span> <span class='ocrx_word' id='word_1_203' title='bbox 938 2635 973 2678; x_wconf 86' lang='lat' dir='ltr'><strong>eo</strong></span> <span class='ocrx_word' id='word_1_204' title='bbox 993 2614 1047 2678; x_wconf 86' lang='lat' dir='ltr'><strong>BC</strong></span> <span class='ocrx_word' id='word_1_205' title='bbox 1071 2609 1153 2676; x_wconf 80' lang='lat' dir='ltr'><strong>lin&#39;ea</strong></span> <span class='ocrx_word' id='word_1_206' title='bbox 1175 2613 1322 2694; x_wconf 87' lang='lat' dir='ltr'><strong>apsidum,</strong></span> <span class='ocrx_word' id='word_1_207' title='bbox 1347 2626 1379 2678; x_wconf 88' lang='lat' dir='ltr'><strong>et</strong></span> 
     </span>
     <span class='ocr_line' id='line_1_25' title="bbox 791 2702 1377 2769; baseline -0.005 0"><span class='ocrx_word' id='word_1_208' title='bbox 791 2707 822 2769; x_wconf 92' lang='lat' dir='ltr'><strong>A</strong></span> <span class='ocrx_word' id='word_1_209' title='bbox 837 2705 892 2767; x_wconf 90' lang='lat' dir='ltr'><strong>Sol</strong></span> <span class='ocrx_word' id='word_1_210' title='bbox 907 2711 938 2765; x_wconf 91' lang='lat' dir='ltr'><strong>et</strong></span> <span class='ocrx_word' id='word_1_211' title='bbox 950 2705 1009 2768; x_wconf 91' lang='lat' dir='ltr'><strong>BA</strong></span> <span class='ocrx_word' id='word_1_212' title='bbox 1028 2702 1249 2766; x_wconf 88' lang='lat' dir='ltr'><strong>eccentricitas.</strong></span> <span class='ocrx_word' id='word_1_213' title='bbox 1286 2704 1377 2766; x_wconf 87' lang='lat' dir='ltr'><strong>Divi-</strong></span> 
     </span>
     <span class='ocr_line' id='line_1_26' title="bbox 793 2793 1377 2874; baseline 0 -19"><span class='ocrx_word' id='word_1_214' title='bbox 793 2795 883 2856; x_wconf 82' lang='lat' dir='ltr'><strong>detur</strong></span> <span class='ocrx_word' id='word_1_215' title='bbox 897 2793 1082 2856; x_wconf 87' lang='lat' dir='ltr'><strong>eccentricns</strong></span> <span class='ocrx_word' id='word_1_216' title='bbox 1107 2793 1136 2855; x_wconf 89' lang='lat' dir='ltr'><strong>in</strong></span> <span class='ocrx_word' id='word_1_217' title='bbox 1158 2800 1262 2873; x_wconf 87' lang='lat' dir='ltr'><strong>partes</strong></span> <span class='ocrx_word' id='word_1_218' title='bbox 1286 2802 1377 2874; x_wconf 67' lang='lat' dir='ltr'><strong>quot</strong></span> 
     </span>
     <span class='ocr_line' id='line_1_27' title="bbox 793 2880 1379 2965; baseline -0.003 -20"><span class='ocrx_word' id='word_1_219' title='bbox 793 2902 908 2964; x_wconf 84' lang='lat' dir='ltr'><strong>cunque</strong></span> <span class='ocrx_word' id='word_1_220' title='bbox 936 2883 1094 2965; x_wconf 87' lang='lat' dir='ltr'><strong>aequales,</strong></span> <span class='ocrx_word' id='word_1_221' title='bbox 1128 2880 1214 2945; x_wconf 91' lang='lat' dir='ltr'><strong>initio</strong></span> <span class='ocrx_word' id='word_1_222' title='bbox 1247 2903 1268 2943; x_wconf 90' lang='lat' dir='ltr'><strong>a</strong></span> <span class='ocrx_word' id='word_1_223' title='bbox 1298 2883 1379 2944; x_wconf 90' lang='lat' dir='ltr'><strong>linea</strong></span> 
     </span>
     <span class='ocr_line' id='line_1_28' title="bbox 793 2968 1378 3053; baseline 0.002 -20"><span class='ocrx_word' id='word_1_224' title='bbox 793 2972 933 3053; x_wconf 89' lang='lat' dir='ltr'><strong>apsidum</strong></span> <span class='ocrx_word' id='word_1_225' title='bbox 956 2973 1038 3033; x_wconf 83' lang='lat' dir='ltr'><strong>facto</strong></span> <span class='ocrx_word' id='word_1_226' title='bbox 1054 2972 1084 3032; x_wconf 94' lang='lat' dir='ltr'><strong>in</strong></span> <span class='ocrx_word' id='word_1_227' title='bbox 1101 2968 1147 3035; x_wconf 70' lang='lat'><strong>0:</strong></span> <span class='ocrx_word' id='word_1_228' title='bbox 1168 2988 1294 3051; x_wconf 88' lang='lat' dir='ltr'><strong>quarum</strong></span> <span class='ocrx_word' id='word_1_229' title='bbox 1313 2979 1378 3034; x_wconf 89' lang='lat' dir='ltr'><strong>ter·</strong></span> 
     </span>
     <span class='ocr_line' id='line_1_29' title="bbox 794 3060 1379 3123; baseline 0.003 -2"><span class='ocrx_word' id='word_1_230' title='bbox 794 3060 867 3122; x_wconf 88' lang='lat' dir='ltr'><strong>mini</strong></span> <span class='ocrx_word' id='word_1_231' title='bbox 891 3067 1105 3123; x_wconf 88' lang='lat' dir='ltr'><strong>connectantur</strong></span> <span class='ocrx_word' id='word_1_232' title='bbox 1128 3079 1195 3122; x_wconf 90' lang='lat' dir='ltr'><strong>oum</strong></span> <span class='ocrx_word' id='word_1_233' title='bbox 1211 3060 1249 3122; x_wconf 87' lang='lat' dir='ltr'><strong>A.</strong></span> <span class='ocrx_word' id='word_1_234' title='bbox 1280 3060 1379 3123; x_wconf 85' lang='lat' dir='ltr'><strong>Erunt</strong></span> 
     </span>
     <span class='ocr_line' id='line_1_30' title="bbox 793 3148 1376 3229; baseline 0.002 -18"><span class='ocrx_word' id='word_1_235' title='bbox 793 3150 886 3229; x_wconf 89' lang='lat' dir='ltr'><strong>igitur</strong></span> <span class='ocrx_word' id='word_1_236' title='bbox 917 3148 982 3224; x_wconf 87' lang='lat' dir='ltr'><strong>CA,</strong></span> <span class='ocrx_word' id='word_1_237' title='bbox 1013 3149 1083 3223; x_wconf 89' lang='lat' dir='ltr'><strong>DA,</strong></span> <span class='ocrx_word' id='word_1_238' title='bbox 1111 3149 1179 3223; x_wconf 85' lang='lat' dir='ltr'><strong>EA,</strong></span> <span class='ocrx_word' id='word_1_239' title='bbox 1208 3150 1274 3224; x_wconf 86' lang='lat' dir='ltr'><strong>FA,</strong></span> <span class='ocrx_word' id='word_1_240' title='bbox 1305 3148 1376 3226; x_wconf 87' lang='lat' dir='ltr'><strong>GA,</strong></span> 
     </span>
     <span class='ocr_line' id='line_1_31' title="bbox 794 3238 1376 3321; baseline 0.003 -21"><span class='ocrx_word' id='word_1_241' title='bbox 794 3240 853 3300; x_wconf 88' lang='lat' dir='ltr'><strong>HA</strong></span> <span class='ocrx_word' id='word_1_242' title='bbox 875 3238 1070 3300; x_wconf 89' lang='lat' dir='ltr'><strong>terminorum</strong></span> <span class='ocrx_word' id='word_1_243' title='bbox 1102 3238 1233 3318; x_wconf 88' lang='lat' dir='ltr'><strong>partium</strong></span> <span class='ocrx_word' id='word_1_244' title='bbox 1263 3258 1376 3321; x_wconf 89' lang='lat' dir='ltr'><strong>aequa-</strong></span> 
     </span>
     <span class='ocr_line' id='line_1_32' title="bbox 793 3327 1375 3392; baseline 0.003 -4"><span class='ocrx_word' id='word_1_245' title='bbox 793 3327 864 3388; x_wconf 89' lang='lat' dir='ltr'><strong>lium</strong></span> <span class='ocrx_word' id='word_1_246' title='bbox 896 3328 1060 3389; x_wconf 87' lang='lat' dir='ltr'><strong>distantiae</strong></span> <span class='ocrx_word' id='word_1_247' title='bbox 1084 3328 1210 3388; x_wconf 80' lang='lat' dir='ltr'><strong>alonte</strong></span> <span class='ocrx_word' id='word_1_248' title='bbox 1243 3328 1375 3392; x_wconf 80' lang='lat' dir='ltr'><strong>virtutis.</strong></span> 
     </span>
     <span class='ocr_line' id='line_1_33' title="bbox 790 3416 1374 3500; baseline 0.002 -23"><span class='ocrx_word' id='word_1_249' title='bbox 790 3416 860 3477; x_wconf 83' lang='lat' dir='ltr'><strong>Iam</strong></span> <span class='ocrx_word' id='word_1_250' title='bbox 898 3425 1001 3477; x_wconf 93' lang='lat' dir='ltr'><strong>centro</strong></span> <span class='ocrx_word' id='word_1_251' title='bbox 1029 3417 1067 3492; x_wconf 83' lang='grc' dir='ltr'><strong>β,</strong></span> <span class='ocrx_word' id='word_1_252' title='bbox 1105 3416 1286 3478; x_wconf 85' lang='lat' dir='ltr'><strong>diastemate</strong></span> <span class='ocrx_word' id='word_1_253' title='bbox 1323 3420 1374 3500; x_wconf 69' lang='lat' dir='ltr'><strong>lly,</strong></span> 
     </span>
     <span class='ocr_line' id='line_1_34' title="bbox 795 3504 1375 3585; baseline 0.007 -19"><span class='ocrx_word' id='word_1_254' title='bbox 795 3505 872 3584; x_wconf 93' lang='lat' dir='ltr'><strong>qnod</strong></span> <span class='ocrx_word' id='word_1_255' title='bbox 897 3506 938 3567; x_wconf 89' lang='lat' dir='ltr'><strong>sit</strong></span> <span class='ocrx_word' id='word_1_256' title='bbox 960 3505 1085 3585; x_wconf 87' lang='lat' dir='ltr'><strong>aequale</strong></span> <span class='ocrx_word' id='word_1_257' title='bbox 1109 3505 1167 3585; x_wconf 89' lang='lat' dir='ltr'><strong>ipsi</strong></span> <span class='ocrx_word' id='word_1_258' title='bbox 1190 3504 1262 3580; x_wconf 92' lang='lat' dir='ltr'><strong>AB,</strong></span> <span class='ocrx_word' id='word_1_259' title='bbox 1297 3507 1375 3570; x_wconf 87' lang='lat' dir='ltr'><strong>scri-</strong></span> 
     </span>
     <span class='ocr_line' id='line_1_35' title="bbox 121 3592 1376 3681; baseline -0.003 -20"><span class='ocrx_word' id='word_1_260' title='bbox 121 3597 278 3681; x_wconf 86' lang='lat' dir='ltr'><strong>epicyolns</strong></span> <span class='ocrx_word' id='word_1_261' title='bbox 294 3601 346 3674; x_wconf 78' lang='lat' dir='ltr'><strong>yd,</strong></span> <span class='ocrx_word' id='word_1_262' title='bbox 370 3594 485 3656; x_wconf 88' lang='lat' dir='ltr'><strong>divisus</strong></span> <span class='ocrx_word' id='word_1_263' title='bbox 505 3592 533 3654; x_wconf 93' lang='lat' dir='ltr'><strong>in</strong></span> <span class='ocrx_word' id='word_1_264' title='bbox 549 3593 677 3655; x_wconf 89' lang='lat' dir='ltr'><strong>totidem</strong></span> <span class='ocrx_word' id='word_1_265' title='bbox 691 3612 758 3654; x_wconf 87' lang='lat' dir='ltr'><strong>cum</strong></span> <span class='ocrx_word' id='word_1_266' title='bbox 772 3594 939 3655; x_wconf 88' lang='lat' dir='ltr'><strong>eccentrico</strong></span> <span class='ocrx_word' id='word_1_267' title='bbox 957 3603 1061 3674; x_wconf 90' lang='lat' dir='ltr'><strong>partes</strong></span> <span class='ocrx_word' id='word_1_268' title='bbox 1081 3594 1209 3656; x_wconf 85' lang='lat' dir='ltr'><strong>invicem</strong></span> <span class='ocrx_word' id='word_1_269' title='bbox 1224 3594 1376 3681; x_wconf 54' lang='lat' dir='ltr'><strong>aequalq,</strong></span> 
     </span>
     <span class='ocr_line' id='line_1_36' title="bbox 119 3681 1378 3763; baseline -0.002 -13"><span class='ocrx_word' id='word_1_270' title='bbox 119 3689 186 3752; x_wconf 85' lang='lat' dir='ltr'><strong>ritio</strong></span> <span class='ocrx_word' id='word_1_271' title='bbox 211 3688 310 3757; x_wconf 84' lang='lat' dir='ltr'><strong>lacto:</strong></span> <span class='ocrx_word' id='word_1_272' title='bbox 336 3692 367 3745; x_wconf 90' lang='lat' dir='ltr'><strong>et</strong></span> <span class='ocrx_word' id='word_1_273' title='bbox 390 3683 471 3745; x_wconf 90' lang='lat' dir='ltr'><strong>linea</strong></span> <span class='ocrx_word' id='word_1_274' title='bbox 495 3684 536 3762; x_wconf 75' lang='grc' dir='ltr'><strong>γβ</strong></span> <span class='ocrx_word' id='word_1_275' title='bbox 559 3683 757 3756; x_wconf 88' lang='lat' dir='ltr'><strong>continuetur,</strong></span> <span class='ocrx_word' id='word_1_276' title='bbox 784 3692 816 3745; x_wconf 93' lang='lat' dir='ltr'><strong>ut</strong></span> <span class='ocrx_word' id='word_1_277' title='bbox 838 3685 885 3760; x_wconf 86' lang='grc' dir='ltr'><strong>βα</strong></span> <span class='ocrx_word' id='word_1_278' title='bbox 908 3692 1017 3763; x_wconf 88' lang='lat' dir='ltr'><strong>aequet</strong></span> <span class='ocrx_word' id='word_1_279' title='bbox 1039 3681 1112 3745; x_wconf 84' lang='lat' dir='ltr'><strong>BC:</strong></span> <span class='ocrx_word' id='word_1_280' title='bbox 1139 3692 1171 3744; x_wconf 92' lang='lat' dir='ltr'><strong>et</strong></span> <span class='ocrx_word' id='word_1_281' title='bbox 1191 3694 1332 3763; x_wconf 89' lang='lat' dir='ltr'><strong>punctum</strong></span> <span class='ocrx_word' id='word_1_282' title='bbox 1356 3709 1378 3748; x_wconf 87' lang='grc' dir='ltr'><strong>α</strong></span> 
     </span>
     <span class='ocr_line' id='line_1_37' title="bbox 119 3770 1376 3854; baseline -0.002 -15"><span class='ocrx_word' id='word_1_283' title='bbox 119 3784 221 3840; x_wconf 82' lang='lat' dir='ltr'><strong>statur</strong></span> <span class='ocrx_word' id='word_1_284' title='bbox 244 3793 310 3836; x_wconf 89' lang='lat' dir='ltr'><strong>cnm</strong></span> <span class='ocrx_word' id='word_1_285' title='bbox 333 3772 469 3835; x_wconf 88' lang='lat' dir='ltr'><strong>terminis</strong></span> <span class='ocrx_word' id='word_1_286' title='bbox 492 3772 621 3852; x_wconf 89' lang='lat' dir='ltr'><strong>partium</strong></span> <span class='ocrx_word' id='word_1_287' title='bbox 646 3771 773 3854; x_wconf 83' lang='lat' dir='ltr'><strong>epicycli</strong></span> <span class='ocrx_word' id='word_1_288' title='bbox 798 3772 975 3852; x_wconf 86' lang='lat' dir='ltr'><strong>aequalium,</strong></span> <span class='ocrx_word' id='word_1_289' title='bbox 1001 3771 1089 3833; x_wconf 91' lang='lat' dir='ltr'><strong>lineis</strong></span> <span class='ocrx_word' id='word_1_290' title='bbox 1105 3795 1153 3850; x_wconf 75' lang='grc' dir='ltr'><strong>γα,</strong></span> <span class='ocrx_word' id='word_1_291' title='bbox 1177 3778 1229 3847; x_wconf 79' lang='lat' dir='ltr'><strong>dc,</strong></span> <span class='ocrx_word' id='word_1_292' title='bbox 1253 3797 1303 3844; x_wconf 82' lang='lat' dir='ltr'><strong>aa,</strong></span> <span class='ocrx_word' id='word_1_293' title='bbox 1326 3770 1376 3849; x_wconf 81' lang='grc' dir='ltr'><strong>ζα,</strong></span> 
     </span>
     <span class='ocr_line' id='line_1_38' title="bbox 119 3859 1376 3943; baseline -0.002 -14"><span class='ocrx_word' id='word_1_294' title='bbox 119 3878 171 3940; x_wconf 72' lang='lat' dir='ltr'><strong>*a;</strong></span> <span class='ocrx_word' id='word_1_295' title='bbox 197 3872 342 3943; x_wconf 87' lang='lat' dir='ltr'><strong>eruntque</strong></span> <span class='ocrx_word' id='word_1_296' title='bbox 365 3862 463 3923; x_wconf 88' lang='lat' dir='ltr'><strong>lineae</strong></span> <span class='ocrx_word' id='word_1_297' title='bbox 485 3861 543 3922; x_wconf 88' lang='lat' dir='ltr'><strong>hae</strong></span> <span class='ocrx_word' id='word_1_298' title='bbox 568 3861 710 3941; x_wconf 86' lang='lat' dir='ltr'><strong>aequales</strong></span> <span class='ocrx_word' id='word_1_299' title='bbox 734 3859 837 3922; x_wconf 91' lang='lat' dir='ltr'><strong>ordine</strong></span> <span class='ocrx_word' id='word_1_300' title='bbox 863 3860 1016 3922; x_wconf 83' lang='lat' dir='ltr'><strong>distantiis</strong></span> <span class='ocrx_word' id='word_1_301' title='bbox 1039 3859 1077 3922; x_wconf 89' lang='lat' dir='ltr'><strong>ab</strong></span> <span class='ocrx_word' id='word_1_302' title='bbox 1099 3860 1128 3921; x_wconf 95' lang='lat' dir='ltr'><strong>A</strong></span> <span class='ocrx_word' id='word_1_303' title='bbox 1151 3861 1182 3922; x_wconf 93' lang='lat' dir='ltr'><strong>in</strong></span> <span class='ocrx_word' id='word_1_304' title='bbox 1209 3863 1376 3943; x_wconf 75' lang='lat' dir='ltr'><strong>eccentniqo</strong></span> 
     </span>
     <span class='ocr_line' id='line_1_39' title="bbox 119 3940 1386 4115; baseline -0.005 -96"><span class='ocrx_word' id='word_1_305' title='bbox 119 3956 208 4019; x_wconf 82' lang='lat' dir='ltr'><strong>retis:</strong></span> <span class='ocrx_word' id='word_1_306' title='bbox 235 3953 266 4013; x_wconf 93' lang='lat' dir='ltr'><strong>id</strong></span> <span class='ocrx_word' id='word_1_307' title='bbox 290 3952 368 4014; x_wconf 90' lang='lat' dir='ltr'><strong>enim</strong></span> <span class='ocrx_word' id='word_1_308' title='bbox 392 3969 482 4030; x_wconf 89' lang='lat' dir='ltr'><strong>supra</strong></span> <span class='ocrx_word' id='word_1_309' title='bbox 506 3949 604 4031; x_wconf 89' lang='lat' dir='ltr'><strong>capite</strong></span> <span class='ocrx_word' id='word_1_310' title='bbox 628 3950 758 4011; x_wconf 87' lang='lat' dir='ltr'><strong>secundo</strong></span> <span class='ocrx_word' id='word_1_311' title='bbox 783 3950 1020 4011; x_wconf 87' lang='lat' dir='ltr'><strong>demonstratum</strong></span> <span class='ocrx_word' id='word_1_312' title='bbox 1044 3957 1101 4011; x_wconf 89' lang='lat' dir='ltr'><strong>est.</strong></span> <span class='ocrx_word' id='word_1_313' title='bbox 1148 3949 1261 4013; x_wconf 87' lang='lat' dir='ltr'><strong>Centro</strong></span> <span class='ocrx_word' id='word_1_314' title='bbox 1270 3940 1386 4115; x_wconf 51' lang='lat' dir='ltr'><strong>m</strong></span> 
     </span>
     <span class='ocr_line' id='line_1_40' title="bbox 119 4035 1401 4123; baseline -0.007 -14"><span class='ocrx_word' id='word_1_315' title='bbox 119 4052 249 4109; x_wconf 83' lang='lat' dir='ltr'><strong>stemate</strong></span> <span class='ocrx_word' id='word_1_316' title='bbox 274 4046 317 4104; x_wconf 80' lang='lat' dir='ltr'><strong>dc</strong></span> <span class='ocrx_word' id='word_1_317' title='bbox 349 4039 498 4102; x_wconf 89' lang='lat' dir='ltr'><strong>scribatur</strong></span> <span class='ocrx_word' id='word_1_318' title='bbox 528 4059 614 4101; x_wconf 90' lang='lat' dir='ltr'><strong>arcus</strong></span> <span class='ocrx_word' id='word_1_319' title='bbox 647 4044 723 4112; x_wconf 73' lang='grc' dir='ltr'><strong>ὄιθ,</strong></span> <span class='ocrx_word' id='word_1_320' title='bbox 757 4057 864 4101; x_wconf 86' lang='lat' dir='ltr'><strong>secans</strong></span> <span class='ocrx_word' id='word_1_321' title='bbox 894 4038 1072 4100; x_wconf 88' lang='lat' dir='ltr'><strong>diametrum</strong></span> <span class='ocrx_word' id='word_1_322' title='bbox 1096 4035 1133 4117; x_wconf 82' lang='grc' dir='ltr'><strong>γζ</strong></span> <span class='ocrx_word' id='word_1_323' title='bbox 1159 4039 1189 4100; x_wconf 94' lang='lat' dir='ltr'><strong>in</strong></span> <span class='ocrx_word' id='word_1_324' title='bbox 1212 4061 1238 4114; x_wconf 78' lang='grc' dir='ltr'><strong>ις</strong></span> <span class='ocrx_word' id='word_1_325' title='bbox 1295 4037 1298 4043; x_wconf 86' lang='grc'><strong>’</strong></span> <span class='ocrx_word' id='word_1_326' title='bbox 1326 4112 1329 4119; x_wconf 33' lang='grc' dir='ltr'>Ι</span> <span class='ocrx_word' id='word_1_327' title='bbox 1370 4056 1401 4123; x_wconf 43' lang='grc' dir='ltr'><strong>,ξ</strong></span> 
     </span>
     <span class='ocr_line' id='line_1_41' title="bbox 119 4122 1401 4219; baseline -0.005 -23"><span class='ocrx_word' id='word_1_328' title='bbox 119 4142 224 4197; x_wconf 89' lang='lat' dir='ltr'><strong>centro</strong></span> <span class='ocrx_word' id='word_1_329' title='bbox 248 4155 268 4193; x_wconf 92' lang='grc' dir='ltr'><strong>α</strong></span> <span class='ocrx_word' id='word_1_330' title='bbox 292 4129 471 4191; x_wconf 86' lang='lat' dir='ltr'><strong>diastemate</strong></span> <span class='ocrx_word' id='word_1_331' title='bbox 495 4127 707 4190; x_wconf 78' lang='lat' dir='ltr'><strong>asscribatur</strong></span> <span class='ocrx_word' id='word_1_332' title='bbox 737 4146 825 4188; x_wconf 89' lang='lat' dir='ltr'><strong>arcus</strong></span> <span class='ocrx_word' id='word_1_333' title='bbox 849 4131 917 4204; x_wconf 77' lang='lat' dir='ltr'><strong>atq,</strong></span> <span class='ocrx_word' id='word_1_334' title='bbox 950 4147 1058 4189; x_wconf 86' lang='lat' dir='ltr'><strong>secans</strong></span> <span class='ocrx_word' id='word_1_335' title='bbox 1089 4128 1266 4190; x_wconf 89' lang='lat' dir='ltr'><strong>diametrum</strong></span> <span class='ocrx_word' id='word_1_336' title='bbox 1286 4122 1401 4219; x_wconf 55' lang='grc' dir='ltr'><strong>χ’ζχξιιιῦ</strong></span> 
     </span>
     <span class='ocr_line' id='line_1_42' title="bbox 119 4204 1375 4302; baseline -0.006 -15"><span class='ocrx_word' id='word_1_337' title='bbox 119 4226 333 4286; x_wconf 82' lang='lat' dir='ltr'><strong>connectantur</strong></span> <span class='ocrx_word' id='word_1_338' title='bbox 356 4218 477 4281; x_wconf 89' lang='lat' dir='ltr'><strong>termini</strong></span> <span class='ocrx_word' id='word_1_339' title='bbox 499 4217 630 4298; x_wconf 90' lang='lat' dir='ltr'><strong>partium</strong></span> <span class='ocrx_word' id='word_1_340' title='bbox 647 4215 812 4297; x_wconf 86' lang='lat' dir='ltr'><strong>aequaliter</strong></span> <span class='ocrx_word' id='word_1_341' title='bbox 836 4217 1014 4279; x_wconf 88' lang='lat' dir='ltr'><strong>distantium</strong></span> <span class='ocrx_word' id='word_1_342' title='bbox 1032 4237 1083 4296; x_wconf 82' lang='lat' dir='ltr'><strong>ay</strong></span> <span class='ocrx_word' id='word_1_343' title='bbox 1107 4217 1226 4298; x_wconf 91' lang='lat' dir='ltr'><strong>aphelio</strong></span> <span class='ocrx_word' id='word_1_344' title='bbox 1250 4204 1375 4302; x_wconf 77' lang='lat' dir='ltr'><strong>epicy&#39;nli</strong></span> 
     </span>
     <span class='ocr_line' id='line_1_43' title="bbox 134 4304 1376 4390; baseline -0.004 -16"><span class='ocrx_word' id='word_1_345' title='bbox 134 4316 193 4386; x_wconf 72' lang='lat' dir='ltr'><strong>dd,</strong></span> <span class='ocrx_word' id='word_1_346' title='bbox 217 4333 264 4387; x_wconf 82' lang='lat' dir='ltr'><strong>aq,</strong></span> <span class='ocrx_word' id='word_1_347' title='bbox 288 4329 364 4390; x_wconf 90' lang='lat' dir='ltr'><strong>quae</strong></span> <span class='ocrx_word' id='word_1_348' title='bbox 388 4304 492 4369; x_wconf 73' lang='lat' dir='ltr'><strong>siccut</strong></span> <span class='ocrx_word' id='word_1_349' title='bbox 514 4307 638 4369; x_wconf 86' lang='lat' dir='ltr'><strong>eandem</strong></span> <span class='ocrx_word' id='word_1_350' title='bbox 662 4304 841 4367; x_wconf 86' lang='lat' dir='ltr'><strong>diametrum</strong></span> <span class='ocrx_word' id='word_1_351' title='bbox 864 4307 894 4367; x_wconf 93' lang='lat' dir='ltr'><strong>in</strong></span> <span class='ocrx_word' id='word_1_352' title='bbox 918 4331 943 4381; x_wconf 78' lang='lat' dir='ltr'><strong>a,</strong></span> <span class='ocrx_word' id='word_1_353' title='bbox 962 4331 984 4382; x_wconf 89' lang='grc' dir='ltr'>μ</span> <span class='ocrx_word' id='word_1_354' title='bbox 1007 4305 1113 4384; x_wconf 88' lang='lat' dir='ltr'><strong>signis,</strong></span> <span class='ocrx_word' id='word_1_355' title='bbox 1137 4306 1181 4368; x_wconf 92' lang='lat' dir='ltr'><strong>sic</strong></span> <span class='ocrx_word' id='word_1_356' title='bbox 1204 4314 1238 4368; x_wconf 90' lang='lat' dir='ltr'><strong>ut</strong></span> <span class='ocrx_word' id='word_1_357' title='bbox 1260 4316 1303 4371; x_wconf 83' lang='lat' dir='ltr'><strong>ad</strong></span> <span class='ocrx_word' id='word_1_358' title='bbox 1326 4309 1376 4371; x_wconf 88' lang='lat' dir='ltr'><strong>vel</strong></span> 
     </span>
     <span class='ocr_line' id='line_1_44' title="bbox 119 4389 1096 4480; baseline -0.005 -19"><span class='ocrx_word' id='word_1_359' title='bbox 119 4399 264 4480; x_wconf 72' lang='lat' dir='ltr'><strong>;longior</strong></span> <span class='ocrx_word' id='word_1_360' title='bbox 287 4417 376 4480; x_wconf 86' lang='lat' dir='ltr'><strong>quarn</strong></span> <span class='ocrx_word' id='word_1_361' title='bbox 399 4420 450 4469; x_wconf 86' lang='grc' dir='ltr'><strong>ακ,</strong></span> <span class='ocrx_word' id='word_1_362' title='bbox 475 4404 506 4458; x_wconf 88' lang='lat' dir='ltr'><strong>et</strong></span> <span class='ocrx_word' id='word_1_363' title='bbox 528 4419 568 4458; x_wconf 83' lang='lat' dir='ltr'><strong>ca</strong></span> <span class='ocrx_word' id='word_1_364' title='bbox 592 4394 639 4455; x_wconf 88' lang='lat' dir='ltr'><strong>vel</strong></span> <span class='ocrx_word' id='word_1_365' title='bbox 663 4398 705 4456; x_wconf 83' lang='grc' dir='ltr'><strong>αλ</strong></span> <span class='ocrx_word' id='word_1_366' title='bbox 728 4394 846 4474; x_wconf 86' lang='lat' dir='ltr'><strong>longior</strong></span> <span class='ocrx_word' id='word_1_367' title='bbox 869 4415 957 4476; x_wconf 91' lang='lat' dir='ltr'><strong>qnam</strong></span> <span class='ocrx_word' id='word_1_368' title='bbox 980 4420 1037 4470; x_wconf 89' lang='grc' dir='ltr'><strong>αμ.</strong></span> <span class='ocrx_word' id='word_1_369' title='bbox 1052 4389 1096 4468; x_wconf 82' lang='lat'><strong>⁸¹)</strong></span> 
     </span>
     <span class='ocr_line' id='line_1_45' title="bbox 119 4482 1376 4567; baseline -0.001 -14"><span class='ocrx_word' id='word_1_370' title='bbox 119 4488 234 4563; x_wconf 59' lang='lat' dir='ltr'><strong>Quodsi</strong></span> <span class='ocrx_word' id='word_1_371' title='bbox 256 4486 400 4567; x_wconf 92' lang='lat' dir='ltr'><strong>possibile</strong></span> <span class='ocrx_word' id='word_1_372' title='bbox 425 4493 515 4560; x_wconf 88' lang='lat' dir='ltr'><strong>esset,</strong></span> <span class='ocrx_word' id='word_1_373' title='bbox 539 4485 692 4566; x_wconf 88' lang='lat' dir='ltr'><strong>planetam</strong></span> <span class='ocrx_word' id='word_1_374' title='bbox 716 4482 759 4544; x_wconf 89' lang='lat' dir='ltr'><strong>ire</strong></span> <span class='ocrx_word' id='word_1_375' title='bbox 782 4485 947 4563; x_wconf 82' lang='lat' dir='ltr'><strong>perlectum</strong></span> <span class='ocrx_word' id='word_1_376' title='bbox 970 4485 1135 4566; x_wconf 89' lang='lat' dir='ltr'><strong>eplcyolnm</strong></span> <span class='ocrx_word' id='word_1_377' title='bbox 1159 4485 1189 4547; x_wconf 85' lang='lat' dir='ltr'><strong>vi</strong></span> <span class='ocrx_word' id='word_1_378' title='bbox 1211 4487 1326 4563; x_wconf 81' lang='lat' dir='ltr'><strong>insita,=</strong></span> <span class='ocrx_word' id='word_1_379' title='bbox 1345 4496 1376 4552; x_wconf 88' lang='lat' dir='ltr'><strong>at</strong></span> 
     </span>
     <span class='ocr_line' id='line_1_46' title="bbox 133 4572 1374 4658; baseline -0.003 -15"><span class='ocrx_word' id='word_1_380' title='bbox 133 4578 268 4643; x_wconf 89' lang='lat' dir='ltr'><strong>orbitam</strong></span> <span class='ocrx_word' id='word_1_381' title='bbox 291 4577 355 4657; x_wconf 89' lang='lat' dir='ltr'><strong>ejus</strong></span> <span class='ocrx_word' id='word_1_382' title='bbox 379 4594 447 4637; x_wconf 90' lang='lat' dir='ltr'><strong>esse</strong></span> <span class='ocrx_word' id='word_1_383' title='bbox 470 4575 639 4655; x_wconf 83' lang='lat' dir='ltr'><strong>perfectum</strong></span> <span class='ocrx_word' id='word_1_384' title='bbox 661 4572 817 4647; x_wconf 87' lang='lat' dir='ltr'><strong>circulum,</strong></span> <span class='ocrx_word' id='word_1_385' title='bbox 851 4581 921 4635; x_wconf 92' lang='lat' dir='ltr'><strong>tunc</strong></span> <span class='ocrx_word' id='word_1_386' title='bbox 945 4573 1057 4635; x_wconf 87' lang='lat' dir='ltr'><strong>similes</strong></span> <span class='ocrx_word' id='word_1_387' title='bbox 1081 4593 1169 4636; x_wconf 87' lang='lat' dir='ltr'><strong>arcus</strong></span> <span class='ocrx_word' id='word_1_388' title='bbox 1192 4575 1280 4638; x_wconf 90' lang='lat' dir='ltr'><strong>simul</strong></span> <span class='ocrx_word' id='word_1_389' title='bbox 1301 4595 1374 4658; x_wconf 91' lang='lat' dir='ltr'><strong>per-</strong></span> 
     </span>
     <span class='ocr_line' id='line_1_47' title="bbox 119 4660 1374 4751; baseline -0.002 -20"><span class='ocrx_word' id='word_1_390' title='bbox 119 4665 247 4751; x_wconf 78' lang='lat' dir='ltr'><strong>·gitandi</strong></span> <span class='ocrx_word' id='word_1_391' title='bbox 269 4671 382 4740; x_wconf 88' lang='lat' dir='ltr'><strong>essent,</strong></span> <span class='ocrx_word' id='word_1_392' title='bbox 408 4684 474 4727; x_wconf 89' lang='lat' dir='ltr'><strong>cnm</strong></span> <span class='ocrx_word' id='word_1_393' title='bbox 498 4664 528 4725; x_wconf 94' lang='lat' dir='ltr'><strong>in</strong></span> <span class='ocrx_word' id='word_1_394' title='bbox 541 4660 707 4747; x_wconf 82' lang='lat' dir='ltr'><strong>eccentrico</strong></span> <span class='ocrx_word' id='word_1_395' title='bbox 731 4670 794 4723; x_wconf 90' lang='lat' dir='ltr'><strong>tum</strong></span> <span class='ocrx_word' id='word_1_396' title='bbox 818 4662 848 4724; x_wconf 92' lang='lat' dir='ltr'><strong>in</strong></span> <span class='ocrx_word' id='word_1_397' title='bbox 872 4663 1016 4744; x_wconf 89' lang='lat' dir='ltr'><strong>epicyclo.</strong></span> <span class='ocrx_word' id='word_1_398' title='bbox 1054 4663 1161 4743; x_wconf 90' lang='lat' dir='ltr'><strong>Itaque</strong></span> <span class='ocrx_word' id='word_1_399' title='bbox 1181 4663 1247 4744; x_wconf 86' lang='lat' dir='ltr'><strong>jam</strong></span> <span class='ocrx_word' id='word_1_400' title='bbox 1269 4666 1374 4729; x_wconf 89' lang='lat' dir='ltr'><strong>statim</strong></span> 
     </span>
     <span class='ocr_line' id='line_1_48' title="bbox 119 4749 1373 4836; baseline -0.005 -12"><span class='ocrx_word' id='word_1_401' title='bbox 119 4765 217 4833; x_wconf 73' lang='lat' dir='ltr'><strong>reret,</strong></span> <span class='ocrx_word' id='word_1_402' title='bbox 251 4754 356 4836; x_wconf 89' lang='lat' dir='ltr'><strong>quibus</strong></span> <span class='ocrx_word' id='word_1_403' title='bbox 387 4753 511 4827; x_wconf 88' lang='lat' dir='ltr'><strong>mediis,</strong></span> <span class='ocrx_word' id='word_1_404' title='bbox 552 4770 611 4834; x_wconf 88' lang='lat' dir='ltr'><strong>qna</strong></span> <span class='ocrx_word' id='word_1_405' title='bbox 646 4769 786 4812; x_wconf 88' lang='lat' dir='ltr'><strong>mensura</strong></span> <span class='ocrx_word' id='word_1_406' title='bbox 821 4751 987 4813; x_wconf 88' lang='lat' dir='ltr'><strong>efficeretur</strong></span> <span class='ocrx_word' id='word_1_407' title='bbox 1017 4749 1164 4813; x_wconf 81' lang='lat' dir='ltr'><strong>distantia</strong></span> <span class='ocrx_word' id='word_1_408' title='bbox 1193 4777 1228 4815; x_wconf 74' lang='grc' dir='ltr'><strong>αι</strong></span> <span class='ocrx_word' id='word_1_409' title='bbox 1259 4774 1373 4835; x_wconf 90' lang='lat' dir='ltr'><strong>aequa-</strong></span> 
     </span>
     <span class='ocr_line' id='line_1_49' title="bbox 119 4838 1372 4923; baseline -0.006 -9"><span class='ocrx_word' id='word_1_410' title='bbox 119 4848 141 4914; x_wconf 79' lang='lat' dir='ltr'><strong>si</strong></span> <span class='ocrx_word' id='word_1_411' title='bbox 167 4843 246 4910; x_wconf 90' lang='lat' dir='ltr'><strong>AD.</strong></span> <span class='ocrx_word' id='word_1_412' title='bbox 291 4843 371 4909; x_wconf 88' lang='lat' dir='ltr'><strong>Nam</strong></span> <span class='ocrx_word' id='word_1_413' title='bbox 395 4842 465 4923; x_wconf 86' lang='lat' dir='ltr'><strong>qnia</strong></span> <span class='ocrx_word' id='word_1_414' title='bbox 486 4865 534 4917; x_wconf 80' lang='grc' dir='ltr'><strong>αι,</strong></span> <span class='ocrx_word' id='word_1_415' title='bbox 558 4843 608 4904; x_wconf 74' lang='grc' dir='ltr'><strong>αθ</strong></span> <span class='ocrx_word' id='word_1_416' title='bbox 630 4839 785 4921; x_wconf 84' lang='lat' dir='ltr'><strong>aequales,</strong></span> <span class='ocrx_word' id='word_1_417' title='bbox 809 4840 933 4921; x_wconf 86' lang='lat' dir='ltr'><strong>planeta</strong></span> <span class='ocrx_word' id='word_1_418' title='bbox 955 4859 992 4902; x_wconf 83' lang='lat' dir='ltr'><strong>ex</strong></span> <span class='ocrx_word' id='word_1_419' title='bbox 1013 4861 1028 4919; x_wconf 78' lang='lat' dir='ltr'><em>y</em></span> <span class='ocrx_word' id='word_1_420' title='bbox 1050 4838 1080 4902; x_wconf 91' lang='lat' dir='ltr'><strong>in</strong></span> <span class='ocrx_word' id='word_1_421' title='bbox 1102 4843 1128 4902; x_wconf 78' lang='grc' dir='ltr'><strong>θ</strong></span> <span class='ocrx_word' id='word_1_422' title='bbox 1150 4839 1229 4919; x_wconf 86' lang='lat' dir='ltr'><strong>iens,</strong></span> <span class='ocrx_word' id='word_1_423' title='bbox 1253 4841 1372 4907; x_wconf 83' lang='lat' dir='ltr'><strong>distan-</strong></span> 
     </span>
    </p>
   </div>
   <div class='ocr_carea' id='block_1_4' title="bbox 0 0 1644 5550">
    <p class='ocr_par' dir='ltr' id='par_1_4' title="bbox 0 0 1644 5550">
     <span class='ocr_line' id='line_1_50' title="bbox 0 0 1644 5550; baseline 0 0"><span class='ocrx_word' id='word_1_424' title='bbox 0 0 1644 5550; x_wconf 95' lang='lat' dir='ltr'><strong> </strong></span> 
     </span>
    </p>
   </div>
  </div>
 </body>
</html>
