3278 5550
542 308 604 363 Pan
622 310 727 375 Qum.
764 310 846 377 capus
864 308 951 365 xm.
1104 317 1108 323 ’
1359 306 1423 383 359

156 485 286 551 Planeta
309 489 390 552 circa
413 487 535 569 apsidas
559 489 591 550 fit
614 488 728 551 tardior
749 490 846 570 justo,
871 490 951 554 circa
974 489 1089 552 medias
1112 491 1314 573 longitudines
1336 496 1423 558 velc-

113 595 135 638 nr
151 576 243 657 justo.

157 666 265 741 Dices,
299 668 441 748 prolicere
473 632 528 727 nos
552 666 580 726 in
612 666 715 747 pejus,
750 687 815 729 cum
839 687 904 749 cap.
929 668 1074 732 XLVIII.
1108 669 1231 749 propius
1264 671 1424 734 veritatem

113 757 239 819 serimus
263 775 330 818 cum
354 757 468 820 effectu.
517 755 610 837 Atqui
635 775 651 816 o
676 758 768 831 boue,
804 757 830 818 si
855 759 890 819 de
915 758 1023 819 effectu
1047 759 1195 821 sollicitus
1219 779 1336 833 essem,
1367 782 1422 843 po-

113 862 166 908 ram
189 854 256 908 toto
280 845 337 907 hoc
361 846 463 907 labore
487 845 693 924 supersedere,
718 853 875 908 contentus
899 846 1058 928 hypothesi
1082 848 1203 909 vicaria.
1251 847 1335 912 Scito
1360 851 1421 912 ita-

113 954 138 1010 e,
160 935 238 1016 quod
263 935 293 996 hi
317 954 431 997 errores
454 933 504 994 via
528 934 613 995 nobis
638 935 728 996 futuri
750 935 812 997 siut
828 937 866 997 ad
886 936 1055 998 veritatem.
1093 937 1215 1000 Interim
1235 938 1290 1000 hoc
1310 946 1425 1002 certum

113 1023 157 1086 bis
180 1033 257 1098 esto,
282 1042 335 1086 nos
360 1025 480 1086 tandem
505 1023 664 1102 aliquando
689 1024 830 1106 physicas
854 1044 970 1099 causas,
995 1045 1071 1105 quaa
1095 1025 1181 1087 nobis
1204 1035 1276 1088 sunt
1298 1028 1327 1089 in
1347 1047 1421 1109 sup-

113 1112 171 1176 aito
201 1132 269 1194 cap.
293 1114 399 1188 XLV,
434 1113 512 1173 citra
543 1131 673 1174 errorem
704 1132 820 1175 omnem
845 1115 882 1174 ad
907 1115 1039 1175 calculos
1064 1135 1197 1177 vocasse.
1246 1115 1341 1179 Simul
1365 1137 1421 1179 au-

113 1220 136 1264 m
165 1204 357 1265 confirmatur
386 1211 417 1262 et
446 1202 580 1280 superior
610 1221 676 1280 cap.
701 1202 832 1265 XLVII.
869 1204 1018 1277 calculus,
1054 1204 1099 1266 cui
1129 1205 1188 1266 iste
1222 1206 1424 1287 aequipollet:

113 1302 245 1375 utumque
279 1300 343 1365 est,
375 1310 450 1371 quae
481 1291 543 1353 illic
579 1299 612 1351 ut
643 1290 849 1371 dyrupsrpqca
879 1301 1023 1372 suspecta
1045 1293 1217 1370 habuimus,
1241 1294 1315 1357 nihil
1340 1294 1427 1358 nobis

113 1381 213 1444 usibile
238 1380 484 1443 incommodasse.
532 1382 657 1460 Itaque,
690 1381 715 1441 si
740 1382 809 1462 quid
833 1391 973 1463 superest
996 1381 1217 1461 discrepantiae
1240 1382 1345 1446 harum
1368 1404 1425 1446 ao-

113 1470 248 1535 alitatum
272 1491 290 1533 a
314 1472 452 1544 veritate,
477 1470 507 1531 id
530 1489 588 1531 non
612 1470 753 1532 methodo
778 1472 951 1531 numerandi
978 1469 1181 1547 tribuendum,
1211 1474 1265 1535 sed
1294 1472 1427 1553 opinIoni

113 1580 138 1642 p.
160 1560 270 1636 XLV,
307 1561 384 1622 unde
417 1560 512 1621 fluunt
534 1558 564 1618 hi
588 1560 719 1621 numeri:
744 1578 801 1620 non
826 1560 905 1640 quod
928 1560 1032 1622 statim
1055 1561 1154 1642 opinio
1177 1560 1245 1641 ipsa
1263 1570 1330 1624 tota
1348 1562 1428 1624 falsa

113 1652 200 1724 ,aed
225 1650 303 1729 quod
326 1648 446 1711 nimium
470 1649 610 1710 fuerImus
634 1648 823 1728 praecipites,
849 1649 897 1729 qui
913 1668 970 1711 nou
988 1659 1166 1729 exspectata
1180 1652 1426 1714 observationum

113 1740 224 1802 cisione
247 1740 393 1819 plenaria,
416 1737 520 1801 statim
543 1746 632 1816 atque
655 1736 873 1811 intelleximus,
898 1739 956 1800 iter
978 1739 1121 1818 planetae
1146 1741 1232 1802 ovale
1256 1760 1334 1815 esse,
1358 1758 1426 1803 ccr-

113 1848 134 1891 m
161 1829 259 1891 uvalis
288 1828 489 1908 quantitatem
513 1829 649 1908 (propter
679 1828 773 1887 solam
797 1845 953 1889 causarum
977 1828 1170 1909 physicarum
1192 1829 1426 1892 concinnitatem

130 1918 300 1999 gratiosam
327 1918 409 1979 illam
438 1916 682 1997 aequabilitatem
705 1924 803 1978 motus
828 1917 1001 1999 epicyclici,
1037 1918 1115 1981 falso
1138 1926 1240 1982 tamen
1264 1919 1425 1994 creditam)

113 2026 264 2071 nurmus.

133 2027 320 2168 pQuomodo
345 2102 444 2156 antem
467 2094 625 2157 verissIma
648 2093 774 2174 denique
798 2096 950 2156 sententia
973 2095 1015 2157 sit
1037 2097 1076 2157 ad
1099 2096 1231 2159 calculos
1248 2098 1426 2172 revocanda,

139 2207 207 2250 cum
244 2187 327 2247 hisce
363 2183 512 2263 capitibus
546 2183 761 2245 conformanda
798 2202 886 2264 quam
918 2185 1068 2264 proxime,
1120 2204 1174 2246 suo
1209 2187 1274 2247 loco
1312 2186 1428 2249 dicetur

113 2280 426 2353 quammulti.
447 2278 510 2344 Lx).
556 2270 625 2334 Iam
655 2281 810 2352 pertexam
843 2273 1071 2353 explicationem
1094 2273 1272 2356 reliquorum
1295 2294 1427 2338 meorum

113 2374 243 2456 natuum.

660 2557 842 2570 ψ

656 2739 775 2840 Caput
805 2735 847 2812 L.

185 2904 244 2968 De
268 2899 344 2962 aliie
364 2917 422 2961 aem
443 2897 548 2962 modia
570 2901 772 2982 aequationes
793 2899 958 2962 eccentricr'
980 2898 1164 2962 caemeterii
1186 2899 1320 2963 tentatis.

161 3024 211 3086 Ex
235 3024 292 3086 hac
318 3025 427 3086 tritura
451 3023 624 3102 quantulum
649 3023 789 3085 frumenti
813 3041 952 3084 acervum
975 3021 1169 3102 collegimus?
1204 3024 1250 3085 At
1264 3024 1331 3087 vide
1348 3044 1425 3087 nunc

113 3135 165 3178 am
187 3116 340 3194 ingentem
365 3112 538 3192 siliquarum
562 3113 718 3175 cumulum.
763 3111 937 3174 Debuerunt
960 3112 1022 3173 ista
1045 3113 1150 3175 referri
1173 3112 1228 3175 sub
1250 3112 1425 3194 prinprium

113 3224 137 3287 p.
163 3202 312 3277 XLVIII,
338 3221 372 3264 eo
398 3203 485 3282 quod,
511 3211 672 3282 antequam
689 3220 775 3263 arcus
792 3201 859 3263 viae
874 3201 971 3262 ovalis
986 3201 1207 3283 investigarem,
1232 3201 1293 3264 ista
1307 3211 1425 3266 tracta·

113 3294 175 3359 rim
224 3291 286 3354 Sed
316 3291 412 3354 lubuit
441 3311 596 3355 secernere
627 3290 701 3354 lucis
731 3309 831 3354 causa.
879 3287 958 3362 Quin
982 3290 1074 3354 etiam
1099 3291 1185 3354 utilia
1207 3291 1309 3372 aliqua
1330 3311 1426 3373 grana

113 3383 223 3448 'enturi
247 3401 357 3444 sumus.

278 3507 391 3569 Primi
425 3514 461 3567 et
491 3504 643 3566 secundi
678 3504 771 3565 modi
801 3523 1001 3584 processus
1034 3503 1106 3566 suit
1137 3505 1220 3567 iste.

159 3614 263 3678 Primo
286 3613 511 3676 eccentricitate
527 3607 624 3685 9165,
649 3618 792 3691 quaeest
813 3611 903 3691 paulo
927 3611 1022 3673 minor
1041 3612 1135 3690 justo,
1159 3610 1295 3693 quaesivi
1319 3629 1423 3674 omnes

113 3705 238 3769 sancias
272 3704 434 3765 secundum
468 3700 634 3762 doctrinam
664 3718 729 3779 cap.
763 3698 887 3774 XXIX,
919 3719 994 3780 quae
1026 3700 1251 3781 respondebant
1281 3700 1425 3780 gradibus

113 3794 201 3875 egris
225 3793 405 3867 anomaliae,
430 3788 661 3852 intermediam
684 3796 715 3850 et
738 3808 807 3850 vere
832 3797 1028 3869 coaequatam
1052 3789 1149 3852 medio
1164 3790 1231 3852 loco
1255 3789 1423 3853 versantis:

113 3904 161 3947 nm
185 3883 245 3944 etsi
268 3881 416 3944 interdum
441 3887 636 3960 coaequatam
660 3877 796 3960 appello,
820 3877 1021 3940 conditionem
1043 3886 1143 3942 tamen
1167 3881 1256 3954 addo,
1280 3879 1359 3960 quod
1383 3879 1424 3940 sit

113 3982 192 4038 itum
216 3972 370 4034 distantiis
404 3969 576 4031 destinata:
611 3969 711 4048 itaque
745 3963 1010 4042 distantiariaro*)
1035 3969 1163 4050 appello.
1211 3970 1247 4030 In
1270 3969 1423 4031 schemate

113 4082 170 4126 aro
186 4081 252 4142 cap.
261 4061 378 4124 XLVI.
401 4064 469 4129 (99.)
489 4066 537 4120 est
550 4058 677 4138 angulus
687 4057 784 4133 FAB;
800 4057 830 4119 in
846 4057 997 4120 schemate
1014 4059 1149 4139 sequenti
1165 4058 1258 4123 cal).
1284 4057 1424 4120 Secundo

113 4151 211 4215 aesivi
241 4150 348 4213 tertias
380 4147 621 4229 proportionales
654 4146 765 4220 lineas,
798 4165 872 4226 quae
897 4147 940 4207 sic
970 4154 1073 4208 essent
1100 4147 1251 4228 quaelibet
1272 4147 1313 4208 ad
1336 4166 1421 4227 suam

113 4241 260 4314 stantiam,
285 4248 318 4301 ut
340 4240 414 4300 hacc
438 4236 585 4299 distantia
608 4236 646 4298 ad
669 4234 786 4297 radium
812 4231 951 4298 100000.
998 4235 1102 4297 Tertio
1127 4243 1159 4297 et
1189 4243 1295 4317 quarto
1318 4235 1422 4297 addidi

113 4350 171 4393 reas
196 4329 335 4390 inventas
367 4326 538 4407 sigillatim,
572 4325 685 4405 fuitque
719 4344 833 4386 summa
862 4324 1075 4387 distantiarum
1098 4321 1291 4400 35024252,
1324 4325 1423 4386 minus

113 4439 162 4482 am
185 4415 378 4490 30000000;
403 4434 525 4477 causam
547 4414 641 4475 habes
665 4413 764 4494 capite
786 4413 854 4475 XL.
901 4412 1025 4475 Summa
1054 4433 1125 4477 vero
1154 4414 1423 4495 proportionalium

113 4516 198 4571 senta
221 4514 269 4568 est
292 4501 476 4579 36000000,
501 4504 580 4584 quod
603 4503 709 4565 mirum
732 4521 779 4564 me
801 4502 903 4564 habet.
949 4501 992 4562 Et
1013 4502 1083 4583 quia
1107 4503 1256 4578 delectat,
1279 4503 1366 4584 cupio
1389 4508 1424 4563 ut

113 4598 200 4662 cita
221 4614 345 4659 necesse
370 4614 438 4656 esse
471 4600 626 4673 geometra
657 4591 807 4673 quispiam
840 4591 1037 4655 demonstret.
1085 4589 1207 4657 Centris
1228 4592 1270 4670 A,
1293 4592 1320 4655 B
1344 4591 1421 4654 scri·

159 4791 189 4865 ⁸)
208 4793 272 4848 Etsi
287 4792 469 4864 quantitatem
483 4791 590 4845 obtinet
603 4791 719 4844 mediam
732 4788 804 4844 inter
817 4789 949 4861 requuas‚
964 4805 1033 4845 care
1046 4796 1141 4846 tamen
1154 4790 1269 4847 mediam
1286 4787 1419 4861 appeller.

113 4877 165 4935 dis
184 4874 257 4933 euim
276 4873 388 4944 proprie
409 4880 453 4928 ert
472 4888 571 4931 nomen
590 4869 728 4941 temporis.
