3278 5550
456 288 487 347 de
503 286 693 347 moeris
712 288 744 345 de
760 300 829 346 motu
847 295 935 348 steiise
952 294 1049 349 limes.
1359 298 1428 370 m

91 476 329 549 nmonomomm,
353 474 401 555 qni
424 491 499 534 voce
523 469 649 533 media
673 480 886 551 expresserunt
909 472 1096 538 Graecorum
1120 472 1225 554 dacin.
1254 476 1356 560 ago,
1388 481 1429 544 mi

91 559 204 638 isbrici,
229 564 255 625 si
280 563 496 626 astronomiam
515 562 552 623 de
572 576 649 621 novo
673 561 832 636 traderem,
858 563 902 624 sic
917 574 952 625 ut
974 565 1046 627 mihi
1069 584 1127 627 noo
1152 576 1236 629 esset
1259 584 1333 647 opus
1348 569 1429 651 loqni

91 666 139 710 um
161 651 307 735 antiquis,
332 661 434 714 uterer
457 648 581 712 vocibus
606 647 683 711 aliis.
730 649 871 712 Dicerem
894 672 1022 727 moram,
1048 672 1162 730 arcum,
1187 659 1344 734 minoium,
1368 660 1429 722 cir·

91 737 185 814 rium:
209 760 298 804 arcus
321 741 447 821 eiliptici
471 758 588 811 nomen,
613 757 714 799 morae
737 757 915 812 mensnram,
940 741 1040 804 circuli
1066 762 1177 806 aream.

156 827 336 881 Fabricius
353 831 379 880 iu
397 829 475 880 literis
493 827 517 878 d.
539 822 580 876 id.
600 822 669 887 (²³.)
687 828 745 890 Apr.
768 823 845 876 1³07.
864 830 928 879 redit
946 830 979 880 sd
996 832 1154 895 quseetiones
1172 833 1264 896 priores
1283 833 1315 883 de
1333 835 1428 891 ..tribus

91 897 239 953 ndent-
256 900 346 953 llsrtis
364 901 397 951 sd
415 901 628 951 eceentricitstem
646 898 709 947 orbis
723 900 799 948 annul
812 899 1011 964 inqmrendsm‘·
1030 902 1120 953 deinde
1133 903 1241 969 pluribus
1254 906 1331 957 reiert
1342 907 1430 957 dubites

91 970 333 1024 tsbserrstisuibus
350 971 525 1035 Tyobouisms,
544 969 720 1020 rsbsetionum
738 971 786 1019 rim
804 972 908 1022 in‘iocis
927 972 1032 1023 Veneris
1050 981 1077 1025 et
1088 972 1152 1025 Solis
1171 975 1308 1039 sKeplero
1326 978 1427 1028 demon·

91 1047 172 1092 num
200 1045 318 1109 cupiens,
344 1043 528 1109 qnsestimibus
556 1039 700 1091 omnimodis
726 1055 794 1090 more
822 1051 939 1093 consueto
965 1045 1075 1108 repetitis
1099 1046 1134 1095 sic
1153 1046 1292 1097 concludit:
1320 1049 1385 1099 Vale
1403 1057 1430 1099 et

91 1112 174 1165 subs
191 1129 270 1180 quem
287 1115 411 1166 ddsdme.
443 1113 484 1164 De
502 1119 571 1162 statu
586 1110 735 1176 Tengueglil
753 1118 780 1162 et
792 1111 910 1163 Erleksen
928 1114 1000 1165 valde
1019 1116 1136 1167 sollicitus
1155 1132 1217 1168 suun
1248 1117 1320 1168 llaec
1338 1121 1428 1183 raptim

91 1187 347 1252 tnrptlnmlpm
365 1186 436 1250 plura
458 1181 1075 1248 etsolidiorsdetuishypoibesibnsetessum
1094 1189 1384 1240 nemineamiseto
1403 1193 1428 1240 ia

154 1328 197 1379 Ad
225 1328 290 1387 bsee
317 1342 374 1381 mm
390 1327 514 1392 Keplerus
541 1341 591 1377 nou
616 1326 701 1375 mem
723 1327 897 1390 responderet.
924 1329 965 1385 die
985 1329 1013 1379 1.
1033 1326 1187 1391 (1¹.)de
1208 1329 1283 1380 teor.
1302 1331 1428 1382 Fabricius

90 1397 137 1451 h
155 1398 223 1451 adiit
239 1399 306 1451 bunc
324 1401 350 1451 iu
368 1399 480 1450 modum:
502 1397 718 1449 Praestantissimo
736 1403 762 1447 et
780 1394 954 1449 candidissime
971 1399 1029 1459 Vir.
1056 1403 1137 1453 amice
1155 1401 1334 1453 colendissimo.
1370 1400 1428 1453 lsm

90 1468 155 1521 ted
172 1477 201 1521 te
220 1471 277 1521 mlsl
295 1478 347 1521 toto
365 1476 477 1521 restem
495 1483 563 1520 suno
580 1467 674 1524 literu,
691 1475 721 1517 ut
738 1482 853 1519 numerus
872 1469 998 1521 exciderit
1029 1470 1092 1521 cnm
1109 1473 1184 1539 igitur
1204 1473 1265 1523 ulbii
1283 1475 1425 1538 reciperem.

90 1540 135 1606 πῇ
149 1541 247 1592 dudum
265 1542 407 1607 desperare,
423 1556 475 1591 nea
487 1541 586 1606 quidem
603 1539 635 1589 de
652 1545 697 1588 tus
709 1542 791 1589 amics
802 1541 983 1601 benevolentis,
999 1543 1044 1593 sed
1056 1544 1088 1594 de
1100 1544 1200 1594 loreum
1210 1545 1292 1595 muns
1302 1557 1427 1610 prospers.

90 1613 144 1663 dt
160 1628 233 1665 nune
250 1613 285 1664 sd
301 1629 342 1665 me
363 1612 396 1663 D.
410 1611 589 1668 ouantem.
608 1613 744 1660 eommunis
762 1612 898 1662 studiorum
915 1620 1052 1664 nemorum
1070 1622 1196 1678 patronus.
1210 1624 1250 1667 ,et
1267 1617 1386 1671 nunciet.
1404 1618 1429 1666 si

90 1682 122 1734 rid
138 1682 255 1750 Prsgsur
272 1685 379 1736 seribere
397 1684 478 1739 eadm,
495 1697 618 1748 parerem·
656 1679 739 1741 Quare
757 1698 797 1733 me
816 1684 897 1735 denuo
916 1687 1020 1751 scdugo
1038 1687 1071 1737 sd
1088 1688 1232 1737 scribendus
1250 1688 1336 1737 literas
1353 1687 1428 1754 idque

90 1755 228 1807 nulmsmn
245 1756 319 1820 stylo.
338 1770 370 1806 ue
387 1768 458 1808 mors
475 1752 508 1804 D.
523 1752 678 1803 Cancellsrio
696 1769 739 1818 per
756 1770 797 1804 me
814 1756 947 1817 inliciatur.
966 1780 1002 1791 -
1022 1754 1080 1807 Jsm
1098 1759 1215 1809 immixtis
1233 1758 1379 1824 quibusdan
1397 1758 1429 1809 de

90 1826 164 1892 spleni
183 1827 249 1877 libro
269 1827 300 1878 de
318 1827 391 1878 stelle
409 1839 472 1876 nore
490 1822 522 1886 (e.
542 1824 598 1873 Vol.
618 1823 651 1874 11.
671 1839 695 1887 p.
715 1821 787 1888 80².)
806 1827 842 1874 sic
860 1828 952 1892 pergit:

148 1897 228 1964 sego
246 1905 276 1949 ut
294 1898 327 1949 sd
345 1912 429 1949 omnes
454 1911 524 1947 mess
547 1897 633 1946 litem
657 1896 759 1946 tandm
779 1897 912 1962 aliquando
929 1899 1004 1963 piene
1022 1900 1190 1964 respondeas,
1218 1901 1351 1965 praecipue
1369 1916 1426 1953 rem

90 1970 266 2034 sumptu
285 1971 335 2021 dee
352 1984 436 2019 rerum
454 1970 506 2019 sire
522 1968 609 2018 lictum
625 1966 665 2017 rel
683 1975 819 2017 assumtam
837 1969 967 2028 osundse,
994 1973 1115 2036 quomodo
1139 1986 1185 2036 per
1211 1979 1261 2022 tres
1286 1973 1426 2036 perpiiues

90 2046 133 2092 h
150 2041 235 2092 mul
253 2042 318 2097 orbis
336 2042 462 2106 qusodtee
491 2046 518 2089 et
544 2039 718 2089 eeceutrieitss
745 2041 889 2104 inquiretur.
926 2041 1093 2108 Perseripeieti
1120 2044 1180 2094 mibi
1208 2051 1268 2095 ente
1294 2045 1427 2095 trienninm

90 2112 190 2171 bn.
212 2127 301 2163 mum
319 2112 451 2162 admodum
479 2111 581 2160 obeam
600 2117 626 2159 et
643 2111 765 2160 intricate.
804 2111 858 2177 Epo
885 2127 951 2162 nune
978 2129 1022 2179 per
1049 2115 1155 2171 hiemem
1182 2122 1252 2166 tuem
1278 2115 1426 2179 hypothesis

90 2184 146 2236 ἡ
163 2185 320 2235 mineus
338 2184 414 2234 etism
430 2184 526 2233 tentari
543 2181 612 2230 iliam
629 2187 735 2245 perteus,
753 2182 799 2231 sed
811 2197 860 2231 neu
878 2187 1006 2235 moment.
1035 2184 1144 2236 Causam
1157 2187 1221 2236 scire
1232 2200 1284 2235 uon
1295 2188 1365 2249 potui
1378 2183 1424 2238 &a

145 2255 233 2321 (inpio
249 2257 325 2315 seire,
344 2269 388 2304 eur
404 2254 521 2304 dmidise
540 2253 732 2303 eceeutrieitstis
751 2252 776 2313 ὁ
795 2267 884 2304 reeens
901 2270 944 2318 pro
962 2257 1049 2307 lunrde
1067 2258 1205 2325 recipietur
1216 2257 1254 2307 rel
1265 2272 1310 2321 pro
1322 2257 1424 2309 deiectu

89 2339 119 2379 ι
133 2327 168 2389 6.
187 2342 245 2378 non
263 2329 345 2389 metor
363 2332 408 2375 sut
423 2319 523 2376 minori
560 2323 587 2374 Sl
605 2326 756 2374 verissimam
774 2339 876 2376 semem
904 2327 991 2383 dubis.
1019 2329 1098 2378 mults
1124 2325 1202 2378 dubis
1227 2327 1287 2378 mibi
1315 2328 1423 2380 smera.

89 2398 175 2457 ihs
202 2407 233 2449 et
254 2398 283 2459 ‘lt
307 2397 396 2448 eedem
420 2398 485 2446 rstie
510 2395 687 2461 negnimdnte
711 2399 821 2446 seems&
839 2412 883 2461 pro
902 2399 1096 2448 eccenffleitstb
1120 2399 1237 2450 dimidiae
1261 2402 1425 2464 proportione,

89 2462 165 2521 'ms
180 2477 225 2521 est
243 2472 301 2533 eius
318 2470 354 2519 rei
372 2482 526 2535 munem
546 2481 601 2517 esse
618 2467 728 2531 sliqm
746 2481 856 2518 oensem
890 2469 963 2519 Forte
979 2470 1162 2523 semidiameter
1174 2471 1259 2521 circuli
1277 2485 1308 2521 en
1325 2474 1424 2536 proprio

89 2546 153 2591 fl
164 2548 190 2592 α
207 2556 240 2592 ex
259 2539 321 2591 sole
339 2537 385 2602 (sd
402 2538 527 2603 'l'yelronis
551 2540 616 2589 enim
640 2536 786 2601 hypothesin
805 2542 967 2592 eodemmodo
985 2538 1081 2603 emula)
1100 2541 1132 2592 sd
1150 2542 1269 2592 osculum
1287 2542 1422 2607 productus

89 2608 214 2673 Νι
228 2613 297 2662 iecit
314 2610 381 2661 lllsm
398 2618 480 2661 motus
498 2609 677 2666 diffemntism
697 2619 726 2659 st
743 2617 828 2660 nmen
846 2613 966 2676 quomodo
984 2612 1030 2664 flet
1047 2628 1097 2662 uon
1115 2613 1186 2662 rideo
1205 2611 1251 2663 do.

162 2681 264 2735 him
285 2697 381 2747 quoque
398 2683 425 2732 iu
443 2680 561 2748 prioribus
579 2681 729 2731 mentionem
747 2681 805 2741 ieci,
822 2689 851 2732 ut
869 2685 1001 2748 cogitares,
1021 2697 1064 2734 our
1082 2699 1113 2735 ex
1132 2681 1148 2733 e
1168 2683 1323 2746 serenyelriis
1341 2684 1423 2737 obser·

89 2752 201 2805 '‘u‘-
218 2770 308 2806 verum
327 2753 451 2819 spbelium
469 2759 496 2804 nt
512 2766 572 2803 rere
589 2752 762 2802 ecemmdtee
780 2768 830 2802 nou
849 2754 937 2804 detur?
974 2754 1082 2806 Genesar
1105 2769 1152 2822 ego
1177 2756 1274 2806 invenio
1301 2754 1381 2806 latere
1397 2756 1424 2806 ln

89 2820 120 2873 l?
131 2824 175 2875 fl
190 2826 297 2876 lunulae
316 2824 342 2885 d
349 2838 357 2887 ς
377 2825 398 2875 ei
417 2826 481 2876 euim
500 2824 604 2888 illapso
622 2822 780 2885 distantis&
795 2826 827 2875 sb
839 2825 936 2888 spbelio
949 2825 1031 2878 debito
1051 2827 1195 2877 auferantur
1213 2827 1246 2877 sb
1265 2840 1325 2877 usu
1341 2828 1423 2877 medio

89 2892 200 2949 Qun
213 2898 315 2948 duabus
329 2895 539 2947 observationibus
550 2895 695 2958 intercepto,
714 2895 753 2944 vel
766 2896 788 2945 ei
801 2895 932 2954 addentur,
952 2905 1013 2948 tune
1025 2898 1099 2948 datur
1111 2897 1234 2963 spholium
1248 2912 1330 2948 earum
1344 2906 1369 2948 et
1388 2898 1424 2948 illi

89 2978 158 3033 ηε
173 2982 292 3019 connexe
309 2980 369 3017 vers
387 2967 568 3018 ecoentrleltes.
600 2965 626 3016 Si
643 2967 708 3016 euim
720 2967 746 3015 in
757 2965 806 3015 hsc
818 2969 892 3031 praui
901 2970 1073 3028 annunciem,
1091 2975 1151 3020 tunc
1165 2969 1307 3036 etalterum
1319 2971 1419 3021 seiemr.

150 3040 207 3105 Ege
229 3039 455 3104 parentalem
477 3037 623 3102 hypothesin
643 3037 668 3098 0⁸
689 3039 842 3102 excogitasse
861 3038 1046 3099 (desiderentur
1069 3041 1159 3091 saitem
1176 3041 1300 3106 quaedem
1326 3041 1423 3105 plenius

89 3111 230 3161 &sads
248 3125 294 3176 per
312 3107 328 3158 3
347 3110 487 3172 perallues
505 3110 538 3160 sd
556 3124 632 3158 uuum
650 3106 757 3169 locum),
777 3122 841 3173 quse
866 3113 913 3161 eus
934 3111 1055 3162 facilitate
1080 3112 1142 3163 nulii
1169 3114 1203 3162 sit
1220 3127 1329 3165 neuma
1366 3111 1421 3164 Sel·

88 3186 136 3232 nr
151 3182 254 3248 quidem
274 3181 384 3232 cuculus
401 3196 447 3246 per
464 3188 542 3239 mam.
561 3188 589 3230 st
606 3180 741 3245 implicatio
758 3187 784 3229 et
797 3181 932 3232 obseumee
945 3183 1115 3234 etdifflcaltes
1127 3185 1235 3247 ipserum
1247 3183 1421 3249 hypothesium
1521 3220 1526 3231 .

88 3265 160 3309 usur
178 3252 248 3304 clare
268 3250 309 3314 (nt
326 3266 389 3316 pace
407 3259 452 3301 tus
469 3252 551 3302 dlcam
573 3257 599 3302 et
623 3266 668 3301 eno
692 3257 800 3315 tempore
827 3252 923 3317 planius
949 3252 1055 3317 videbis)
1082 3254 1204 3313 semodi,
1231 3255 1287 3305 illae
1314 3255 1422 3307 nondum

88 3327 184 3375 thes
204 3339 270 3374 esse.
308 3323 374 3373 Nihil
392 3325 418 3373 in
437 3337 494 3373 mes
512 3336 577 3372 noes
594 3321 723 3387 hypothesi
750 3323 916 3382 desideretis,
945 3339 1018 3390 quem
1046 3326 1110 3391 quod
1136 3327 1237 3376 unicam
1265 3325 1422 3378 librationem

88 3394 209 3449 stetim
225 3409 302 3460 super
321 3401 405 3446 centro
425 3391 467 3455 Θ.
485 3401 590 3445 nutante
608 3393 657 3445 buc
675 3393 733 3445 illuc
752 3393 842 3459 spbelii
861 3396 928 3446 lines
944 3411 989 3460 per
1006 3397 1120 3447 mobilem
1139 3396 1164 3459 d
1184 3399 1349 3448 eoceueioum
1366 3413 1421 3464 per·

88 3472 213 3589 :aba
232 3467 406 3588 gerewinus
425 3466 578 3532 mantionis
597 3466 756 3530 domplestur.
792 3465 954 3532 Respondent
976 3475 1061 3519 samm
1079 3470 1163 3520 omnis
1180 3468 1213 3519 ad
1231 3468 1348 3519 amundus
1366 3483 1422 3521 enm

262 3552 299 3587 edi
364 3572 370 3586 ι

131 3598 134 3603 ’
152 3552 339 3691 ΚᾞΙετιιε
353 3616 470 3668 mitens
484 3618 587 3683 inceptis
602 3631 718 3682 pergens,
738 3618 874 3682 respondit:
893 3609 949 3672 His
964 3611 1110 3692 paulatim
1125 3609 1303 3692 conscriptis
1318 3629 1426 3692 super-

88 3706 213 3763 eserunt
235 3697 316 3761 aliae
340 3709 411 3769 tuae
426 3694 583 3780 epistolae,
603 3699 684 3780 prior
701 3697 729 3760 1.
744 3697 836 3772 Jnnii,
853 3699 951 3760 altera
967 3697 1018 3764 13.
1034 3700 1150 3781 Aprilis
1167 3701 1241 3762 data
1259 3709 1290 3762 et
1310 3697 1427 3763 inclusa
1466 3771 1471 3783 x

88 3786 161 3853 iteris
175 3787 362 3851 Ritterhusii
377 3793 410 3859 (1,
422 3812 446 3862 p.
460 3793 535 3857 stt).
568 3788 652 3850 Petis
672 3806 747 3868 quae
763 3805 869 3868 supra;
893 3808 952 3849 non
971 3798 1063 3852 vacat
1076 3809 1185 3852 novam
1201 3787 1302 3851 subire
1316 3807 1426 3871 opera-

88 3876 196 3953 iouem,
220 3876 311 3939 mitto
334 3877 517 3959 descriptum
542 3896 580 3938 ex
604 3875 846 3939 Commentariis.
894 3875 1036 3941 Serantis
1060 3878 1190 3941 officinm
1212 3878 1241 3940 in
1271 3879 1426 3957 arguenda

88 3967 225 4031 stitudine
248 3964 370 4028 lunulae
393 3966 487 4028 habes
511 3985 620 4046 snpra,
644 3974 699 4027 tua
721 3964 813 4046 igitur
836 3986 945 4041 causa,
970 3968 1127 4048 ingeniosa
1150 3967 1268 4048 quidem
1283 3963 1424 4037 'inventa

88 4065 172 4140 iper
196 4075 231 4118 se
256 4054 335 4116 laisa
360 4062 418 4116 est.
465 4056 546 4119 Tune
571 4053 756 4117 eccentricns
780 4054 898 4117 mobilis
921 4057 1011 4134 plane
1035 4057 1216 4119 contrarium
1239 4055 1315 4118 facit
1339 4075 1424 4120 meae

87 4146 203 4230 fipeie3
227 4141 315 4207 move
338 4142 421 4206 ilium
445 4143 474 4206 in
491 4144 674 4208 contrarium
690 4152 721 4206 et
743 4144 861 4207 creabis
884 4146 1051 4225 perfectam
1067 4145 1195 4226 ellipsin,
1219 4155 1253 4208 nt
1276 4163 1332 4225 ego
1347 4164 1424 4226 quo-

87 4256 120 4301 se
142 4234 232 4299 initio
263 4232 368 4295 harum
402 4231 555 4297 literarum
583 4252 637 4314 per
669 4232 760 4295 aliam
783 4234 1049 4314 aequipollentiam
1080 4235 1181 4298 creavi
1205 4234 1333 4315 ellipsin.
1379 4235 1426 4298 At

87 4333 149 4402 tta,
182 4331 218 4386 ut
240 4321 292 4384 ille
312 4329 382 4384 tuns
406 4322 577 4385 libratorius
601 4321 738 4385 circellus
769 4323 952 4402 respondeat
975 4323 1143 4386 anomaliae
1167 4323 1313 4398 eccentri,
1346 4343 1423 4407 quse

87 4414 174 4479 eleris
196 4416 245 4474 eet
269 4409 299 4474 in
321 4410 477 4492 peribolio,
502 4411 591 4475 tarda
613 4411 642 4473 in
667 4411 796 4491 aphelio.
819 4430 946 4475 —ecce
970 4413 1177 4495 quaestionem
1200 4433 1258 4476 non
1281 4412 1421 4490 solutam,

87 4503 119 4567 sd
140 4500 337 4567 translatam.
385 4500 429 4563 Tu
452 4520 523 4565 vero
548 4502 719 4576 exclamas,
750 4500 901 4563 invenisse
925 4511 956 4565 te
980 4522 1103 4565 causam
1126 4503 1180 4578 rei,
1205 4518 1257 4566 tur
1279 4521 1422 4566 excessus

87 4591 201 4657 matie
224 4587 349 4652 dedniat
371 4588 561 4653 latitudinem
584 4589 714 4666 lunulae,
739 4590 875 4653 nimimm
901 4591 971 4672 quia
995 4592 1180 4655 eccentricns
1203 4599 1360 4655 moveatur
1383 4592 1422 4656 ad

87 4688 146 4747 dus
167 4680 202 4744 in
225 4676 372 4742 diametro
395 4677 518 4756 circelli,
543 4679 628 4759 cnjus
651 4677 875 4742 semidiameter
898 4681 938 4744 sit
956 4680 1091 4763 aequalis
1116 4681 1253 4745 excessui
1277 4680 1420 4745 secantis.

87 4774 140 4835 tte
162 4766 292 4834 ridicule
317 4767 496 4848 deceptum!
520 4766 684 4840 Quaeritur
707 4768 787 4832 enim
810 4768 917 4847 adhuc,
938 4790 1015 4853 quae
1038 4769 1081 4833 sit
1103 4790 1197 4835 cansa
1218 4777 1317 4835 motus
1340 4770 1421 4834 illius

87 4860 223 4938 dietus,
247 4855 343 4922 idest
364 4857 519 4951 quaeritur
541 4875 635 4922 causa
648 4856 830 4942 quantitatis
852 4857 934 4923 iliius
958 4867 1069 4939 motus,
1093 4879 1145 4929 eur
1166 4861 1304 4944 praecise
1317 4858 1420 4925 radius
