<?xml version="1.0" encoding="UTF-8"?>
<!DOCTYPE html PUBLIC "-//W3C//DTD XHTML 1.0 Transitional//EN"
    "http://www.w3.org/TR/xhtml1/DTD/xhtml1-transitional.dtd">
<html xmlns="http://www.w3.org/1999/xhtml" xml:lang="en" lang="en">
 <head>
  <title>
</title>
<meta http-equiv="Content-Type" content="text/html;charset=utf-8" />
  <meta name='ocr-system' content='tesseract 3.04.00' />
  <meta name='ocr-capabilities' content='ocr_page ocr_carea ocr_par ocr_line ocrx_word'/>
</head>
<body>
  <div class='ocr_page' id='page_1' title='image "./joanniskepleria12frisgoog/joanniskepleria12frisgoog_0425.png"; bbox 0 0 3278 5550; ppageno 0'>
   <div class='ocr_carea' id='block_1_1' title="bbox 152 184 1029 331">
    <p class='ocr_par' dir='ltr' id='par_1_1' title="bbox 152 184 1029 331">
     <span class='ocr_line' id='line_1_1' title="bbox 152 184 1029 331; baseline -0.006 -2"><span class='ocrx_word' id='word_1_1' title='bbox 152 230 231 331; x_wconf 57' lang='lat' dir='ltr'>&#39;tlt</span> <span class='ocrx_word' id='word_1_2' title='bbox 267 184 290 239; x_wconf 61' lang='lat'><em>⁰</em></span> <span class='ocrx_word' id='word_1_3' title='bbox 644 268 685 323; x_wconf 85' lang='lat' dir='ltr'>u·</span> <span class='ocrx_word' id='word_1_4' title='bbox 702 267 811 323; x_wconf 73' lang='lat' dir='ltr'>nonu</span> <span class='ocrx_word' id='word_1_5' title='bbox 828 264 923 323; x_wconf 67' lang='lat' dir='ltr'>nunu</span> <span class='ocrx_word' id='word_1_6' title='bbox 937 266 1029 325; x_wconf 73' lang='lat' dir='ltr'>uua</span> 
     </span>
    </p>
   </div>
   <div class='ocr_carea' id='block_1_2' title="bbox 166 445 1361 3385">
    <p class='ocr_par' dir='ltr' id='par_1_2' title="bbox 166 445 1361 3385">
     <span class='ocr_line' id='line_1_2' title="bbox 168 445 1357 529; baseline -0.006 -18"><span class='ocrx_word' id='word_1_7' title='bbox 168 450 260 511; x_wconf 85' lang='lat' dir='ltr'>etiam</span> <span class='ocrx_word' id='word_1_8' title='bbox 283 446 450 511; x_wconf 88' lang='lat' dir='ltr'>latitudiuis</span> <span class='ocrx_word' id='word_1_9' title='bbox 475 449 552 510; x_wconf 89' lang='lat' dir='ltr'>ratio</span> <span class='ocrx_word' id='word_1_10' title='bbox 574 450 663 529; x_wconf 87' lang='lat' dir='ltr'>plane</span> <span class='ocrx_word' id='word_1_11' title='bbox 687 449 832 511; x_wconf 86' lang='lat' dir='ltr'>consimili</span> <span class='ocrx_word' id='word_1_12' title='bbox 856 450 1059 529; x_wconf 82' lang='lat' dir='ltr'>speculatione</span> <span class='ocrx_word' id='word_1_13' title='bbox 1076 446 1248 528; x_wconf 82' lang='lat' dir='ltr'>expeditur:</span> <span class='ocrx_word' id='word_1_14' title='bbox 1274 445 1301 507; x_wconf 90' lang='lat' dir='ltr'>si</span> <span class='ocrx_word' id='word_1_15' title='bbox 1316 456 1357 505; x_wconf 74' lang='lat' dir='ltr'>ud</span> 
     </span>
     <span class='ocr_line' id='line_1_3' title="bbox 168 535 1358 620; baseline 0 -21"><span class='ocrx_word' id='word_1_16' title='bbox 168 547 296 620; x_wconf 91' lang='lat' dir='ltr'>ponatur</span> <span class='ocrx_word' id='word_1_17' title='bbox 319 539 416 619; x_wconf 89' lang='lat' dir='ltr'>aliqua</span> <span class='ocrx_word' id='word_1_18' title='bbox 440 539 585 601; x_wconf 85' lang='lat' dir='ltr'>diameter</span> <span class='ocrx_word' id='word_1_19' title='bbox 608 539 776 602; x_wconf 89' lang='lat' dir='ltr'>latitudiuis</span> <span class='ocrx_word' id='word_1_20' title='bbox 799 539 828 600; x_wconf 94' lang='lat' dir='ltr'>in</span> <span class='ocrx_word' id='word_1_21' title='bbox 852 557 974 618; x_wconf 88' lang='lat' dir='ltr'>corpore</span> <span class='ocrx_word' id='word_1_22' title='bbox 999 558 1052 598; x_wconf 85' lang='lat' dir='ltr'>seu</span> <span class='ocrx_word' id='word_1_23' title='bbox 1075 538 1165 617; x_wconf 88' lang='lat' dir='ltr'><strong>globo</strong></span> <span class='ocrx_word' id='word_1_24' title='bbox 1188 535 1311 603; x_wconf 65' lang='lat' dir='ltr'>thin.</span> <span class='ocrx_word' id='word_1_25' title='bbox 1342 551 1358 611; x_wconf 75' lang='lat' dir='ltr'>q</span> 
     </span>
     <span class='ocr_line' id='line_1_4' title="bbox 168 622 1358 708; baseline -0.008 -18"><span class='ocrx_word' id='word_1_26' title='bbox 168 628 283 708; x_wconf 89' lang='lat' dir='ltr'>rigatur</span> <span class='ocrx_word' id='word_1_27' title='bbox 306 627 333 688; x_wconf 93' lang='lat' dir='ltr'>iu</span> <span class='ocrx_word' id='word_1_28' title='bbox 360 629 452 688; x_wconf 89' lang='lat' dir='ltr'>locum</span> <span class='ocrx_word' id='word_1_29' title='bbox 478 628 602 690; x_wconf 91' lang='lat' dir='ltr'>limitum</span> <span class='ocrx_word' id='word_1_30' title='bbox 626 630 679 689; x_wconf 89' lang='lat' dir='ltr'>sub</span> <span class='ocrx_word' id='word_1_31' title='bbox 703 629 780 702; x_wconf 86' lang='lat' dir='ltr'>fixis,</span> <span class='ocrx_word' id='word_1_32' title='bbox 805 628 887 688; x_wconf 91' lang='lat' dir='ltr'>etin</span> <span class='ocrx_word' id='word_1_33' title='bbox 912 629 967 688; x_wconf 89' lang='lat' dir='ltr'>hoc</span> <span class='ocrx_word' id='word_1_34' title='bbox 991 628 1050 689; x_wconf 90' lang='lat' dir='ltr'>situ</span> <span class='ocrx_word' id='word_1_35' title='bbox 1074 634 1196 689; x_wconf 84' lang='lat' dir='ltr'>maneat</span> <span class='ocrx_word' id='word_1_36' title='bbox 1220 623 1277 687; x_wconf 88' lang='lat' dir='ltr'>sibi</span> <span class='ocrx_word' id='word_1_37' title='bbox 1302 622 1358 703; x_wconf 88' lang='lat' dir='ltr'>ipsi</span> 
     </span>
     <span class='ocr_line' id='line_1_5' title="bbox 167 714 1343 796; baseline -0.003 -18"><span class='ocrx_word' id='word_1_38' title='bbox 167 717 214 778; x_wconf 83' lang='lat' dir='ltr'>los</span> <span class='ocrx_word' id='word_1_39' title='bbox 237 735 289 796; x_wconf 91' lang='lat' dir='ltr'>per</span> <span class='ocrx_word' id='word_1_40' title='bbox 312 736 426 777; x_wconf 89' lang='lat' dir='ltr'>omnem</span> <span class='ocrx_word' id='word_1_41' title='bbox 451 717 603 779; x_wconf 87' lang='lat' dir='ltr'>ambitum.</span> <span class='ocrx_word' id='word_1_42' title='bbox 648 718 746 796; x_wconf 85' lang='lat' dir='ltr'>Hujus</span> <span class='ocrx_word' id='word_1_43' title='bbox 770 717 891 779; x_wconf 87' lang='lat' dir='ltr'>virtutis</span> <span class='ocrx_word' id='word_1_44' title='bbox 915 718 953 776; x_wconf 94' lang='lat' dir='ltr'>ad</span> <span class='ocrx_word' id='word_1_45' title='bbox 978 717 1060 779; x_wconf 92' lang='lat' dir='ltr'>illam</span> <span class='ocrx_word' id='word_1_46' title='bbox 1084 714 1343 796; x_wconf 84' lang='lat' dir='ltr'>proportiolraec</span> 
     </span>
     <span class='ocr_line' id='line_1_6' title="bbox 167 801 1358 885; baseline -0.003 -19"><span class='ocrx_word' id='word_1_47' title='bbox 167 820 215 867; x_wconf 86' lang='lat' dir='ltr'>est</span> <span class='ocrx_word' id='word_1_48' title='bbox 247 808 274 865; x_wconf 92' lang='lat' dir='ltr'>in</span> <span class='ocrx_word' id='word_1_49' title='bbox 305 806 491 885; x_wconf 80' lang='lat' dir='ltr'>magnetibus</span> <span class='ocrx_word' id='word_1_50' title='bbox 525 808 637 869; x_wconf 90' lang='lat' dir='ltr'>uostris</span> <span class='ocrx_word' id='word_1_51' title='bbox 661 805 835 868; x_wconf 83' lang='lat' dir='ltr'>directionis</span> <span class='ocrx_word' id='word_1_52' title='bbox 859 808 896 866; x_wconf 91' lang='lat' dir='ltr'>ad</span> <span class='ocrx_word' id='word_1_53' title='bbox 924 807 1024 885; x_wconf 91' lang='lat' dir='ltr'>polum</span> <span class='ocrx_word' id='word_1_54' title='bbox 1048 806 1086 868; x_wconf 91' lang='lat' dir='ltr'>ad</span> <span class='ocrx_word' id='word_1_55' title='bbox 1111 807 1169 866; x_wconf 85' lang='lat' dir='ltr'>vim</span> <span class='ocrx_word' id='word_1_56' title='bbox 1195 801 1265 867; x_wconf 79' lang='lat' dir='ltr'>ferri</span> <span class='ocrx_word' id='word_1_57' title='bbox 1296 808 1358 865; x_wconf 88' lang='lat' dir='ltr'>attr</span> 
     </span>
     <span class='ocr_line' id='line_1_7' title="bbox 167 892 1358 975; baseline -0.004 -18"><span class='ocrx_word' id='word_1_58' title='bbox 167 896 226 957; x_wconf 88' lang='lat' dir='ltr'>Illa</span> <span class='ocrx_word' id='word_1_59' title='bbox 249 895 356 975; x_wconf 88' lang='lat' dir='ltr'>quippe</span> <span class='ocrx_word' id='word_1_60' title='bbox 380 894 481 958; x_wconf 90' lang='lat' dir='ltr'>Solem</span> <span class='ocrx_word' id='word_1_61' title='bbox 506 898 623 975; x_wconf 88' lang='lat' dir='ltr'>appetit</span> <span class='ocrx_word' id='word_1_62' title='bbox 646 896 692 956; x_wconf 89' lang='lat' dir='ltr'>vel</span> <span class='ocrx_word' id='word_1_63' title='bbox 718 895 810 975; x_wconf 89' lang='lat' dir='ltr'>fugit:</span> <span class='ocrx_word' id='word_1_64' title='bbox 835 895 910 956; x_wconf 93' lang='lat' dir='ltr'>haec</span> <span class='ocrx_word' id='word_1_65' title='bbox 933 896 1058 956; x_wconf 81' lang='lat' dir='ltr'>lixarum</span> <span class='ocrx_word' id='word_1_66' title='bbox 1081 895 1133 956; x_wconf 90' lang='lat' dir='ltr'>illa</span> <span class='ocrx_word' id='word_1_67' title='bbox 1156 894 1234 967; x_wconf 88' lang='lat' dir='ltr'>loca,</span> <span class='ocrx_word' id='word_1_68' title='bbox 1259 892 1316 953; x_wconf 90' lang='lat' dir='ltr'>sub</span> <span class='ocrx_word' id='word_1_69' title='bbox 1340 909 1358 969; x_wconf 92' lang='lat' dir='ltr'>q</span> 
     </span>
     <span class='ocr_line' id='line_1_8' title="bbox 167 981 1358 1065; baseline -0.003 -20"><span class='ocrx_word' id='word_1_70' title='bbox 167 986 253 1046; x_wconf 87' lang='lat' dir='ltr'>mites</span> <span class='ocrx_word' id='word_1_71' title='bbox 277 983 466 1046; x_wconf 86' lang='lat' dir='ltr'>latitudinum</span> <span class='ocrx_word' id='word_1_72' title='bbox 490 987 698 1058; x_wconf 84' lang='lat' dir='ltr'>conficiuntur,</span> <span class='ocrx_word' id='word_1_73' title='bbox 725 1004 782 1045; x_wconf 90' lang='lat' dir='ltr'>uon</span> <span class='ocrx_word' id='word_1_74' title='bbox 807 984 923 1065; x_wconf 90' lang='lat' dir='ltr'>appetit</span> <span class='ocrx_word' id='word_1_75' title='bbox 947 985 1154 1063; x_wconf 84' lang='lat' dir='ltr'>adriavigando</span> <span class='ocrx_word' id='word_1_76' title='bbox 1178 983 1227 1044; x_wconf 91' lang='lat' dir='ltr'>vel</span> <span class='ocrx_word' id='word_1_77' title='bbox 1251 981 1331 1060; x_wconf 80' lang='lat' dir='ltr'>rugit</span> <span class='ocrx_word' id='word_1_78' title='bbox 1355 996 1358 1036; x_wconf 78' lang='lat' dir='ltr'>t</span> 
     </span>
     <span class='ocr_line' id='line_1_9' title="bbox 167 1073 1359 1157; baseline -0.005 -23"><span class='ocrx_word' id='word_1_79' title='bbox 167 1074 284 1135; x_wconf 90' lang='lat' dir='ltr'>modum</span> <span class='ocrx_word' id='word_1_80' title='bbox 309 1092 363 1134; x_wconf 89' lang='lat' dir='ltr'>uec</span> <span class='ocrx_word' id='word_1_81' title='bbox 387 1092 510 1151; x_wconf 83' lang='lat' dir='ltr'>magnes</span> <span class='ocrx_word' id='word_1_82' title='bbox 535 1077 573 1137; x_wconf 89' lang='lat' dir='ltr'>ad</span> <span class='ocrx_word' id='word_1_83' title='bbox 596 1075 656 1157; x_wconf 93' lang='lat' dir='ltr'>poli</span> <span class='ocrx_word' id='word_1_84' title='bbox 680 1074 831 1153; x_wconf 83' lang='lat' dir='ltr'>regionem</span> <span class='ocrx_word' id='word_1_85' title='bbox 855 1073 991 1145; x_wconf 89' lang='lat' dir='ltr'>adnatat,</span> <span class='ocrx_word' id='word_1_86' title='bbox 1017 1074 1072 1135; x_wconf 87' lang='lat' dir='ltr'>etsi</span> <span class='ocrx_word' id='word_1_87' title='bbox 1097 1074 1173 1137; x_wconf 89' lang='lat' dir='ltr'>liber</span> <span class='ocrx_word' id='word_1_88' title='bbox 1194 1073 1302 1143; x_wconf 80' lang='lat' dir='ltr'>natat)</span> <span class='ocrx_word' id='word_1_89' title='bbox 1326 1087 1359 1130; x_wconf 91' lang='lat' dir='ltr'>se</span> 
     </span>
     <span class='ocr_line' id='line_1_10' title="bbox 167 1159 1358 1242; baseline -0.004 -20"><span class='ocrx_word' id='word_1_90' title='bbox 167 1183 272 1223; x_wconf 82' lang='lat' dir='ltr'>versus</span> <span class='ocrx_word' id='word_1_91' title='bbox 297 1162 358 1235; x_wconf 87' lang='lat' dir='ltr'>illa,</span> <span class='ocrx_word' id='word_1_92' title='bbox 382 1172 415 1224; x_wconf 91' lang='lat' dir='ltr'>ut</span> <span class='ocrx_word' id='word_1_93' title='bbox 439 1182 563 1242; x_wconf 85' lang='lat' dir='ltr'>magnes</span> <span class='ocrx_word' id='word_1_94' title='bbox 587 1183 691 1225; x_wconf 89' lang='lat' dir='ltr'>versus</span> <span class='ocrx_word' id='word_1_95' title='bbox 715 1164 827 1242; x_wconf 89' lang='lat' dir='ltr'>polum,</span> <span class='ocrx_word' id='word_1_96' title='bbox 851 1162 998 1242; x_wconf 83' lang='lat' dir='ltr'>dirigitur.</span> <span class='ocrx_word' id='word_1_97' title='bbox 1037 1164 1124 1224; x_wconf 86' lang='lat' dir='ltr'>Hauc</span> <span class='ocrx_word' id='word_1_98' title='bbox 1147 1180 1218 1222; x_wconf 90' lang='lat' dir='ltr'>vero</span> <span class='ocrx_word' id='word_1_99' title='bbox 1244 1159 1358 1222; x_wconf 80' lang='lat' dir='ltr'>directi</span> 
     </span>
     <span class='ocr_line' id='line_1_11' title="bbox 168 1252 1358 1333; baseline -0.002 -21"><span class='ocrx_word' id='word_1_100' title='bbox 168 1253 266 1332; x_wconf 90' lang='lat' dir='ltr'>quitur</span> <span class='ocrx_word' id='word_1_101' title='bbox 289 1270 432 1312; x_wconf 80' lang='lat' dir='ltr'>excursus</span> <span class='ocrx_word' id='word_1_102' title='bbox 455 1254 593 1333; x_wconf 83' lang='lat' dir='ltr'>planetae</span> <span class='ocrx_word' id='word_1_103' title='bbox 618 1274 633 1313; x_wconf 96' lang='lat' dir='ltr'>e</span> <span class='ocrx_word' id='word_1_104' title='bbox 656 1253 748 1332; x_wconf 92' lang='lat' dir='ltr'>plano</span> <span class='ocrx_word' id='word_1_105' title='bbox 772 1252 928 1332; x_wconf 88' lang='lat' dir='ltr'>eclipticae</span> <span class='ocrx_word' id='word_1_106' title='bbox 952 1253 988 1313; x_wconf 89' lang='lat' dir='ltr'>ad</span> <span class='ocrx_word' id='word_1_107' title='bbox 1015 1252 1094 1313; x_wconf 89' lang='lat' dir='ltr'>latus</span> <span class='ocrx_word' id='word_1_108' title='bbox 1118 1262 1286 1331; x_wconf 90' lang='lat' dir='ltr'>utrumque,</span> <span class='ocrx_word' id='word_1_109' title='bbox 1311 1266 1358 1308; x_wconf 70' lang='lat' dir='ltr'>rer</span> 
     </span>
     <span class='ocr_line' id='line_1_12' title="bbox 167 1338 1358 1422; baseline -0.001 -22"><span class='ocrx_word' id='word_1_110' title='bbox 167 1341 233 1401; x_wconf 87' lang='lat' dir='ltr'>axis</span> <span class='ocrx_word' id='word_1_111' title='bbox 258 1339 305 1401; x_wconf 94' lang='lat' dir='ltr'>hic</span> <span class='ocrx_word' id='word_1_112' title='bbox 328 1339 543 1414; x_wconf 84' lang='lat' dir='ltr'>inclinationis,</span> <span class='ocrx_word' id='word_1_113' title='bbox 566 1354 652 1422; x_wconf 88' lang='lat' dir='ltr'>parte</span> <span class='ocrx_word' id='word_1_114' title='bbox 676 1360 751 1422; x_wconf 89' lang='lat' dir='ltr'>quae</span> <span class='ocrx_word' id='word_1_115' title='bbox 775 1341 803 1401; x_wconf 91' lang='lat' dir='ltr'>iu</span> <span class='ocrx_word' id='word_1_116' title='bbox 827 1350 910 1402; x_wconf 89' lang='lat' dir='ltr'>motu</span> <span class='ocrx_word' id='word_1_117' title='bbox 934 1340 1065 1420; x_wconf 87' lang='lat' dir='ltr'>corporis</span> <span class='ocrx_word' id='word_1_118' title='bbox 1089 1341 1254 1421; x_wconf 86' lang='lat' dir='ltr'>praecedit,</span> <span class='ocrx_word' id='word_1_119' title='bbox 1280 1338 1358 1416; x_wconf 88' lang='lat' dir='ltr'>dirig</span> 
     </span>
     <span class='ocr_line' id='line_1_13' title="bbox 168 1429 1359 1510; baseline -0.003 -17"><span class='ocrx_word' id='word_1_120' title='bbox 168 1429 280 1493; x_wconf 81' lang='lat' dir='ltr'>CBAD</span> <span class='ocrx_word' id='word_1_121' title='bbox 305 1430 458 1510; x_wconf 86' lang='lat' dir='ltr'>ecliptica,</span> <span class='ocrx_word' id='word_1_122' title='bbox 488 1434 532 1509; x_wconf 83' lang='lat' dir='ltr'>A,</span> <span class='ocrx_word' id='word_1_123' title='bbox 563 1431 697 1504; x_wconf 86' lang='lat' dir='ltr'>Guodi,</span> <span class='ocrx_word' id='word_1_124' title='bbox 721 1430 815 1505; x_wconf 92' lang='lat' dir='ltr'>B,D</span> <span class='ocrx_word' id='word_1_125' title='bbox 849 1430 968 1491; x_wconf 87' lang='lat' dir='ltr'>limites.</span> <span class='ocrx_word' id='word_1_126' title='bbox 1015 1430 1092 1491; x_wconf 86' lang='lat' dir='ltr'>Axis</span> <span class='ocrx_word' id='word_1_127' title='bbox 1117 1429 1312 1492; x_wconf 88' lang='lat' dir='ltr'>latitudinum</span> <span class='ocrx_word' id='word_1_128' title='bbox 1335 1429 1359 1490; x_wconf 87' lang='lat' dir='ltr'>ir</span> 
     </span>
     <span class='ocr_line' id='line_1_14' title="bbox 257 1517 1336 1689; baseline -0.003 -15"><span class='ocrx_word' id='word_1_129' title='bbox 257 1588 311 1656; x_wconf 73' lang='lat' dir='ltr'>n-</span> <span class='ocrx_word' id='word_1_130' title='bbox 334 1589 392 1640; x_wconf 77' lang='lat'>12⁴-</span> <span class='ocrx_word' id='word_1_131' title='bbox 484 1519 864 1689; x_wconf 57' lang='lat' dir='ltr'>lllt‘ttlllnlll‘</span> <span class='ocrx_word' id='word_1_132' title='bbox 888 1517 1095 1688; x_wconf 60' lang='lat' dir='ltr'>{tinto</span> <span class='ocrx_word' id='word_1_133' title='bbox 1127 1519 1336 1688; x_wconf 51' lang='lat' dir='ltr'>,tritt</span> 
     </span>
     <span class='ocr_line' id='line_1_15' title="bbox 488 1697 1359 1779; baseline -0.001 -17"><span class='ocrx_word' id='word_1_134' title='bbox 488 1702 539 1762; x_wconf 82' lang='lat' dir='ltr'>fiet</span> <span class='ocrx_word' id='word_1_135' title='bbox 566 1701 673 1779; x_wconf 83' lang='lat' dir='ltr'>igitur,</span> <span class='ocrx_word' id='word_1_136' title='bbox 706 1707 739 1760; x_wconf 92' lang='lat' dir='ltr'>ut</span> <span class='ocrx_word' id='word_1_137' title='bbox 771 1716 893 1778; x_wconf 88' lang='lat' dir='ltr'>corpore</span> <span class='ocrx_word' id='word_1_138' title='bbox 925 1699 1042 1760; x_wconf 91' lang='lat' dir='ltr'>auodo</span> <span class='ocrx_word' id='word_1_139' title='bbox 1075 1699 1257 1762; x_wconf 86' lang='lat' dir='ltr'>ascendente</span> <span class='ocrx_word' id='word_1_140' title='bbox 1282 1697 1359 1761; x_wconf 76' lang='lat' dir='ltr'>c&#39;ir</span> 
     </span>
     <span class='ocr_line' id='line_1_16' title="bbox 488 1787 1350 1869; baseline -0.003 -16"><span class='ocrx_word' id='word_1_141' title='bbox 488 1792 610 1853; x_wconf 86' lang='lat' dir='ltr'>boreum</span> <span class='ocrx_word' id='word_1_142' title='bbox 633 1790 659 1850; x_wconf 87' lang='lat' dir='ltr'>B</span> <span class='ocrx_word' id='word_1_143' title='bbox 683 1788 851 1859; x_wconf 88' lang='lat' dir='ltr'>translato,</span> <span class='ocrx_word' id='word_1_144' title='bbox 876 1787 942 1848; x_wconf 90' lang='lat' dir='ltr'>axis</span> <span class='ocrx_word' id='word_1_145' title='bbox 969 1787 1018 1849; x_wconf 92' lang='lat' dir='ltr'>hic</span> <span class='ocrx_word' id='word_1_146' title='bbox 1047 1788 1180 1866; x_wconf 88' lang='lat' dir='ltr'>corporis</span> <span class='ocrx_word' id='word_1_147' title='bbox 1203 1788 1269 1864; x_wconf 89' lang='lat' dir='ltr'>IK,</span> <span class='ocrx_word' id='word_1_148' title='bbox 1301 1789 1350 1869; x_wconf 93' lang='lat' dir='ltr'>qui</span> 
     </span>
     <span class='ocr_line' id='line_1_17' title="bbox 487 1875 1359 1960; baseline -0.002 -19"><span class='ocrx_word' id='word_1_149' title='bbox 487 1880 614 1947; x_wconf 90' lang='lat' dir='ltr'>innodo</span> <span class='ocrx_word' id='word_1_150' title='bbox 635 1877 659 1942; x_wconf 90' lang='lat' dir='ltr'>C</span> <span class='ocrx_word' id='word_1_151' title='bbox 684 1877 768 1958; x_wconf 88' lang='lat' dir='ltr'>quasi</span> <span class='ocrx_word' id='word_1_152' title='bbox 792 1877 937 1956; x_wconf 75' lang='lat' dir='ltr'>tangebat</span> <span class='ocrx_word' id='word_1_153' title='bbox 961 1876 1101 1938; x_wconf 88' lang='lat' dir='ltr'>circulum</span> <span class='ocrx_word' id='word_1_154' title='bbox 1126 1875 1311 1940; x_wconf 89' lang='lat' dir='ltr'>circuitionis</span> <span class='ocrx_word' id='word_1_155' title='bbox 1325 1899 1359 1960; x_wconf 88' lang='lat' dir='ltr'>pe</span> 
     </span>
     <span class='ocr_line' id='line_1_18' title="bbox 487 1964 1359 2048; baseline 0 -18"><span class='ocrx_word' id='word_1_156' title='bbox 487 1966 692 2048; x_wconf 85' lang='lat' dir='ltr'>imaginatum,</span> <span class='ocrx_word' id='word_1_157' title='bbox 716 1965 841 2045; x_wconf 90' lang='lat' dir='ltr'>denique</span> <span class='ocrx_word' id='word_1_158' title='bbox 865 1966 895 2027; x_wconf 93' lang='lat' dir='ltr'>iu</span> <span class='ocrx_word' id='word_1_159' title='bbox 915 1964 1058 2028; x_wconf 82' lang='lat' dir='ltr'>limitibus</span> <span class='ocrx_word' id='word_1_160' title='bbox 1074 1964 1156 2039; x_wconf 92' lang='lat' dir='ltr'>N,O</span> <span class='ocrx_word' id='word_1_161' title='bbox 1181 1968 1306 2029; x_wconf 85' lang='lat' dir='ltr'>eundem</span> <span class='ocrx_word' id='word_1_162' title='bbox 1329 1969 1359 2030; x_wconf 73' lang='grc' dir='ltr'>ιε’</span> 
     </span>
     <span class='ocr_line' id='line_1_19' title="bbox 489 2053 1359 2129; baseline -0.001 -10"><span class='ocrx_word' id='word_1_163' title='bbox 489 2068 589 2120; x_wconf 85' lang='lat' dir='ltr'>rectos</span> <span class='ocrx_word' id='word_1_164' title='bbox 620 2064 721 2127; x_wconf 82' lang='lat' dir='ltr'>senat,</span> <span class='ocrx_word' id='word_1_165' title='bbox 753 2072 859 2116; x_wconf 88' lang='lat' dir='ltr'>versus</span> <span class='ocrx_word' id='word_1_166' title='bbox 891 2062 1025 2117; x_wconf 88' lang='lat' dir='ltr'>centrum</span> <span class='ocrx_word' id='word_1_167' title='bbox 1055 2053 1156 2116; x_wconf 91' lang='lat' dir='ltr'>muudi</span> <span class='ocrx_word' id='word_1_168' title='bbox 1180 2055 1219 2129; x_wconf 90' lang='lat' dir='ltr'>S,</span> <span class='ocrx_word' id='word_1_169' title='bbox 1252 2057 1310 2118; x_wconf 89' lang='lat' dir='ltr'>hoc</span> <span class='ocrx_word' id='word_1_170' title='bbox 1333 2078 1359 2119; x_wconf 85' lang='lat' dir='ltr'>er</span> 
     </span>
     <span class='ocr_line' id='line_1_20' title="bbox 491 2143 1359 2227; baseline -0.003 -16"><span class='ocrx_word' id='word_1_171' title='bbox 491 2148 591 2212; x_wconf 86' lang='lat' dir='ltr'>Solem</span> <span class='ocrx_word' id='word_1_172' title='bbox 615 2152 787 2227; x_wconf 86' lang='lat' dir='ltr'>porrectus,</span> <span class='ocrx_word' id='word_1_173' title='bbox 821 2153 853 2207; x_wconf 83' lang='lat' dir='ltr'>at</span> <span class='ocrx_word' id='word_1_174' title='bbox 875 2143 925 2225; x_wconf 91' lang='lat' dir='ltr'>qui</span> <span class='ocrx_word' id='word_1_175' title='bbox 947 2145 1093 2206; x_wconf 89' lang='lat' dir='ltr'>hacteuus</span> <span class='ocrx_word' id='word_1_176' title='bbox 1116 2143 1153 2203; x_wconf 95' lang='lat' dir='ltr'>ob</span> <span class='ocrx_word' id='word_1_177' title='bbox 1183 2147 1359 2209; x_wconf 89' lang='lat' dir='ltr'>declinatiou</span> 
     </span>
     <span class='ocr_line' id='line_1_21' title="bbox 489 2230 1341 2316; baseline -0.004 -17"><span class='ocrx_word' id='word_1_178' title='bbox 489 2237 600 2299; x_wconf 87' lang='lat' dir='ltr'>nullam</span> <span class='ocrx_word' id='word_1_179' title='bbox 616 2234 773 2295; x_wconf 80' lang='lat' dir='ltr'>abitinere</span> <span class='ocrx_word' id='word_1_180' title='bbox 792 2233 875 2313; x_wconf 90' lang='lat' dir='ltr'>regio</span> <span class='ocrx_word' id='word_1_181' title='bbox 891 2230 974 2294; x_wconf 81' lang='lat' dir='ltr'>CBA</span> <span class='ocrx_word' id='word_1_182' title='bbox 994 2233 1217 2312; x_wconf 85' lang='lat' dir='ltr'>prolectaverat</span> <span class='ocrx_word' id='word_1_183' title='bbox 1235 2255 1341 2316; x_wconf 86' lang='lat' dir='ltr'>corpus</span> 
     </span>
     <span class='ocr_line' id='line_1_22' title="bbox 437 2318 1359 2405; baseline -0.001 -18"><span class='ocrx_word' id='word_1_184' title='bbox 437 2318 439 2325; x_wconf 31' lang='lat'>⁸</span> <span class='ocrx_word' id='word_1_185' title='bbox 490 2337 524 2387; x_wconf 90' lang='lat' dir='ltr'>ut</span> <span class='ocrx_word' id='word_1_186' title='bbox 546 2325 660 2397; x_wconf 88' lang='lat' dir='ltr'>eodem,</span> <span class='ocrx_word' id='word_1_187' title='bbox 685 2342 789 2403; x_wconf 89' lang='lat' dir='ltr'>nempe</span> <span class='ocrx_word' id='word_1_188' title='bbox 813 2322 841 2383; x_wconf 93' lang='lat' dir='ltr'>iu</span> <span class='ocrx_word' id='word_1_189' title='bbox 864 2321 985 2402; x_wconf 86' lang='lat' dir='ltr'>plagam</span> <span class='ocrx_word' id='word_1_190' title='bbox 1001 2323 1030 2383; x_wconf 92' lang='lat' dir='ltr'>N</span> <span class='ocrx_word' id='word_1_191' title='bbox 1054 2330 1236 2397; x_wconf 84' lang='lat' dir='ltr'>excurreret,</span> <span class='ocrx_word' id='word_1_192' title='bbox 1262 2345 1359 2405; x_wconf 87' lang='lat' dir='ltr'>quorsr</span> 
     </span>
     <span class='ocr_line' id='line_1_23' title="bbox 491 2410 1360 2493; baseline -0.002 -17"><span class='ocrx_word' id='word_1_193' title='bbox 491 2415 646 2477; x_wconf 77' lang='lat' dir='ltr'>cedentem</span> <span class='ocrx_word' id='word_1_194' title='bbox 667 2422 785 2493; x_wconf 90' lang='lat' dir='ltr'>partem</span> <span class='ocrx_word' id='word_1_195' title='bbox 807 2411 836 2473; x_wconf 88' lang='lat' dir='ltr'>K</span> <span class='ocrx_word' id='word_1_196' title='bbox 859 2418 1010 2487; x_wconf 77' lang='lat' dir='ltr'>verterat3</span> <span class='ocrx_word' id='word_1_197' title='bbox 1030 2411 1095 2489; x_wconf 90' lang='lat' dir='ltr'>jam</span> <span class='ocrx_word' id='word_1_198' title='bbox 1119 2410 1148 2471; x_wconf 94' lang='lat' dir='ltr'>in</span> <span class='ocrx_word' id='word_1_199' title='bbox 1173 2413 1332 2488; x_wconf 89' lang='lat' dir='ltr'>limitibus,</span> <span class='ocrx_word' id='word_1_200' title='bbox 1355 2415 1360 2474; x_wconf 92' lang='lat' dir='ltr'>i</span> 
     </span>
     <span class='ocr_line' id='line_1_24' title="bbox 491 2498 1360 2584; baseline 0 -19"><span class='ocrx_word' id='word_1_201' title='bbox 491 2505 530 2567; x_wconf 87' lang='lat' dir='ltr'>ad</span> <span class='ocrx_word' id='word_1_202' title='bbox 551 2504 673 2584; x_wconf 90' lang='lat' dir='ltr'>planum</span> <span class='ocrx_word' id='word_1_203' title='bbox 698 2500 816 2579; x_wconf 92' lang='lat' dir='ltr'>quidem</span> <span class='ocrx_word' id='word_1_204' title='bbox 839 2498 996 2581; x_wconf 89' lang='lat' dir='ltr'>eclipticae</span> <span class='ocrx_word' id='word_1_205' title='bbox 1020 2498 1096 2564; x_wconf 80' lang='lat' dir='ltr'>GBS</span> <span class='ocrx_word' id='word_1_206' title='bbox 1120 2503 1234 2563; x_wconf 89' lang='lat' dir='ltr'>mansit</span> <span class='ocrx_word' id='word_1_207' title='bbox 1258 2503 1360 2576; x_wconf 81' lang='lat' dir='ltr'>(dixin</span> 
     </span>
     <span class='ocr_line' id='line_1_25' title="bbox 491 2589 1360 2671; baseline -0.001 -15"><span class='ocrx_word' id='word_1_208' title='bbox 491 2593 614 2656; x_wconf 89' lang='lat' dir='ltr'>inomni</span> <span class='ocrx_word' id='word_1_209' title='bbox 638 2591 696 2652; x_wconf 92' lang='lat' dir='ltr'>situ</span> <span class='ocrx_word' id='word_1_210' title='bbox 713 2608 832 2651; x_wconf 81' lang='lat' dir='ltr'>manere</span> <span class='ocrx_word' id='word_1_211' title='bbox 848 2589 904 2650; x_wconf 86' lang='lat' dir='ltr'>sibi</span> <span class='ocrx_word' id='word_1_212' title='bbox 925 2589 984 2671; x_wconf 84' lang='lat' dir='ltr'>ipsi</span> <span class='ocrx_word' id='word_1_213' title='bbox 1007 2589 1277 2670; x_wconf 86' lang='lat' dir='ltr'>aequidistautem;</span> <span class='ocrx_word' id='word_1_214' title='bbox 1302 2612 1360 2655; x_wconf 91' lang='lat' dir='ltr'>sem</span> 
     </span>
     <span class='ocr_line' id='line_1_26' title="bbox 492 2677 1360 2762; baseline -0.006 -16"><span class='ocrx_word' id='word_1_215' title='bbox 492 2683 652 2747; x_wconf 90' lang='lat' dir='ltr'>inclinatus</span> <span class='ocrx_word' id='word_1_216' title='bbox 675 2680 713 2739; x_wconf 85' lang='lat' dir='ltr'>ad</span> <span class='ocrx_word' id='word_1_217' title='bbox 736 2679 857 2760; x_wconf 88' lang='lat' dir='ltr'>planum</span> <span class='ocrx_word' id='word_1_218' title='bbox 889 2677 1045 2759; x_wconf 90' lang='lat' dir='ltr'>eclipticae</span> <span class='ocrx_word' id='word_1_219' title='bbox 1078 2697 1195 2762; x_wconf 89' lang='lat' dir='ltr'>semper</span> <span class='ocrx_word' id='word_1_220' title='bbox 1224 2682 1360 2744; x_wconf 85' lang='lat' dir='ltr'>inclinabi</span> 
     </span>
     <span class='ocr_line' id='line_1_27' title="bbox 493 2767 1360 2850; baseline -0.002 -16"><span class='ocrx_word' id='word_1_221' title='bbox 493 2775 530 2834; x_wconf 86' lang='lat' dir='ltr'>ab</span> <span class='ocrx_word' id='word_1_222' title='bbox 554 2772 660 2833; x_wconf 89' lang='lat' dir='ltr'>itinere</span> <span class='ocrx_word' id='word_1_223' title='bbox 684 2768 749 2850; x_wconf 88' lang='lat' dir='ltr'>ipso</span> <span class='ocrx_word' id='word_1_224' title='bbox 773 2767 864 2842; x_wconf 86' lang='lat' dir='ltr'>regio,</span> <span class='ocrx_word' id='word_1_225' title='bbox 888 2767 946 2828; x_wconf 91' lang='lat' dir='ltr'>hoc</span> <span class='ocrx_word' id='word_1_226' title='bbox 970 2778 1017 2830; x_wconf 86' lang='lat' dir='ltr'>cst</span> <span class='ocrx_word' id='word_1_227' title='bbox 1034 2790 1052 2828; x_wconf 90' lang='lat' dir='ltr'>a</span> <span class='ocrx_word' id='word_1_228' title='bbox 1068 2767 1310 2833; x_wconf 88' lang='lat' dir='ltr'>circumferentia</span> <span class='ocrx_word' id='word_1_229' title='bbox 1332 2770 1360 2832; x_wconf 92' lang='lat' dir='ltr'>ill</span> 
     </span>
     <span class='ocr_line' id='line_1_28' title="bbox 494 2845 1360 2939; baseline 0.003 -21"><span class='ocrx_word' id='word_1_230' title='bbox 494 2860 617 2934; x_wconf 85' lang='lat' dir='ltr'>CBAD,</span> <span class='ocrx_word' id='word_1_231' title='bbox 635 2855 745 2937; x_wconf 85' lang='lat' dir='ltr'>ipsein</span> <span class='ocrx_word' id='word_1_232' title='bbox 761 2845 820 2918; x_wconf 85' lang='lat' dir='ltr'>GH</span> <span class='ocrx_word' id='word_1_233' title='bbox 836 2856 1016 2918; x_wconf 89' lang='lat' dir='ltr'>constitutus</span> <span class='ocrx_word' id='word_1_234' title='bbox 1033 2877 1091 2917; x_wconf 93' lang='lat' dir='ltr'>nou</span> <span class='ocrx_word' id='word_1_235' title='bbox 1112 2859 1240 2939; x_wconf 85' lang='lat' dir='ltr'>amplius</span> <span class='ocrx_word' id='word_1_236' title='bbox 1256 2859 1360 2923; x_wconf 78' lang='lat' dir='ltr'>declini</span> 
     </span>
     <span class='ocr_line' id='line_1_29' title="bbox 494 2946 1358 3024; baseline -0.001 -13"><span class='ocrx_word' id='word_1_237' title='bbox 494 2950 571 3011; x_wconf 87' lang='lat' dir='ltr'>euim</span> <span class='ocrx_word' id='word_1_238' title='bbox 595 2949 623 3008; x_wconf 92' lang='lat' dir='ltr'>in</span> <span class='ocrx_word' id='word_1_239' title='bbox 649 2947 805 3007; x_wconf 81' lang='lat' dir='ltr'>adversum</span> <span class='ocrx_word' id='word_1_240' title='bbox 822 2946 861 3019; x_wconf 85' lang='lat' dir='ltr'>A,</span> <span class='ocrx_word' id='word_1_241' title='bbox 885 2964 978 3024; x_wconf 86' lang='lat' dir='ltr'>neque</span> <span class='ocrx_word' id='word_1_242' title='bbox 1002 2955 1083 3007; x_wconf 89' lang='lat' dir='ltr'>retro</span> <span class='ocrx_word' id='word_1_243' title='bbox 1102 2946 1173 3012; x_wconf 84' lang='lat' dir='ltr'>inc</span> <span class='ocrx_word' id='word_1_244' title='bbox 1196 2949 1280 3023; x_wconf 84' lang='lat' dir='ltr'>uuit;</span> <span class='ocrx_word' id='word_1_245' title='bbox 1303 2948 1358 3011; x_wconf 84' lang='lat' dir='ltr'>sed</span> 
     </span>
     <span class='ocr_line' id='line_1_30' title="bbox 494 3034 1360 3116; baseline -0.001 -15"><span class='ocrx_word' id='word_1_246' title='bbox 494 3040 581 3101; x_wconf 92' lang='lat' dir='ltr'>modo</span> <span class='ocrx_word' id='word_1_247' title='bbox 605 3036 739 3099; x_wconf 86' lang='lat' dir='ltr'>adlatus</span> <span class='ocrx_word' id='word_1_248' title='bbox 760 3053 813 3095; x_wconf 88' lang='lat' dir='ltr'>seu</span> <span class='ocrx_word' id='word_1_249' title='bbox 837 3034 875 3094; x_wconf 89' lang='lat' dir='ltr'>ad</span> <span class='ocrx_word' id='word_1_250' title='bbox 891 3034 991 3113; x_wconf 90' lang='lat' dir='ltr'>polum</span> <span class='ocrx_word' id='word_1_251' title='bbox 1015 3035 1127 3109; x_wconf 90' lang='lat' dir='ltr'>abuuit,</span> <span class='ocrx_word' id='word_1_252' title='bbox 1152 3056 1294 3116; x_wconf 88' lang='lat' dir='ltr'>quorsum</span> <span class='ocrx_word' id='word_1_253' title='bbox 1314 3037 1360 3100; x_wconf 88' lang='lat' dir='ltr'>ite</span> 
     </span>
     <span class='ocr_line' id='line_1_31' title="bbox 495 3125 1360 3206; baseline -0.002 -16"><span class='ocrx_word' id='word_1_254' title='bbox 495 3138 552 3190; x_wconf 92' lang='lat' dir='ltr'>est.</span> <span class='ocrx_word' id='word_1_255' title='bbox 598 3125 693 3205; x_wconf 82' lang='lat' dir='ltr'>Igitur</span> <span class='ocrx_word' id='word_1_256' title='bbox 722 3125 844 3204; x_wconf 89' lang='lat' dir='ltr'>planeta</span> <span class='ocrx_word' id='word_1_257' title='bbox 875 3125 956 3185; x_wconf 87' lang='lat' dir='ltr'>ultra</span> <span class='ocrx_word' id='word_1_258' title='bbox 986 3127 1012 3187; x_wconf 90' lang='lat' dir='ltr'>B</span> <span class='ocrx_word' id='word_1_259' title='bbox 1043 3133 1195 3203; x_wconf 91' lang='lat' dir='ltr'>promoto,</span> <span class='ocrx_word' id='word_1_260' title='bbox 1227 3127 1289 3206; x_wconf 87' lang='lat' dir='ltr'>jam</span> <span class='ocrx_word' id='word_1_261' title='bbox 1321 3126 1360 3188; x_wconf 88' lang='lat' dir='ltr'>alt</span> 
     </span>
     <span class='ocr_line' id='line_1_32' title="bbox 168 3212 1346 3301; baseline -0.004 -19"><span class='ocrx_word' id='word_1_262' title='bbox 168 3236 240 3296; x_wconf 77' lang='lat' dir='ltr'>pare</span> <span class='ocrx_word' id='word_1_263' title='bbox 257 3217 296 3292; x_wconf 92' lang='lat' dir='ltr'>G,</span> <span class='ocrx_word' id='word_1_264' title='bbox 320 3220 442 3301; x_wconf 88' lang='lat' dir='ltr'>quaein</span> <span class='ocrx_word' id='word_1_265' title='bbox 459 3216 611 3281; x_wconf 90' lang='lat' dir='ltr'>meridiem</span> <span class='ocrx_word' id='word_1_266' title='bbox 635 3213 740 3293; x_wconf 76' lang='lat' dir='ltr'>vergit,</span> <span class='ocrx_word' id='word_1_267' title='bbox 764 3212 927 3293; x_wconf 91' lang='lat' dir='ltr'>praecedit,</span> <span class='ocrx_word' id='word_1_268' title='bbox 948 3214 1065 3295; x_wconf 88' lang='lat' dir='ltr'>istoque</span> <span class='ocrx_word' id='word_1_269' title='bbox 1084 3223 1173 3292; x_wconf 87' lang='lat' dir='ltr'>pacto</span> <span class='ocrx_word' id='word_1_270' title='bbox 1192 3216 1346 3295; x_wconf 83' lang='lat' dir='ltr'>planetam</span> 
     </span>
     <span class='ocr_line' id='line_1_33' title="bbox 166 3300 1361 3385; baseline 0 -18"><span class='ocrx_word' id='word_1_271' title='bbox 166 3307 360 3371; x_wconf 90' lang='lat' dir='ltr'>inclinatione</span> <span class='ocrx_word' id='word_1_272' title='bbox 384 3310 521 3370; x_wconf 87' lang='lat' dir='ltr'>maxima</span> <span class='ocrx_word' id='word_1_273' title='bbox 542 3307 571 3369; x_wconf 89' lang='lat' dir='ltr'>N</span> <span class='ocrx_word' id='word_1_274' title='bbox 595 3323 649 3385; x_wconf 89' lang='lat' dir='ltr'>per</span> <span class='ocrx_word' id='word_1_275' title='bbox 672 3300 779 3367; x_wconf 85' lang='lat' dir='ltr'>nodum</span> <span class='ocrx_word' id='word_1_276' title='bbox 804 3302 1035 3365; x_wconf 87' lang='lat' dir='ltr'>descendentem</span> <span class='ocrx_word' id='word_1_277' title='bbox 1059 3304 1086 3364; x_wconf 83' lang='lat' dir='ltr'>A</span> <span class='ocrx_word' id='word_1_278' title='bbox 1111 3305 1149 3365; x_wconf 89' lang='lat' dir='ltr'>ad</span> <span class='ocrx_word' id='word_1_279' title='bbox 1168 3304 1361 3367; x_wconf 87' lang='lat' dir='ltr'>inclinatione</span> 
     </span>
    </p>
   </div>
   <div class='ocr_carea' id='block_1_3' title="bbox 166 3393 1361 3567">
    <p class='ocr_par' dir='ltr' id='par_1_3' title="bbox 166 3393 1361 3567">
     <span class='ocr_line' id='line_1_34' title="bbox 166 3393 656 3478; baseline -0.008 -21"><span class='ocrx_word' id='word_1_280' title='bbox 166 3415 245 3458; x_wconf 85' lang='lat' dir='ltr'>mam</span> <span class='ocrx_word' id='word_1_281' title='bbox 269 3396 485 3465; x_wconf 69' lang='lat' dir='ltr'>austrinamO</span> <span class='ocrx_word' id='word_1_282' title='bbox 511 3393 656 3478; x_wconf 89' lang='lat' dir='ltr'>perducit.</span> 
     </span>
     <span class='ocr_line' id='line_1_35' title="bbox 254 3477 1361 3567; baseline -0.005 -18"><span class='ocrx_word' id='word_1_283' title='bbox 254 3488 355 3567; x_wconf 88' lang='lat' dir='ltr'>Atque</span> <span class='ocrx_word' id='word_1_284' title='bbox 378 3487 426 3550; x_wconf 94' lang='lat' dir='ltr'>hic</span> <span class='ocrx_word' id='word_1_285' title='bbox 451 3482 653 3548; x_wconf 88' lang='lat' dir='ltr'>inclinationis</span> <span class='ocrx_word' id='word_1_286' title='bbox 677 3479 743 3542; x_wconf 88' lang='lat' dir='ltr'>axis</span> <span class='ocrx_word' id='word_1_287' title='bbox 767 3477 886 3557; x_wconf 91' lang='lat' dir='ltr'>quidam</span> <span class='ocrx_word' id='word_1_288' title='bbox 910 3479 995 3559; x_wconf 87' lang='lat' dir='ltr'>quasi</span> <span class='ocrx_word' id='word_1_289' title='bbox 1020 3499 1117 3541; x_wconf 91' lang='lat' dir='ltr'>remus</span> <span class='ocrx_word' id='word_1_290' title='bbox 1133 3488 1197 3541; x_wconf 90' lang='lat' dir='ltr'>est:</span> <span class='ocrx_word' id='word_1_291' title='bbox 1224 3479 1293 3559; x_wconf 81' lang='lat' dir='ltr'>quia</span> <span class='ocrx_word' id='word_1_292' title='bbox 1308 3501 1361 3561; x_wconf 80' lang='lat' dir='ltr'>qut</span> 
     </span>
    </p>
   </div>
   <div class='ocr_carea' id='block_1_4' title="bbox 166 3568 1361 3906">
    <p class='ocr_par' dir='ltr' id='par_1_4' title="bbox 166 3568 1361 3906">
     <span class='ocr_line' id='line_1_36' title="bbox 168 3568 1361 3656; baseline -0.003 -21"><span class='ocrx_word' id='word_1_293' title='bbox 168 3576 257 3637; x_wconf 90' lang='lat' dir='ltr'>remis</span> <span class='ocrx_word' id='word_1_294' title='bbox 281 3585 456 3656; x_wconf 80' lang='lat' dir='ltr'>praestant,</span> <span class='ocrx_word' id='word_1_295' title='bbox 486 3584 519 3637; x_wconf 90' lang='lat' dir='ltr'>ut</span> <span class='ocrx_word' id='word_1_296' title='bbox 543 3575 580 3636; x_wconf 89' lang='lat' dir='ltr'>ab</span> <span class='ocrx_word' id='word_1_297' title='bbox 604 3591 662 3632; x_wconf 91' lang='lat' dir='ltr'>uua</span> <span class='ocrx_word' id='word_1_298' title='bbox 685 3571 749 3650; x_wconf 88' lang='lat' dir='ltr'>ripa</span> <span class='ocrx_word' id='word_1_299' title='bbox 774 3568 802 3627; x_wconf 92' lang='lat' dir='ltr'>iu</span> <span class='ocrx_word' id='word_1_300' title='bbox 827 3569 953 3630; x_wconf 88' lang='lat' dir='ltr'>alteram</span> <span class='ocrx_word' id='word_1_301' title='bbox 975 3568 1146 3647; x_wconf 85' lang='lat' dir='ltr'>trajiciant,</span> <span class='ocrx_word' id='word_1_302' title='bbox 1180 3569 1235 3631; x_wconf 87' lang='lat' dir='ltr'>hoc</span> <span class='ocrx_word' id='word_1_303' title='bbox 1257 3570 1361 3649; x_wconf 86' lang='lat' dir='ltr'>planet</span> 
     </span>
     <span class='ocr_line' id='line_1_37' title="bbox 167 3657 1361 3746; baseline -0.003 -21"><span class='ocrx_word' id='word_1_304' title='bbox 167 3666 266 3743; x_wconf 90' lang='lat' dir='ltr'>quitur</span> <span class='ocrx_word' id='word_1_305' title='bbox 288 3685 343 3746; x_wconf 85' lang='lat' dir='ltr'>per</span> <span class='ocrx_word' id='word_1_306' title='bbox 365 3667 441 3728; x_wconf 88' lang='lat' dir='ltr'>huno</span> <span class='ocrx_word' id='word_1_307' title='bbox 464 3660 666 3726; x_wconf 89' lang='lat' dir='ltr'>inclinationis</span> <span class='ocrx_word' id='word_1_308' title='bbox 690 3677 794 3730; x_wconf 87' lang='lat' dir='ltr'>axem,</span> <span class='ocrx_word' id='word_1_309' title='bbox 831 3659 984 3738; x_wconf 89' lang='lat' dir='ltr'>trajiciens</span> <span class='ocrx_word' id='word_1_310' title='bbox 1014 3679 1043 3719; x_wconf 88' lang='lat' dir='ltr'>a.</span> <span class='ocrx_word' id='word_1_311' title='bbox 1062 3657 1156 3720; x_wconf 87' lang='lat' dir='ltr'>borea</span> <span class='ocrx_word' id='word_1_312' title='bbox 1178 3658 1207 3718; x_wconf 93' lang='lat' dir='ltr'>in</span> <span class='ocrx_word' id='word_1_313' title='bbox 1232 3667 1361 3721; x_wconf 83' lang='lat' dir='ltr'>austrum</span> 
     </span>
     <span class='ocr_line' id='line_1_38' title="bbox 166 3744 1361 3829; baseline -0.003 -16"><span class='ocrx_word' id='word_1_314' title='bbox 166 3752 283 3828; x_wconf 74' lang='lat' dir='ltr'>cissim,</span> <span class='ocrx_word' id='word_1_315' title='bbox 303 3756 438 3829; x_wconf 90' lang='lat' dir='ltr'>flumiue,</span> <span class='ocrx_word' id='word_1_316' title='bbox 463 3755 518 3816; x_wconf 90' lang='lat' dir='ltr'>hoc</span> <span class='ocrx_word' id='word_1_317' title='bbox 542 3760 590 3813; x_wconf 89' lang='lat' dir='ltr'>est</span> <span class='ocrx_word' id='word_1_318' title='bbox 614 3746 713 3828; x_wconf 87' lang='lat' dir='ltr'>specie</span> <span class='ocrx_word' id='word_1_319' title='bbox 737 3747 940 3809; x_wconf 85' lang='lat' dir='ltr'>immateriata</span> <span class='ocrx_word' id='word_1_320' title='bbox 964 3744 1056 3822; x_wconf 88' lang='lat' dir='ltr'>Solis,</span> <span class='ocrx_word' id='word_1_321' title='bbox 1079 3765 1134 3826; x_wconf 85' lang='lat' dir='ltr'>per</span> <span class='ocrx_word' id='word_1_322' title='bbox 1155 3747 1236 3808; x_wconf 82' lang='lat' dir='ltr'>vitm</span> <span class='ocrx_word' id='word_1_323' title='bbox 1259 3756 1361 3811; x_wconf 88' lang='lat' dir='ltr'>rectau</span> 
     </span>
     <span class='ocr_line' id='line_1_39' title="bbox 168 3841 331 3906; baseline 0.025 -5"><span class='ocrx_word' id='word_1_324' title='bbox 168 3841 331 3906; x_wconf 86' lang='lat' dir='ltr'>incedente.</span> 
     </span>
    </p>
   </div>
   <div class='ocr_carea' id='block_1_5' title="bbox 276 3093 340 3149">
    <p class='ocr_par' dir='ltr' id='par_1_5' title="bbox 276 3093 340 3149">
     <span class='ocr_line' id='line_1_40' title="bbox 276 3093 340 3149; baseline 0 -17"><span class='ocrx_word' id='word_1_325' title='bbox 276 3093 291 3133; x_wconf 72' lang='lat' dir='ltr'>r,</span> <span class='ocrx_word' id='word_1_326' title='bbox 316 3096 340 3149; x_wconf 68' lang='lat' dir='ltr'>ru</span> 
     </span>
    </p>
   </div>
   <div class='ocr_carea' id='block_1_6' title="bbox 166 3922 1362 4896">
    <p class='ocr_par' dir='ltr' id='par_1_6' title="bbox 166 3922 1362 4189">
     <span class='ocr_line' id='line_1_41' title="bbox 259 3922 1361 4011; baseline -0.006 -17"><span class='ocrx_word' id='word_1_327' title='bbox 259 3930 349 4003; x_wconf 82' lang='lat' dir='ltr'>Quod</span> <span class='ocrx_word' id='word_1_328' title='bbox 373 3930 584 4011; x_wconf 87' lang='lat' dir='ltr'>geometricam</span> <span class='ocrx_word' id='word_1_329' title='bbox 610 3923 823 3986; x_wconf 86' lang='lat' dir='ltr'>dimensionem</span> <span class='ocrx_word' id='word_1_330' title='bbox 848 3923 966 3994; x_wconf 89' lang='lat' dir='ltr'>attinet,</span> <span class='ocrx_word' id='word_1_331' title='bbox 990 3922 1063 3983; x_wconf 92' lang='lat' dir='ltr'>nihil</span> <span class='ocrx_word' id='word_1_332' title='bbox 1087 3931 1135 3984; x_wconf 89' lang='lat' dir='ltr'>est</span> <span class='ocrx_word' id='word_1_333' title='bbox 1158 3943 1232 4002; x_wconf 91' lang='lat' dir='ltr'>opus</span> <span class='ocrx_word' id='word_1_334' title='bbox 1259 3925 1361 3988; x_wconf 87' lang='lat' dir='ltr'>verbis</span> 
     </span>
     <span class='ocr_line' id='line_1_42' title="bbox 170 4008 1318 4100; baseline -0.003 -21"><span class='ocrx_word' id='word_1_335' title='bbox 170 4020 227 4082; x_wconf 91' lang='lat' dir='ltr'>sibi</span> <span class='ocrx_word' id='word_1_336' title='bbox 249 4022 416 4100; x_wconf 87' lang='lat' dir='ltr'>parallelos</span> <span class='ocrx_word' id='word_1_337' title='bbox 439 4028 536 4082; x_wconf 89' lang='lat' dir='ltr'>tractu</span> <span class='ocrx_word' id='word_1_338' title='bbox 561 4015 714 4077; x_wconf 90' lang='lat' dir='ltr'>rectilineo</span> <span class='ocrx_word' id='word_1_339' title='bbox 737 4008 876 4074; x_wconf 88' lang='lat' dir='ltr'>traducta</span> <span class='ocrx_word' id='word_1_340' title='bbox 898 4021 979 4073; x_wconf 92' lang='lat' dir='ltr'>motu</span> <span class='ocrx_word' id='word_1_341' title='bbox 1004 4031 1057 4073; x_wconf 91' lang='lat' dir='ltr'>suo</span> <span class='ocrx_word' id='word_1_342' title='bbox 1081 4021 1165 4074; x_wconf 91' lang='lat' dir='ltr'>creat</span> <span class='ocrx_word' id='word_1_343' title='bbox 1186 4012 1318 4091; x_wconf 89' lang='lat' dir='ltr'>planum.</span> 
     </span>
     <span class='ocr_line' id='line_1_43' title="bbox 166 4100 1362 4189; baseline -0.007 -20"><span class='ocrx_word' id='word_1_344' title='bbox 166 4107 231 4189; x_wconf 83' lang='lat' dir='ltr'>ipso</span> <span class='ocrx_word' id='word_1_345' title='bbox 264 4118 312 4172; x_wconf 90' lang='lat' dir='ltr'>est</span> <span class='ocrx_word' id='word_1_346' title='bbox 346 4119 448 4183; x_wconf 87' lang='lat' dir='ltr'>recta,</span> <span class='ocrx_word' id='word_1_347' title='bbox 487 4117 518 4169; x_wconf 90' lang='lat' dir='ltr'>et</span> <span class='ocrx_word' id='word_1_348' title='bbox 552 4126 610 4185; x_wconf 89' lang='lat' dir='ltr'>qua</span> <span class='ocrx_word' id='word_1_349' title='bbox 642 4103 740 4181; x_wconf 84' lang='lat' dir='ltr'>vergit</span> <span class='ocrx_word' id='word_1_350' title='bbox 772 4100 820 4161; x_wconf 91' lang='lat' dir='ltr'>ille</span> <span class='ocrx_word' id='word_1_351' title='bbox 855 4104 992 4179; x_wconf 85' lang='lat' dir='ltr'>(vergere</span> <span class='ocrx_word' id='word_1_352' title='bbox 1021 4110 1120 4162; x_wconf 90' lang='lat' dir='ltr'>autem</span> <span class='ocrx_word' id='word_1_353' title='bbox 1145 4110 1276 4164; x_wconf 91' lang='lat' dir='ltr'>tractum</span> <span class='ocrx_word' id='word_1_354' title='bbox 1299 4122 1362 4182; x_wconf 75' lang='lat' dir='ltr'>pra·</span> 
     </span>
    </p>

    <p class='ocr_par' dir='ltr' id='par_1_7' title="bbox 653 4190 1362 4896">
     <span class='ocr_line' id='line_1_44' title="bbox 653 4190 1361 4264; baseline 0.011 -19"><span class='ocrx_word' id='word_1_355' title='bbox 653 4238 657 4245; x_wconf 95' lang='lat'>.</span> <span class='ocrx_word' id='word_1_356' title='bbox 699 4191 839 4264; x_wconf 88' lang='lat' dir='ltr'>rectum),</span> <span class='ocrx_word' id='word_1_357' title='bbox 862 4190 919 4251; x_wconf 89' lang='lat' dir='ltr'>hac</span> <span class='ocrx_word' id='word_1_358' title='bbox 949 4200 980 4250; x_wconf 86' lang='lat' dir='ltr'>et</span> <span class='ocrx_word' id='word_1_359' title='bbox 1009 4191 1185 4252; x_wconf 87' lang='lat' dir='ltr'>traducitur.</span> <span class='ocrx_word' id='word_1_360' title='bbox 1238 4191 1361 4255; x_wconf 76' lang='lat' dir='ltr'>Deserit</span> 
     </span>
     <span class='ocr_line' id='line_1_45' title="bbox 698 4278 1362 4361; baseline 0.003 -22"><span class='ocrx_word' id='word_1_361' title='bbox 698 4281 835 4361; x_wconf 88' lang='lat' dir='ltr'>planum,</span> <span class='ocrx_word' id='word_1_362' title='bbox 860 4280 937 4359; x_wconf 91' lang='lat' dir='ltr'>quod</span> <span class='ocrx_word' id='word_1_363' title='bbox 962 4279 985 4339; x_wconf 89' lang='lat' dir='ltr'>si</span> <span class='ocrx_word' id='word_1_364' title='bbox 1011 4278 1213 4352; x_wconf 89' lang='lat' dir='ltr'>continuetur,</span> <span class='ocrx_word' id='word_1_365' title='bbox 1239 4289 1326 4343; x_wconf 88' lang='lat' dir='ltr'>secat</span> <span class='ocrx_word' id='word_1_366' title='bbox 1356 4303 1362 4341; x_wconf 91' lang='lat' dir='ltr'>r</span> 
     </span>
     <span class='ocr_line' id='line_1_46' title="bbox 695 4368 1362 4445; baseline 0.001 -15"><span class='ocrx_word' id='word_1_367' title='bbox 695 4370 819 4430; x_wconf 86' lang='lat' dir='ltr'>lixarum</span> <span class='ocrx_word' id='word_1_368' title='bbox 847 4368 878 4427; x_wconf 93' lang='lat' dir='ltr'>iu</span> <span class='ocrx_word' id='word_1_369' title='bbox 911 4368 1006 4429; x_wconf 85' lang='lat' dir='ltr'>forma</span> <span class='ocrx_word' id='word_1_370' title='bbox 1028 4368 1129 4429; x_wconf 90' lang='lat' dir='ltr'>circuli</span> <span class='ocrx_word' id='word_1_371' title='bbox 1154 4369 1271 4445; x_wconf 88' lang='lat' dir='ltr'>magui,</span> <span class='ocrx_word' id='word_1_372' title='bbox 1304 4370 1362 4431; x_wconf 91' lang='lat' dir='ltr'>inr</span> 
     </span>
     <span class='ocr_line' id='line_1_47' title="bbox 695 4454 1362 4537; baseline 0.004 -17"><span class='ocrx_word' id='word_1_373' title='bbox 695 4454 828 4520; x_wconf 85' lang='lat' dir='ltr'>FEGH:</span> <span class='ocrx_word' id='word_1_374' title='bbox 861 4457 930 4535; x_wconf 89' lang='lat' dir='ltr'>quia</span> <span class='ocrx_word' id='word_1_375' title='bbox 954 4466 1038 4518; x_wconf 90' lang='lat' dir='ltr'>secat</span> <span class='ocrx_word' id='word_1_376' title='bbox 1069 4457 1225 4536; x_wconf 91' lang='lat' dir='ltr'>eclipticae</span> <span class='ocrx_word' id='word_1_377' title='bbox 1258 4457 1362 4537; x_wconf 84' lang='lat' dir='ltr'>plannr</span> 
     </span>
     <span class='ocr_line' id='line_1_48' title="bbox 695 4542 1335 4609; baseline 0.002 -2"><span class='ocrx_word' id='word_1_378' title='bbox 695 4553 799 4608; x_wconf 90' lang='lat' dir='ltr'>centro</span> <span class='ocrx_word' id='word_1_379' title='bbox 832 4542 933 4606; x_wconf 91' lang='lat' dir='ltr'>muudi</span> <span class='ocrx_word' id='word_1_380' title='bbox 964 4565 1017 4606; x_wconf 89' lang='lat' dir='ltr'>seu</span> <span class='ocrx_word' id='word_1_381' title='bbox 1042 4543 1123 4607; x_wconf 89' lang='lat' dir='ltr'>Solis</span> <span class='ocrx_word' id='word_1_382' title='bbox 1147 4546 1185 4607; x_wconf 90' lang='lat' dir='ltr'>A.</span> <span class='ocrx_word' id='word_1_383' title='bbox 1232 4547 1276 4609; x_wconf 91' lang='lat' dir='ltr'>Ut</span> <span class='ocrx_word' id='word_1_384' title='bbox 1297 4547 1335 4608; x_wconf 89' lang='lat' dir='ltr'>de</span> 
     </span>
     <span class='ocr_line' id='line_1_49' title="bbox 696 4634 1362 4716; baseline -0.005 -19"><span class='ocrx_word' id='word_1_385' title='bbox 696 4634 898 4697; x_wconf 88' lang='lat' dir='ltr'>confirmatior</span> <span class='ocrx_word' id='word_1_386' title='bbox 913 4634 964 4708; x_wconf 89' lang='lat' dir='ltr'>sis,</span> <span class='ocrx_word' id='word_1_387' title='bbox 989 4636 1149 4716; x_wconf 85' lang='lat' dir='ltr'>perpende,</span> <span class='ocrx_word' id='word_1_388' title='bbox 1170 4635 1362 4698; x_wconf 67' lang='lat' dir='ltr'>sectionesar</span> 
     </span>
     <span class='ocr_line' id='line_1_50' title="bbox 696 4723 1362 4798; baseline 0.002 -12"><span class='ocrx_word' id='word_1_389' title='bbox 696 4731 730 4786; x_wconf 91' lang='lat' dir='ltr'>ut</span> <span class='ocrx_word' id='word_1_390' title='bbox 752 4724 781 4783; x_wconf 92' lang='lat' dir='ltr'>in</span> <span class='ocrx_word' id='word_1_391' title='bbox 806 4723 957 4785; x_wconf 87' lang='lat' dir='ltr'>schemate</span> <span class='ocrx_word' id='word_1_392' title='bbox 982 4723 1081 4798; x_wconf 90' lang='lat' dir='ltr'>vides,</span> <span class='ocrx_word' id='word_1_393' title='bbox 1107 4723 1226 4785; x_wconf 89' lang='lat' dir='ltr'>esseio</span> <span class='ocrx_word' id='word_1_394' title='bbox 1251 4723 1362 4787; x_wconf 83' lang='lat' dir='ltr'>locine</span> 
     </span>
     <span class='ocr_line' id='line_1_51' title="bbox 697 4812 1362 4896; baseline 0.009 -23"><span class='ocrx_word' id='word_1_395' title='bbox 697 4812 779 4877; x_wconf 89' lang='lat' dir='ltr'>Solis</span> <span class='ocrx_word' id='word_1_396' title='bbox 815 4813 846 4877; x_wconf 85' lang='lat' dir='ltr'>A</span> <span class='ocrx_word' id='word_1_397' title='bbox 884 4812 1031 4893; x_wconf 86' lang='lat' dir='ltr'>oppositis</span> <span class='ocrx_word' id='word_1_398' title='bbox 1075 4812 1262 4896; x_wconf 81' lang='lat' dir='ltr'>experientia</span> <span class='ocrx_word' id='word_1_399' title='bbox 1301 4819 1362 4878; x_wconf 78' lang='lat' dir='ltr'>tort</span> 
     </span>
    </p>
   </div>
   <div class='ocr_carea' id='block_1_7' title="bbox 0 0 1653 5550">
    <p class='ocr_par' dir='ltr' id='par_1_8' title="bbox 0 0 1653 5550">
     <span class='ocr_line' id='line_1_52' title="bbox 0 0 1653 5550; baseline 0 0"><span class='ocrx_word' id='word_1_400' title='bbox 0 0 1653 5550; x_wconf 95' lang='lat' dir='ltr'> </span> 
     </span>
    </p>
   </div>
  </div>
 </body>
</html>
