3278 5550
147 291 210 362 154
509 301 540 353 ln
558 299 741 355 Commentario
759 301 789 354 da
807 304 912 355 ιιιοιιιιιι
934 303 1022 354 stellae
1040 301 1128 354 Morus

142 481 248 534 Josuas
270 495 376 534 summa
396 481 450 534 huc
463 482 580 544 redibat,
603 488 635 537 ιιι
649 484 701 536 hoc
713 483 754 538 sio
767 484 820 539 sibi
843 485 955 541 videri
978 489 1090 556 posset,
1114 481 1240 554 quicquid
1254 478 1366 536 interim
1385 485 1489 533 assat:

144 560 245 633 quippe
269 560 321 613 hoc
344 556 429 613 rideri
451 578 550 616 vanum
574 570 603 617 et
625 563 731 617 irritum
755 583 809 620 non
832 566 893 630 isit,
915 568 963 620 sed
987 565 1162 634 conjunctum
1186 579 1247 617 cum
1268 563 1371 616 ellectu
1389 565 1487 630 optata

224 648 277 703 Sed
299 648 361 702 ride
384 650 475 719 Caput
496 653 531 705 X.
561 653 753 708 astronomiae
781 657 869 726 partis
893 656 1022 726 Optiese;
1050 648 1173 708 invenies
1195 651 1329 715 rationes,
1355 664 1406 704 cnr
1427 649 1487 702 adeo

144 729 268 785 omnibus
288 728 442 784 hominibus
465 731 512 785 Sol
536 734 638 786 mereri
661 735 796 799 rideatur,
821 755 874 792 non
896 754 962 792 rero
985 737 1087 790 Terra:
1111 733 1218 787 scilieet
1238 748 1299 786 cum
1323 730 1372 785 Sol
1395 742 1487 799 puras

144 816 296 880 appareat,
325 811 411 863 Terra
437 828 503 864 vero
526 829 642 883 megna;
671 832 759 886 neque
780 817 853 871 Solis
875 825 964 872 motus
992 814 1240 885 comprehendatur
1261 811 1324 866 ιιιιι
1347 809 1384 864 ab
1411 806 1485 863 tard-

143 897 231 945 tatem
258 898 456 959 apparentem,
484 894 532 945 sed
560 894 772 950 ratiocinatione
799 899 902 961 solum,
931 898 966 951 ob
994 900 1129 951 mutatam
1156 901 1222 963 post
1248 897 1358 961 tempos
1386 889 1486 960 aliquod

143 969 375 1041 propinquitatem
397 973 432 1024 ad
452 979 568 1027 montes.
610 975 780 1045 impossibile
801 977 964 1050 igiturest,
985 984 1019 1031 ut
1042 975 1115 1029 ratio
1140 991 1194 1027 non
1220 971 1296 1043 prins
1318 970 1425 1025 monita
1442 967 1485 1023 siu'

143 1050 218 1105 aliud
239 1049 418 1142 imaginetur,
445 1068 528 1122 quam
553 1055 690 1110 Tellurem
716 1074 781 1111 cum
797 1058 923 1151 imposito
954 1056 1023 1111 coeli
1050 1054 1161 1109 fornice
1178 1070 1240 1107 esse
1265 1049 1346 1123 quasi
1365 1064 1486 1122 magun

143 1133 263 1195 domum,
290 1130 318 1184 in
343 1148 399 1223 qua
419 1131 549 1187 immobili
569 1134 616 1188 Sol
638 1142 695 1190 tam
716 1154 805 1207 parva
825 1138 929 1209 specie,
949 1137 1050 1192 ¹instar
1069 1132 1224 1188 volueris
1216 1150 1244 1186 ιιι
1269 1136 1336 1225 alife
1356 1128 1486 1202 ragarh',

143 1212 180 1265 ab
199 1223 257 1265 una
277 1210 392 1282 plaga
384 1230 412 1265 ιιι
433 1211 517 1266 aliam
538 1220 672 1270 transeat.
715 1220 792 1280 Quae
813 1220 881 1274 s'deo
903 1215 1065 1288 imaginatio
1085 1214 1223 1269 hominum
1244 1211 1363 1266 omnium
1382 1209 1486 1281 prim

142 1291 244 1346 lineam
264 1291 366 1346 dedit
359 1308 387 1345 ιιι
407 1309 488 1346 sscrs
507 1295 621 1365 pagina
655 1296 744 1361 Initio,
766 1298 854 1369 inquit
866 1299 966 1361 Moses
988 1295 1094 1351 crearit
1106 1297 1183 1349 Deus
1197 1294 1312 1348 Caelum
1324 1297 1355 1345 et
1368 1291 1494 1352 Terras,

144 1371 210 1443 quia
229 1371 337 1425 scilicet
356 1373 411 1426 hae
440 1374 511 1426 duae
540 1382 636 1445 partes
666 1378 787 1447 potiores
813 1385 959 1432 occurrunt
983 1378 1123 1431 oculorum
1142 1372 1244 1428 sensui.
1287 1371 1376 1457 Quasi
1396 1369 1487 1451 dicarat

142 1452 234 1507 Moses
256 1451 372 1506 homini:
395 1453 492 1507 Totum
514 1454 566 1509 boc
578 1457 737 1511 'aedilicium
752 1461 924 1522 mundanum,
947 1444 1016 1530 quod
1034 1456 1117 1519 rides,
1139 1454 1258 1508 lucidum
1274 1449 1369 1523 supra,
1390 1444 1486 1522 nigrh

143 1531 333 1611 latissimeque
352 1542 509 1602 porrectum
528 1535 608 1603 infra,
630 1537 673 1591 cui
694 1526 797 1593 ihs'istis
819 1547 848 1593 et
869 1557 921 1610 quo
942 1536 1057 1609 tegeris,
1079 1535 1184 1590 crearit
1203 1535 1304 1588 Dens.

222 1621 299 1675 Alibi
320 1621 462 1692 quaeritur
483 1640 519 1677 ex
540 1625 656 1691 homine,
678 1644 743 1681 num
758 1629 954 1701 pervestigare
975 1627 1083 1682 noverit
1103 1623 1278 1680 altitudinem
1298 1620 1369 1674 coeli
1392 1614 1487 1674 anrr'n

144 1707 174 1754 et
194 1701 410 1771 profunditatem
431 1709 522 1757 terrae
542 1706 683 1762 deorsum·
713 1708 780 1779 qula
808 1708 914 1763 scilicet
941 1710 1027 1779 vulgo
1056 1705 1193 1761 hominnm
1220 1702 1330 1757 ridetur
1348 1705 1488 1770 utromque

144 1797 232 1852 aeque
253 1781 364 1836 infinitis
385 1800 532 1838 excurrere
553 1787 661 1879 spatiis.
694 1789 788 1859 Neq'ue
810 1792 902 1844 ιιιιιιιι
923 1789 1041 1851 exstitit,
1063 1786 1108 1858 qui
1123 1800 1207 1839 sanus
1226 1782 1344 1846 audiret,
1358 1787 1392 1834 et
1410 1784 1489 1835 aeae·

144 1877 284 1915 nemorum
305 1862 478 1957 diligentiam
499 1880 548 1918 seu
570 1866 596 1920 in
616 1870 787 1937 ostendenda
807 1869 925 1924 Telluris
946 1866 1161 1922 contentissima
1181 1863 1310 1918 exilitate
1336 1861 1373 1914 ad
1394 1858 1491 1915 ocal·

143 1949 335 2012 comparatae,
358 1959 407 1996 seu
428 1943 455 1998 in
475 1932 697 2018 pervestigandis
718 1949 906 2004 astronomicis
927 1943 1094 2010 intervallis,
1116 1962 1167 2016 per
1187 1944 1258 1998 haec
1276 1942 1366 1995 rerba
1386 1939 1491 1995 circan-¹

144 2021 287 2086 scaberet,
309 2039 369 2077 cum
390 2040 443 2077 non
463 2025 612 2095 loquantur
626 2029 659 2081 de
673 2029 882 2085 ratiocinatoris
895 2027 1070 2091 diluensione,
1092 2027 1140 2080 sed
1153 2027 1187 2079 de
1201 2023 1279 2086 reali,
1294 2037 1368 2092 quse
1379 2021 1493 2076 hum

144 2102 250 2172 corpori
271 2103 353 2156 terris
374 2096 460 2158 affixo
485 2111 631 2177 aeremque
660 2108 778 2164 liberum
806 2109 945 2165 haurienti
974 2108 1086 2202 penitus
1115 2111 1160 2160 est
1189 2101 1375 2175 impossibilis
1417 2101 1494 2195 laga

144 2188 232 2236 totum
261 2180 324 2238 Jobi
354 2191 441 2253 caput
470 2184 626 2244 XXXVIll.
657 2194 686 2242 et
715 2206 846 2279 compara
873 2206 933 2243 cum
964 2188 1009 2253 iis,
1040 2202 1111 2259 quae
1142 2185 1170 2239 in
1199 2181 1387 2239 astronomica
1415 2180 1494 2253 isqs's

143 2262 261 2334 physica
280 2262 466 2355 disputantur

155 2346 159 2355 '
223 2342 252 2396 si
282 2343 342 2414 quis
373 2344 482 2415 allegat
511 2362 548 2399 ex
569 2346 680 2401 Psalmo
701 2348 802 2403 XXI-V.
828 2350 940 2403 Terram
969 2363 1054 2418 super
1082 2345 1194 2401 llnmina
1222 2346 1436 2414 praeparatam,
1464 2340 1494 2395 1

145 2438 244 2494 norum
264 2424 374 2496 aliquod
394 2424 606 2496 philosophema
624 2427 751 2482 stabiliat
770 2430 916 2483 absurdum
946 2428 1057 2492 auditu,
1087 2426 1240 2481 Tellurem
1253 2423 1383 2478 innatare
1412 2416 1494 2477 dud·

144 2502 238 2565 nibus;
269 2522 358 2558 nonne
387 2506 452 2558 hoc
469 2505 509 2559 illi
539 2513 614 2560 recte
644 2508 794 2573 diceretur,
825 2510 934 2564 missurn
954 2509 1042 2564 iaciat
1062 2505 1194 2577 Spiritum
1214 2509 1339 2558 sanctum
1360 2496 1494 2572 neqaah

144 2583 255 2637 scholas
274 2584 405 2656 physicas
433 2602 492 2639 oum
518 2587 634 2645 ludibrio
665 2590 823 2658 pertrabat,
854 2590 921 2643 nihil
952 2588 1023 2643 enim
1051 2587 1126 2642 aliud
1146 2585 1184 2640 ibi
1205 2583 1286 2638 loci
1279 2598 1397 2637 innuere
1426 2579 1494 2635 velt·

143 2664 272 2729 Psalten,
303 2665 360 2719 nisi
385 2668 455 2736 quod
485 2666 609 2721 homines
637 2677 723 2725 antes
747 2669 837 2724 sciant
864 2676 894 2723 et
921 2669 1041 2738 quotidie
1066 2666 1263 2736 experiantur,
1292 2663 1396 2717 Terras
1423 2655 1494 2732 (ped

142 2745 347 2814 separationem
368 2763 500 2818 aquarum
522 2748 549 2801 in
570 2749 657 2804 altum
678 2747 818 2815 sublatas)
840 2750 998 2807 interfluere
1018 2746 1146 2821 ingentia
1165 2745 1284 2806 flumina,
1307 2742 1494 2797 circumducat

142 2825 237 2882 maria.
278 2825 409 2880 Nimirum
430 2829 544 2882 eandem
565 2844 626 2882 esse
648 2830 812 2903 locutionem
833 2829 932 2892 alibi,
943 2846 1002 2883 curn
1023 2843 1085 2882 sese
1106 2842 1191 2896 super
1209 2824 1322 2878 domina
1342 2821 1494 2893 netyras

141 2905 289 2960 israelitae
309 2905 413 2961 sedisse
433 2915 544 2971 canunt,
566 2906 603 2962 id
614 2917 659 2963 est
674 2908 762 2977 juxta
781 2912 893 2965 flumina
913 2910 958 2962 rel
980 2912 1014 2962 sd
1035 2907 1111 2978 ripas
1133 2904 1283 2976 Euphratis
1305 2907 1336 2956 et
1355 2901 1494 2974 Tigris.

221 2994 250 3048 Si
271 2994 323 3048 hoc
343 2995 463 3050 libenter
481 2997 543 3089 quis
564 2997 676 3067 recipit,
706 3013 754 3051 cur
774 3017 827 3052 non
849 3002 884 3052 et
899 2999 966 3051 lllud
987 2998 1146 3071 recipiat,
1135 3003 1167 3050 ut
1187 2995 1214 3048 in
1236 2992 1298 3048 aliis
1319 2990 1405 3063 locis,
1427 2998 1494 3062 qua

143 3073 227 3127 motui
248 3074 366 3128 Telluris
387 3076 488 3145 opponi
509 3077 613 3140 solent,
644 3079 739 3131 eodem
768 3081 846 3133 modo
877 3079 971 3132 oculos
993 3094 1013 3133 a
1031 3061 1149 3148 physica
1178 3075 1212 3129 ad
1234 3058 1393 3127 institutum
1413 3070 1494 3141 scrip·

144 3162 224 3245 turae
244 3158 455 3215 convertamus?

179 3234 375 3288 Generatio
396 3237 533 3305 praeterit
554 3230 610 3303 (ait
628 3232 829 3306 Ecclesiastes)
849 3245 879 3292 et
898 3237 1045 3310 generatio
1075 3233 1199 3299 advenit,
1227 3230 1316 3286 Terra
1345 3220 1443 3285 autem
1470 3228 1494 3285 ιι

145 3320 288 3367 aeternum
309 3321 375 3371 stat.
411 3316 496 3378 Quasi
510 3317 640 3372 Salomon
654 3317 699 3371 hic
712 3317 836 3386 disputet
850 3335 909 3373 cum
930 3315 1109 3379 astronomis,
1132 3330 1166 3368 ac
1186 3330 1241 3367 non
1254 3311 1351 3382 potius
1373 3310 1494 3365 homines

146 3409 214 3447 suae
228 3395 423 3450 mutabilitatis
439 3398 606 3451 admoneat?
628 3415 686 3452 cnm
701 3399 795 3460 Terra,
815 3398 977 3453 domicilium
991 3395 1109 3451 hnmani·
1120 3393 1241 3466 generis,
1263 3408 1373 3461 semper
1386 3388 1494 3446 maned

144 3477 257 3539 eadem,
279 3467 460 3530 Solia'motus
491 3474 626 3548 perpetuo
654 3478 681 3532 in
703 3495 732 3531 se
754 3479 864 3542 redeat,
895 3485 993 3532 ventus
1015 3478 1043 3530 in
1066 3476 1195 3529 circulum
1217 3478 1321 3543 agatur
1344 3474 1494 3542 redeatque

144 3557 249 3620 eodem,
287 3556 400 3611 fiumina
420 3574 439 3611 s
458 3556 618 3612 sontibus
610 3576 637 3611 ιιι
658 3574 738 3611 mare
754 3558 884 3621 effluant,
914 3556 1018 3612 amari
1050 3556 1077 3610 ιιι
1107 3555 1198 3608 fontes
1219 3555 1349 3607 redeant:
1380 3551 1494 3622 deniqu

84 3678 88 3685 .
133 3636 268 3691 'homines
290 3636 333 3714 his
353 3630 532 3708 pereuntibus
554 3645 705 3737 nascantur
734 3639 782 3692 slii
812 3650 974 3763 semperque
1003 3638 1116 3690 eadem
1129 3635 1166 3689 ιιι
1186 3633 1283 3687 iabnls
1303 3631 1397 3686 ritae.
1428 3628 1494 3687 nihil

143 3717 195 3771 sub
215 3716 280 3770 Sole
300 3706 408 3771 novum.

223 3797 335 3852 Nullum
357 3797 435 3852 sudis
456 3799 557 3869 dogma
569 3792 727 3870 physicum.
768 3756 913 3854 Νουιιιιι
931 3803 975 3850 est
995 3796 1107 3850 moralis
1128 3794 1176 3857 rei,
1198 3810 1270 3865 qnae
1291 3808 1342 3863 per
1364 3808 1396 3845 se
1416 3796 1494 3861 patet

143 3882 173 3930 et
192 3879 357 3932 observatur
376 3877 494 3932 omnium
515 3879 610 3943 oculis,
631 3881 679 3932 aed
700 3886 796 3949 pamm
817 3878 1003 3948 perpenditur
1025 3878 1105 3931 Eam
1120 3875 1207 3947 igitur
1219 3872 1349 3928 Salomon
1363 3869 1494 3928 menda

144 3956 211 4021 Quis
232 3957 303 4011 enim
323 3957 419 4020 nescit,
440 3959 553 4013 Terram
574 3976 683 4029 semper
701 3960 815 4013 eandem
836 3963 916 4011 esse?
937 3957 996 4027 quis
1017 3974 1071 4010 non
1090 3956 1182 4018 ridet,
1203 3954 1295 4009 Solem
1314 3952 1439 4024 quotidie
1458 3951 1494 4007 ab

144 4044 208 4092 ortu
227 4044 384 4109 resurgere,
405 4038 518 4093 domina
537 4037 889 4112 perenniterdecurrere'
882 4055 909 4091 ιιι
930 4048 1014 4099 mare,
1035 4043 1179 4092 rectarum
1194 4041 1284 4089 statas
1305 4032 1396 4088 redire
1416 4030 1494 4086 vicis·

144 4117 291 4181 situdines,
322 4117 446 4173 homines
475 4119 628 4174 alios'aliis
650 4121 813 4174 succedere?
856 4117 922 4181 Quis
943 4135 1008 4171 rero
1031 4116 1189 4187 perpendit·
1219 4115 1334 4171 eandem
1363 4112 1414 4185 agi
1432 4126 1494 4182 pe·

144 4205 228 4268 petuo
247 4197 325 4257 ritae
345 4199 469 4253 fabulam
490 4200 603 4254 mutatis
623 4200 764 4270 personis,
786 4216 837 4253 nec
857 4197 1001 4269 quicquam
1015 4197 1043 4251 in
1057 4198 1140 4269 sebna
1154 4194 1279 4249 humanis
1293 4209 1394 4248 norum
1414 4196 1494 4248 ιιιιι

143 4279 242 4348 Itaque
262 4278 390 4333 Salomon
411 4279 665 4335 commemoratione
686 4296 788 4343 eorum,
809 4294 881 4351 quae
901 4278 1005 4333 rident
1016 4294 1117 4341 omnes,
1139 4277 1270 4378 admopet
1289 4271 1359 4343 ejus,
1384 4274 1494 4345 quoda

21 4361 32 4385 ⁶
144 4357 284 4428 plerisque
304 4374 450 4429 perperam
471 4361 633 4431 negligitur.
701 4388 729 4395 <-
794 4380 797 4385 ⁴

223 4438 334 4494 Psalmo
345 4457 421 4502 rero
442 4441 509 4496 clv.
531 4448 633 4511 putant
657 4439 764 4495 omnino
792 4437 1005 4509 disputationem
1034 4435 1166 4491 contineri
1187 4401 1355 4509 physicam,
1386 4433 1494 4504 quanda

145 4519 179 4572 de
199 4518 282 4573 rebus
302 4518 424 4591 physicis
446 4523 521 4576 totus
542 4529 594 4577 est
635 4525 727 4592 Atque
747 4517 786 4572 ibi
805 4520 882 4574 Deus
903 4518 1014 4575 dicitur·
1022 4511 1151 4572 fundas'ee
1168 4516 1281 4570 Terram
1303 4527 1387 4589 super
1408 4509 1494 4571 stabl-

145 4598 254 4654 litatem
275 4615 365 4663 ιιιιιις
396 4601 525 4672 illumque
554 4620 609 4656 non
638 4600 798 4666 inclinatum
826 4599 860 4653 iri
887 4599 914 4652 ιιι
944 4600 1065 4653 seculum
1093 4596 1187 4652 seduli.
1228 4593 1313 4665 Atqui
1333 4593 1494 4665 longissima

146 4680 229 4735 abest
256 4680 368 4735 Psaltes
397 4697 417 4735 a
445 4682 635 4752 speculatione
665 4696 810 4737 carnarum
838 4678 1024 4764 physicarum.
1065 4676 1152 4733 Totus
1182 4676 1253 4730 enim
1286 4673 1439 4744 acquiescit
1468 4675 1494 4737 ἰ

144 4759 334 4833 magnitudine
354 4761 422 4826 Dei,
444 4762 489 4832 qui
511 4762 577 4817 iecit
596 4763 676 4831 haec
686 4756 785 4837 omnia,
805 4762 989 4830 hymnumque
1010 4758 1111 4830 pangit
1130 4758 1192 4817 Deo
1213 4749 1365 4818 conditori,
1392 4754 1421 4809 in
1440 4768 1494 4829 qao

145 4843 281 4908 modom,
295 4848 335 4898 ot
353 4841 378 4899 ιι
399 4848 519 4915 apparet
537 4842 632 4909 oculis
654 4822 791 4913 pmcmnt
809 4839 928 4920 ordine.
951 4839 1066 4909 Quodsi
1080 4840 1152 4949 bene
1171 4837 1337 4909 perpendas,
1357 4851 1494 4895 comm
