3278 5550
433 335 464 392 ds
481 336 671 395 domandis
688 339 719 395 ds
735 349 805 394 motu
822 335 911 394 mnu
928 337 1025 394 Martis.
1361 336 1404 409 37

46 513 193 577 indubio
214 535 329 596 ponere
351 517 523 594 voluissem,
547 521 630 600 potui
653 520 747 584 totins
769 521 858 603 hujus
882 521 952 585 anni
971 516 1064 584 1604.
1082 520 1185 582 labore
1200 529 1248 584 ter
1274 491 1403 585 maximo

47 604 259 686 supersedere.
305 609 411 690 Itaque
436 608 533 684 scias,
556 609 787 691 diligentissimo
809 629 856 673 me
880 629 1002 691 operam
1025 610 1113 684 dare,
1146 617 1180 672 ut
1205 630 1272 673 cum
1296 610 1404 674 obser-

49 693 226 756 uationibus
249 703 328 759 stem
342 698 381 758 ad
396 715 534 778 unguem.
558 698 627 761 Nisi
641 700 698 762 hoc
712 719 844 781 agerem,
867 719 926 763 non
940 707 987 761 tot
996 698 1061 780 jam
1074 698 1180 761 modos
1195 700 1405 782 aequationuru

53 782 183 846 ecoenui
204 784 413 867 physicarum,
437 788 478 849 ad
495 784 544 851 '20
566 788 644 864 fere,
673 796 886 852 attentassem,
929 789 975 851 Tu
1001 788 1105 869 itaquo
1134 787 1221 851 differ
1248 788 1403 870 judicium,

53 873 145 934 donec
168 873 367 938 fundamenta
388 893 456 939 mea
479 894 580 940 coram
602 877 718 940 videas.

58 961 279 1113 mandique
310 965 378 1026 vale
409 973 442 1027 et
472 986 561 1048 quam
591 967 718 1048 primum
750 965 901 1043 rescribe,
938 975 988 1042 ut,
1021 986 1079 1047 quo
1111 966 1210 1030 animo
1242 967 1286 1030 sis
1317 965 1407 1033 lectis

135 1099 144 1125 ,
172 1071 203 1112 vr
226 1071 304 1114 eam.
344 1082 346 1086 ⁴

136 1137 214 1200 Quae
231 1140 342 1207 reliquas
358 1149 417 1193 suut
433 1142 521 1193 barum
539 1140 601 1207 (uon
623 1134 747 1208 adscripto
772 1149 894 1207 ιοιιιροτι,
922 1158 970 1209 quo
988 1143 1064 1194 datas
1088 1141 1158 1203 sunt)
1181 1143 1321 1203 buramm,
1345 1156 1407 1211 quss

58 1210 187 1275 muns
205 1211 308 1264 exbibet
326 1213 386 1263 God.
399 1214 557 1274 Viennensis,
574 1216 692 1282 leguntur
708 1218 733 1266 iu
751 1215 905 1280 praefatione
924 1215 957 1266 ad
976 1215 1104 1275 „Tabulas
1122 1215 1264 1265 Luuurss.“

137 1281 213 1344 Quas
232 1284 356 1349 Ksplurus
373 1287 400 1336 in
417 1287 489 1353 prodo
507 1289 646 1351 praemissis
665 1289 696 1339 de
713 1289 737 1337 si
750 1285 813 1337 Solis
825 1286 940 1350 planetas
951 1287 1065 1352 raptante
1077 1286 1281 1355 Iougomontano
1298 1286 1404 1352 scripdt,

59 1352 122 1418 paulo
137 1360 198 1418 pust
210 1353 294 1419 (lfsjc
308 1353 400 1418 11105.)
412 1358 445 1408 ad
461 1358 510 1408 rim
523 1357 587 1409 Solis
601 1357 802 1425 ,magneticam“
816 1358 943 1416 nansfsrt,
962 1357 1157 1425 lfegnlontio
1169 1357 1248 1423 Anglo
1261 1355 1406 1420 fflcyecuot

59 1433 172 1498 sapere
190 1449 239 1484 suo
255 1433 321 1487 usse
339 1437 416 1486 cam:
440 1428 665 1494 Commentario
686 1429 798 1493 Martis
822 1429 871 1490 edi
894 1449 954 1492 non
975 1437 1113 1512 possunt,
1134 1429 1194 1491 nisi
1218 1447 1274 1509 ego
1297 1447 1405 1491 assen-

59 1534 127 1589 sum,
153 1513 277 1579 Caesar
301 1525 417 1579 sumtus
438 1518 620 1601 praebuerit
667 1519 754 1592 Quae
781 1527 814 1580 tu
846 1538 884 1579 ex
907 1517 945 1580 iis
978 1525 1152 1601 exspectas,
1185 1517 1408 1581 correctissima

59 1602 114 1664 loca
137 1604 254 1666 stellae
278 1605 406 1682 Martis,
439 1626 476 1668 ea
505 1626 611 1690 pamm
643 1627 700 1689 ego
732 1627 803 1671 euro
825 1624 899 1689 prae
923 1607 1008 1684 aliis,
1036 1626 1111 1689 quae
1134 1606 1184 1670 hic
1207 1606 1355 1669 attentavi
1378 1615 1410 1668 et

58 1690 149 1754 lirina
172 1693 280 1775 gratia
295 1704 453 1758 assecutus
470 1717 545 1760 sum.
582 1699 669 1761 Duae
692 1704 771 1773 sunt,
795 1705 829 1758 ut
843 1695 932 1771 nosti,
956 1698 1145 1777 planetarum
1164 1695 1409 1777 inaequalitates,

59 1780 142 1844 altera
166 1800 208 1845 ex
234 1782 310 1846 Sole
334 1785 499 1848 communis
525 1786 677 1863 omnibus,
710 1786 807 1850 altera
840 1786 944 1867 cuique
976 1785 1107 1866 propria.
1154 1786 1242 1848 lllam
1275 1803 1331 1865 ego
1365 1783 1409 1846 sic

9 1886 24 1917 ·
59 1869 245 1952 investigavi,
269 1880 305 1935 nt
328 1892 454 1954 sperem,
479 1875 615 1938 omnibus
638 1884 766 1958 quatuor
788 1873 918 1937 residuis
941 1874 1176 1937 satisfacturam.
1222 1875 1309 1937 Hanc
1335 1890 1428 1955 per-a

59 1958 249 2024 iratissimis
281 1960 437 2045 laboribus
469 1964 617 2046 tantisper
646 1965 792 2040 tractavi,
825 1973 859 2025 ut
890 1963 1016 2046 denique
1047 1981 1115 2026 sese
1143 1969 1268 2027 naturae
1291 1961 1409 2041 legibus

59 2050 273 2125 accommodet,
299 2049 419 2133 itaque,
451 2053 531 2135 qnod
553 2054 631 2116 banc
654 2055 780 2130 attinet,
813 2052 851 2114 de
884 2053 1071 2115 astronomia
1103 2051 1167 2114 siue
1190 2049 1409 2135 hypothesibus

59 2139 212 2203 oustimta
239 2139 368 2220 gloriari
390 2142 514 2222 possim.
562 2142 630 2217 Quo
661 2144 780 2206 nomine
803 2142 940 2222 gratulor
962 2152 1084 2204 vestrae
1107 2141 1190 2222 genti
1217 2142 1255 2203 de
1285 2141 1409 2202 inventa

59 2244 100 2304 ptr
119 2228 326 2293 Guilielmurn
356 2228 477 2293 Gilbert
506 2231 700 2313 philosophia
730 2225 944 2312 magnetica.⁴)
989 2232 1068 2294 Nam
1091 2250 1128 2292 ea
1156 2231 1246 2312 plane
1276 2228 1349 2293 mihi
1378 2237 1412 2291 et

59 2314 225 2397 inplaneta
249 2319 355 2382 Marte
378 2319 502 2401 inventa
524 2330 581 2383 est.
627 2323 707 2385 Nam
729 2320 801 2403 quid
825 2329 885 2396 est,
918 2321 998 2402 qnod
1029 2319 1170 2401 planetas
1202 2319 1284 2385 circa
1305 2318 1410 2383 Solem

59 2408 125 2486 rapit
143 2408 367 2481 (consentiunt
390 2407 469 2472 enim
484 2410 587 2493 Tycho
610 2420 642 2472 et
658 2410 843 2493 Copemicns
858 2410 888 2472 iu
907 2413 969 2485 eo),
993 2408 1064 2491 quid
1080 2409 1160 2471 euim
1177 2408 1237 2471 nisi
1260 2408 1409 2471 silluvium

62 2491 130 2556 Solis
147 2496 386 2578 magneticum?
431 2497 512 2571 Quid
536 2518 607 2562 vero
630 2509 687 2576 est,
712 2500 790 2582 qnod
812 2500 953 2580 planetas
976 2498 1052 2560 facit
1074 2519 1093 2559 a
1117 2497 1188 2561 Sole
1212 2496 1408 2571 eccentricos,

68 2583 133 2660 quod
149 2594 241 2667 cogat
266 2585 354 2668 ipsos
378 2588 417 2649 ad
436 2587 540 2651 Solem
563 2590 716 2664 accedere,
740 2589 778 2650 ab
802 2606 837 2649 eo
860 2587 1021 2650 recedere?
1060 2587 1176 2668 Nempe
1200 2587 1348 2648 effluvinm
1371 2602 1409 2646 eu

73 2671 134 2748 ipsis
151 2675 344 2754 planetarum
367 2676 542 2759 corporibus
564 2678 765 2759 magneticum
788 2685 819 2739 et
841 2676 968 2739 directio
991 2676 1067 2738 axis.
1362 2682 1365 2687 '

143 2765 241 2847 Atque
266 2765 345 2827 baec
369 2765 471 2828 omnia
491 2766 650 2830 ratiocinia
673 2767 703 2830 in
716 2769 817 2829 Marte
836 2765 880 2828 sic
900 2775 971 2829 sunt
993 2771 1175 2847 comparata,
1199 2771 1233 2826 ut
1255 2769 1308 2824 aut
1329 2761 1410 2824 falsa

72 2866 127 2911 esse
144 2870 272 2916 necesse
300 2855 357 2931 sit,
391 2864 443 2917 aut
474 2856 611 2919 omnibns
639 2856 770 2938 planetis
794 2855 893 2938 quoad
915 2855 1093 2938 qualitatem
1115 2851 1292 2915 communia.¹
1340 2848 1409 2922 Quo

68 2941 166 3004 nomine
179 2944 337 3006 clavem
351 2945 611 3009 astronomiae
625 2945 839 3028 penitioris
854 2944 1014 3028 inOpticis
1025 2941 1279 3025 jnrepromisisse
1295 2939 1407 3002 videor.
1464 3004 1467 3014 ,

139 3172 219 3240 Opcl
249 3174 382 3242 Magiui
411 3179 544 3243 inscripto:
583 3176 852 3243 Supplcmentum
882 3174 1132 3241 Ephsmsridum
1162 3187 1197 3225 sc
1226 3171 1411 3223 tabularum

64 3246 273 3298 secundorum
298 3247 469 3300 nobilium.
507 3249 622 3300 Punici.
649 3264 674 3300 a.
693 3249 728 3300 M.
750 3245 828 3305 1615,
853 3248 955 3299 additae
978 3253 1037 3298 snut
1057 3246 1145 3297 literae
1169 3244 1292 3311 quaedam
1309 3241 1411 3306 Keplssf

64 3312 90 3363 id
104 3313 248 3383 lullum.
278 3332 382 3386 quarum
408 3323 553 3386 posteriores
579 3323 605 3372 iu
633 3326 717 3371 annot
746 3320 779 3370 N.
798 3317 835 3369 80
859 3324 976 3385 sequente
1004 3317 1163 3369 exhibuimus.
1205 3315 1302 3367 Priores
1328 3320 1412 3364 auton

64 3398 137 3437 ⁸⁸¹·
162 3388 208 3440 laic
237 3391 387 3442 madae
413 3400 487 3449 suut.
516 3407 572 3443 cusu
597 3394 707 3457 proxime
733 3392 875 3457 pertusant
901 3390 934 3441 ad
961 3403 1009 3450 ea,
1036 3403 1100 3455 quse
1119 3387 1242 3452 chlems
1267 3385 1299 3436 de
1325 3383 1413 3435 tisdsss

63 3458 107 3521 tuit
130 3459 208 3511 rubus
237 3474 296 3513 cusu
320 3461 488 3516 Herusrto
516 3471 543 3515 ut
568 3464 728 3515 Fabricio.
764 3461 881 3529 lisgiuus
905 3463 932 3511 in
959 3461 1063 3526 epistola
1085 3458 1240 3510 dedicatoria
1265 3455 1299 3507 ad
1323 3456 1412 3522 Agau-

64 3527 125 3579 la·
140 3530 385 3585 asrssecssum
402 3534 466 3587 Ιιιιο
482 3536 636 3602 praemittit:
663 3536 695 3586 ln
712 3534 750 3584 bis
768 3533 855 3585 llutis
880 3533 970 3585 tabulis
989 3545 1019 3583 sc
1038 3531 1133 3582 adculo
1155 3536 1271 3595 sequutus
1289 3542 1345 3578 sum
1361 3533 1411 3577 tur·

65 3600 137 3649 ¹5¹⁰·
155 3600 337 3669 hypothesium
353 3605 464 3671 Kspleri.
500 3606 642 3664 Praeterea,
661 3614 691 3657 ut
708 3604 763 3656 Tibi
781 3607 807 3656 in
824 3604 871 3655 lucc
889 3618 984 3670 quoquc
1006 3604 1166 3668 obsequerer.
1191 3599 1313 3666 publicavi
1331 3597 1411 3649 crudi·

66 3671 182 3724 ΗΜ
200 3674 309 3740 Kepluri
327 3677 456 3741 epistolam
474 3678 557 3737 fliam,
585 3691 659 3743 quarn
678 3677 711 3729 ad
728 3691 768 3728 me
786 3691 852 3727 auno
874 3673 948 3725 1801.
969 3675 1127 3740 conscripsit,
1154 3686 1210 3723 curn
1228 3669 1312 3734 hoho
1331 3668 1412 3720 sdbuu

65 3743 169 3802 Μ.
199 3746 324 3812 duddan
341 3748 385 3798 ills
404 3751 460 3813 ipsa
479 3750 511 3800 ad
528 3749 720 3816 intelligentiam
746 3749 849 3814 insignis
873 3746 937 3797 illins
964 3747 1043 3812 operis
1065 3746 1096 3797 ds
1118 3750 1186 3795 motu
1203 3741 1292 3793 llartls
1310 3739 1414 3790 unnim

66 3812 123 3865 huis
143 3815 259 3868 adnot
294 3818 385 3870 Pateor
402 3827 486 3871 auteur
504 3823 627 3887 ingenus,
643 3835 683 3872 me
702 3820 735 3871 ad
753 3819 822 3869 illam
839 3826 899 3869 tuno
915 3824 944 3869 ut
960 3833 1007 3882 par
1025 3824 1080 3868 orat
1096 3831 1146 3867 uon
1169 3813 1337 3879 respondisse.
1356 3824 1414 3862 cun

65 3888 211 3951 W·
231 3902 289 3940 Μ
306 3890 382 3942 fuine
394 3891 522 3958 Tycbouis·
535 3893 636 3945 bortstu
654 3894 687 3943 sd
703 3904 742 3942 me
761 3891 933 3956 conscriptam,
951 3897 982 3939 ιιι
999 3903 1031 3940 ea
1049 3903 1116 3939 ame
1133 3887 1175 3937 ills
1193 3886 1303 3936 obtinere
1320 3887 1413 3948 ponet.

68 3971 128 4019 im
146 3960 228 4024 mlo
247 3967 307 4012 autc
324 3962 371 4026 ipsi
388 3962 499 4028 'l'ycboni
518 3964 666 4024 obtuleram,
684 3963 733 4014 bau
750 3963 902 4027 potissimum
921 3961 1074 4018 conditione,
1093 3966 1122 4010 ut
1138 3956 1198 4007 mihi
1215 3971 1272 4006 uara
1290 3966 1413 4004 cornuusu·

68 4031 207 4082 maucuss
228 4032 323 4083 orbium
340 4036 520 4086 communicare
533 4035 624 4094 voden
643 4035 746 4085 athana
763 4047 846 4085 msam
864 4030 1028 4098 suspicionem
1046 4032 1123 4089 auxit,
1141 4027 1206 4094 quod
1217 4026 1310 4078 nullum
1327 4030 1417 4090 postca

66 4103 203 4166 mapsam
224 4103 257 4153 ab
275 4104 327 4168 ipso
343 4104 459 4168 'l'ychone
478 4120 621 4177 responpum
639 4104 685 4159 tc.

146 4181 226 4251 llaec
243 4182 318 4250 luitur
336 4185 404 4236 dade
420 4186 544 4253 Raptam
561 4186 676 4254 unguo:
712 4177 747 4240 Si
769 4184 872 4239 mutua
900 4173 1052 4238 bominum
1084 4171 1193 4234 notitia
1222 4170 1369 4252 penderet
1396 4191 1417 4234 a

67 4263 127 4324 solo
151 4281 322 4343 congressu
344 4275 376 4329 et
397 4268 507 4332 intuitu
529 4268 650 4343 vultus,
682 4266 811 4346 longiori
841 4266 945 4328 forsan
977 4262 1100 4325 exordio
1132 4260 1205 4322 milri
1235 4279 1311 4341 opns
1334 4268 1417 4322 esset

66 4351 260 4434 pluribusque
283 4356 469 4436 ambagibus,
494 4357 600 4439 quibus
623 4357 654 4418 in
676 4365 759 4418 tnam
781 4354 877 4436 ignoti
899 4351 1136 4415 familiaritatem
1155 4368 1222 4430 ego,
1246 4349 1416 4413 Germanus

68 4439 163 4516 lomo,
179 4442 235 4524 qni
250 4462 401 4527 uunquam
415 4446 535 4510 Italiam
549 4445 621 4521 vidi,
637 4445 793 4527 pervenire
810 4443 1031 4507 contenderem.
1061 4441 1104 4501 Te
1119 4439 1193 4502 mihi
1211 4438 1328 4511 literae,
1344 4458 1416 4501 coe-

70 4528 159 4593 lestes
183 4538 287 4608 artes,
311 4535 449 4618 famaque
473 4535 601 4598 celebris
624 4534 669 4597 ita
690 4541 795 4597 notum
813 4532 1027 4605 reddiderunt,
1054 4537 1089 4591 ut
1111 4548 1226 4591 summa
1247 4526 1417 4609 praeditum

68 4617 254 4683 lumwitste
278 4640 350 4704 erga
373 4632 494 4688 exteros
516 4622 623 4688 merito
647 4625 782 4700 credam;
807 4642 902 4706 eaque
917 4622 1012 4683 fretus
1025 4619 1133 4681 fiducia
1147 4627 1216 4681 tuas
1232 4617 1334 4690 aedes,
1358 4636 1416 4680 non

70 4718 135 4771 aute
158 4710 390 4775 denuntiatione
413 4714 510 4789 facta,
543 4715 583 4776 da
604 4713 739 4788 veniam,
770 4720 855 4775 recta
881 4711 1014 4792 injussus
1037 4708 1205 4790 ingredior,
1233 4726 1288 4787 per
1310 4706 1417 4768 literas

71 4804 174 4876 item
196 4802 613 4884 permissionemque,
636 4803 673 4864 de
696 4801 900 4866 communibus
919 4797 1028 4862 studiis
1044 4798 1254 4860 collocuturus.
1291 4795 1416 4857 Mathe-

72 4889 193 4953 mum
217 4888 397 4974 osupum
417 4910 575 4976 procerum
587 4890 709 4977 styriae
732 4890 891 4974 stipendiis
906 4887 1028 4972 adjutus
1050 4886 1119 4951 iude
1133 4906 1153 4951 a
1168 4880 1220 4950 94.
1235 4904 1313 4969 anuo
1327 4882 1416 4951 avide
