3278 5550
148 294 211 369 ιιι
626 299 665 352 ne
683 299 791 352 unaue
810 297 903 350 sarias
921 296 1009 350 uuus

144 478 203 544 laic,
233 479 393 535 ecoenlricis
422 478 545 535 omuibus
566 480 594 534 in
622 481 687 535 orbe
718 498 771 535 uno
791 479 864 535 Solis
892 478 1088 534 circumductis.
1130 475 1227 546 Spirae
1247 481 1342 531 tamen
1372 473 1470 546 ipaaai

145 560 223 614 coelo
237 577 267 614 re
282 559 344 652 ipsa
363 567 478 631 uterque
493 560 632 632 relinquit.
649 560 815 653 Cepernicus
829 577 883 615 uno
897 567 973 614 motu
987 577 1078 614 ιιιιιι
1093 556 1197 612 Telluri
1211 556 1350 611 attributo
1365 556 1470 626 pinea

144 656 237 694 omues
265 639 346 711 spiris
376 640 452 695 hisce
482 641 698 712 perplexissimis
729 641 836 696 omnino
866 640 982 711 spoliat,
1013 640 1143 710 planetas
1174 636 1329 710 singulos
1320 654 1349 691 ιιι
1370 634 1470 713 singula¹

144 718 306 774 nudissimas
321 719 425 776 orbitas
440 737 521 793 quam
535 721 660 792 proxime
674 721 822 776 circulares
838 721 975 785 inducens,
998 737 1078 792 quam
1099 736 1183 773 unam
1197 725 1228 772 et
1241 718 1359 771 eandem
1379 714 1470 771 arbitrr

142 799 254 854 Mara'
241 814 301 871 Jam
325 800 396 855 dicto
422 801 552 872 temporis
579 801 670 872 spatio
691 803 774 856 toties
795 800 943 872 percurrit,
972 807 1038 872 quot
1058 799 1102 854 hic
1123 800 1199 852 rides
1227 796 1348 852 corollas
1377 794 1470 851 intorte

142 896 238 934 versus
259 887 390 945 sonuum,
411 897 469 937 una
488 882 560 953 plus,
581 888 652 953 puta
672 882 775 947 novies,
796 884 859 936 dum
880 880 988 935 iuterim
1008 880 1102 935 Tellus
1123 895 1202 934 snum
1227 878 1359 933 circulum
1379 875 1470 931 recurri

144 959 273 1015 sedecies.

230 1036 361 1100 Rursum
385 1045 485 1102 antem
509 1040 749 1103 animadversum
771 1047 827 1115 est,
851 1040 906 1101 bos
926 1038 1157 1118 uniuscujusque
1181 1037 1322 1116 planetae
1346 1034 1470 1114 spirarun

142 1127 286 1189 articulos
308 1127 338 1189 in
363 1127 492 1190 diversis
524 1127 639 1190 zodiaci
668 1129 763 1209 signis
787 1149 854 1190 esse
877 1128 1071 1207 inaequales;
1104 1135 1138 1188 nt
1160 1125 1269 1188 alicubi
1294 1125 1419 1204 planeta
1436 1138 1470 1203 pt

141 1215 305 1318 longiorem
330 1234 431 1279 arcum
453 1216 568 1278 zodiaci
591 1219 804 1293 retrocederet,
839 1217 947 1279 alicubi
971 1235 1025 1296 per
1047 1215 1229 1288 breviorem,
1257 1213 1323 1294 jam
1347 1211 1470 1293 longiora

137 1305 202 1385 jam
225 1304 360 1368 breviore
384 1306 527 1386 temporis
551 1307 670 1387 spatio:
695 1327 750 1368 nec
766 1308 844 1369 idem
866 1315 1010 1411 perpetuo
1025 1304 1193 1384 retrogradi
1216 1302 1360 1383 planetae
1375 1299 1470 1363 lumbi

140 1394 371 1458 incrementum:
404 1395 510 1476 quodsi
540 1404 676 1475 tempora
704 1406 736 1458 et
762 1397 830 1458 loca
862 1380 939 1457 iliter
967 1394 1081 1456 medios
1105 1402 1324 1456 retrocessnnm
1350 1388 1470 1452 articula

142 1490 395 1563 computarentur,
416 1502 510 1564 neque
526 1491 661 1564 tempora
674 1485 858 1565 temporibus
873 1503 967 1564 neque
983 1502 1069 1544 arcus
1089 1482 1216 1545 arcubus
1231 1488 1320 1543 erant
1339 1478 1470 1560 aequales

141 1589 236 1652 neque
259 1586 393 1653 quaeque
416 1580 552 1653 tempora
575 1574 638 1635 suis
661 1575 787 1636 arcubus
811 1574 917 1635 eadem
940 1571 1132 1652 proportione
1156 1569 1401 1674 respondebant:
1422 1576 1470 1629 ιιι

140 1669 242 1722 tamen
274 1660 430 1740 unicuique
462 1662 602 1741 planetae
634 1671 748 1725 certum
778 1663 894 1742 signum
925 1661 1057 1734 zodiaci,
1090 1680 1189 1740 aquo
1218 1659 1304 1741 signo
1333 1653 1470 1738 usqneai

141 1748 310 1828 oppositum
333 1767 388 1829 per
409 1757 564 1832 utmmque
582 1753 802 1815 semicirculum
826 1751 925 1813 omnia
947 1751 1008 1813 ista
1030 1749 1200 1811 successive
1224 1747 1470 1828 augebamus-1

233 1836 281 1899 Ex
313 1837 419 1916 quibus
452 1839 711 1903 observationibus
738 1841 923 1903 intellectum
956 1848 1020 1915 est,
1053 1840 1128 1900 duas
1133 1836 1389 1925 ‚inaequalitates
1412 1846 1470 1917 apa

146 1944 382 2007 unumquemque
404 1929 590 2032 planetam
581 1949 611 1990 ιι
635 1949 725 1992 ιιιιι
748 1931 899 2005 confundi,
923 1948 1046 2009 quarum
1062 1927 1142 2009 prior
1156 1946 1221 1989 cum
1237 1926 1335 1988 reditu
1348 1922 1470 2006 placid

142 2016 181 2076 ad
204 2014 283 2077 idem
305 2016 420 2078 zodiaci
444 2017 570 2097 signum,
594 2020 692 2081 altera
715 2038 780 2082 cum
804 2019 902 2081 reditu
925 2016 1007 2080 Solis
1032 2019 1070 2079 ad
1092 2019 1247 2119 planetam
1270 2015 1470 2076 restitueret!

143 2105 259 2168 Earum
289 2103 388 2186 itaque
419 2105 666 2186 inaequalitatum
706 2126 815 2169 causae
855 2117 887 2170 et
919 2126 1076 2170 mensurae
1113 2103 1292 2184 investigari
1322 2102 1413 2165 aliter
1434 2116 1470 2163 ιι

144 2203 297 2273 ριιιιιιι,
322 2194 379 2256 uisi
402 2203 616 2275 separarentur
643 2197 785 2260 confusae
815 2196 1049 2277 inaequalitates
1072 2195 1267 2276 singulaeque
1291 2188 1470 2255 seorsimi

114 2298 116 2303 ·
145 2281 341 2362 spicerentur.
388 2283 577 2347 Censuerunt
604 2285 708 2366 igitur,
741 2288 780 2348 ab
803 2287 1020 2367 inaequalitate
1044 2286 1142 2365 prima
1164 2281 1381 2361 incipiendum,
1415 2297 1470 2361 qu

143 2379 228 2434 esset
249 2373 437 2435 constantior
460 2385 492 2435 at
513 2376 698 2454 expedition
722 2386 757 2438 ut
779 2375 863 2456 cnjus
887 2374 1054 2455 exemplum
1082 2375 1110 2436 in
1136 2372 1218 2435 Solis
1240 2379 1323 2434 motu
1341 2369 1470 2432 videbam

143 2460 192 2544 qui
215 2460 304 2523 alteri
326 2461 537 2542 inaequalitati
559 2484 616 2525 uon
641 2474 707 2528 erat
730 2465 884 2528 obnoxius.
893 2458 927 2537 *l
966 2464 1007 2526 Ut
1029 2462 1120 2543 igitur
1143 2461 1182 2524 ab
1206 2461 1262 2522 bac
1284 2459 1386 2540 prima
1408 2458 1470 2519 inas

144 2549 293 2630 qualitate
325 2551 487 2613 secundam
518 2563 709 2633 separarent,
738 2554 828 2616 aliter
850 2573 906 2614 non
931 2562 1070 2633 potuere,
1104 2570 1192 2631 quam
1217 2550 1242 2612 si
1266 2547 1470 2611 consideraret

141 2637 328 2720 planetas
320 2639 357 2701 ris
380 2638 536 2716 noctibus,
573 2663 698 2725 quarum
725 2643 755 2705 in
777 2642 932 2724 principiis
962 2641 1096 2703 oriuntur
1119 2639 1274 2702 occidente
1298 2635 1388 2710 Sole3
1421 2624 1470 2716 ιιι

142 2725 312 2810 ἀιριινχιις
335 2729 540 2810 appellabant.
579 2733 660 2795 Nam
674 2733 744 2812 quia
756 2732 930 2834 praesentia
944 2739 975 2792 et
989 2731 1158 2808 conjunctio
1174 2726 1282 2790 Solis'
1274 2745 1359 2808 ipsos
1375 2734 1470 2808 praetr

141 2835 254 2880 morem
277 2817 444 2894 accelerat,
477 2821 626 2900 oppositio
650 2820 732 2883 Solis
755 2820 846 2883 etiam
870 2821 899 2881 in
922 2819 1103 2882 contrarium
1128 2818 1228 2890 ducit;
1259 2825 1343 2877 certe
1368 2824 1470 2878 auter

154 2914 226 2986 post
248 2905 302 2967 hos
326 2906 469 2968 articulos
492 2909 615 2971 multum
631 2929 647 2971 e
662 2910 725 2971 suis
748 2909 832 2984 locis,
857 2928 930 2990 quos
945 2916 1032 2970 eraut
1042 2905 1297 2987 repraesentaturi
1306 2924 1362 2985 per
1370 2922 1470 2984 primu

149 2993 415 3074 inaequalitatem,
449 3006 632 3060 amoventur.
689 3001 723 3060 In
747 2998 881 3060 articulis
909 3016 980 3076 ergo
1004 2996 1079 3077 ipsis
1101 2992 1317 3077 conjunctionis
1342 3002 1375 3055 et
1396 3010 1470 3075 oppa

144 3080 265 3146 sitiouis
299 3102 364 3144 cum
397 3082 468 3145 Sole
510 3085 604 3147 illa
595 3104 662 3165 ipsa
695 3106 751 3148 sua
783 3088 850 3148 loca
882 3095 1050 3148 transeunt.
1112 3086 1146 3146 ln
1179 3082 1390 3162 conjunctione
1425 3099 1470 3143 ver

145 3169 229 3232 Solis
267 3189 332 3232 com
365 3171 445 3233 cerni
464 3184 648 3255 nequeant,
687 3175 862 3256 relinquitur
894 3176 961 3236 sola
997 3174 1145 3255 oppositio
1175 3193 1242 3235 cum
1274 3171 1350 3234 Sole
1382 3171 1470 3233 idone

144 3259 212 3322 hnic
236 3259 289 3321 rei.

233 3345 308 3410 Cum
317 3356 423 3415 autem
442 3349 519 3412 alins
533 3350 574 3413 sit
592 3352 707 3415 medius
726 3360 824 3416 motus
845 3352 935 3428 Solis,
958 3351 1035 3415 alius
1050 3345 1268 3432 apparens,**)
1292 3367 1328 3410 eo
1344 3348 1423 3431 quod
1437 3344 1470 3410 So

147 3437 238 3499 etiam
271 3436 312 3499 sit
335 3439 480 3501 obnoxius
503 3440 711 3521 inaequalitati
734 3441 862 3523 primae,
903 3442 994 3522 igitur
1017 3441 1184 3522 quaeritur,
1225 3438 1362 3520 quisnam
1389 3438 1470 3511 horna

147 3533 239 3588 exuat
261 3527 403 3607 planetas
425 3527 641 3609 inaequalitate
664 3532 813 3607 secunda,
839 3542 870 3594 et
892 3542 990 3593 utrum
1013 3530 1155 3611 planetae
1178 3529 1241 3591 siut
1261 3525 1440 3609 inspiciendi
1459 3524 1470 3589 i

144 3615 332 3698 oppositione
370 3635 435 3678 cum
473 3622 630 3699 apparenti
654 3640 692 3683 au
716 3641 781 3683 cum
806 3620 902 3696 medio
928 3621 992 3682 loco
1016 3618 1107 3682 Solis.
1144 3617 1338 3681 Ptolemaeus
1361 3615 1470 3683 medin

145 3713 256 3767 motum
284 3705 396 3784 elegit;
430 3708 509 3787 quod
539 3708 717 3784 discrimen,
746 3711 773 3771 si
801 3710 878 3790 quod
906 3710 949 3771 sit
976 3709 1053 3771 inter
1083 3707 1306 3787 usurpationem
1329 3704 1422 3769 medii
1443 3720 1470 3779 ιι

143 3794 318 3876 apparentis
340 3802 439 3857 motus
453 3793 545 3869 Solis,
569 3798 828 3861 observationibus
852 3807 989 3860 censeret
1013 3796 1194 3878 deprehendi
1216 3814 1274 3859 uon
1288 3814 1390 3875 posse,

143 3902 213 3945 vero
238 3883 334 3945 sonna
356 3884 463 3947 calculi
487 3892 518 3946 et
541 3885 828 3949 demonstrationum
851 3888 993 3990 expedita
1016 3893 1159 3966 usurpato
1183 3893 1266 3946 motu
1284 3881 1368 3946 Solis

143 3973 350 4036 Ptolemaeum
382 3971 564 4055 Copernicus
602 3983 633 4037 et
655 3975 801 4059 Tycho'
794 3996 822 4037 ιι
860 3977 922 4037 ιιίι
959 3974 1244 4038 transsumtionibns
1280 3980 1353 4034 sunt
1383 3968 1470 4039 aad

143 4061 225 4141 Ego,
250 4071 284 4124 ut
306 4061 400 4125 habes
424 4063 615 4147 inMysterio
639 4085 704 4127 meo
730 4064 861 4145 Cosmog
896 4066 983 4144 phico
1007 4084 1072 4144 cap.
1096 4064 1176 4138 XV,
1205 4070 1273 4134 (Vel
1292 4069 1314 4129 1
1341 4085 1366 4134 ι
1388 4065 1470 4121 ¹⁵³⁸

145 4158 342 4230 apparentem
374 4153 473 4214 locum
505 4162 537 4214 et
565 4154 662 4234 ipsum
685 4153 768 4217 Solis
796 4085 903 4234 coma
925 4174 980 4235 pro
1003 4161 1085 4215 meta
1108 4160 1227 4216 amano:
1252 4150 1343 4232 idque
1366 4138 1470 4241 demur

146 4239 352 4316 auctionibus,
376 4240 476 4320 operis
498 4251 585 4322 parte
609 4254 717 4324 quarta
740 4252 772 4305 et
795 4243 900 4323 quinta
922 4242 1132 4325 sequentibus,
1158 4241 1302 4303 evincam.
1453 4246 1470 4259 ”

231 4327 330 4390 Prius.
347 4336 448 4391 tamen
476 4331 533 4394 hac
561 4341 649 4412 parte
672 4333 767 4413 prima
790 4333 1016 4406 demonstrabo,
1055 4331 1173 4414 quod
1165 4352 1207 4407 rs,
1246 4329 1295 4412 qui
1317 4346 1372 4410 pro
1395 4324 1470 4408 med

232 4519 260 4593 )
281 4523 329 4580 Sol
349 4525 438 4580 habet
457 4545 539 4583 unam
560 4529 647 4583 solam
672 4529 899 4600 inaequalitatem
925 4536 1053 4602 respectu
1081 4529 1224 4600 temporis,
1247 4528 1326 4587 inu·
1351 4528 1470 4602 quodffl

144 4604 305 4664 absolvitur.
347 4606 417 4661 Nam
438 4611 508 4681 quod
529 4626 628 4664 causas
649 4609 857 4681 inaequalitatis
883 4612 965 4682 hujus
997 4610 1116 4675 attinet,
1147 4610 1213 4665 illae
1235 4608 1307 4664 duae
1326 4610 1470 4685 ιιιιιιιιηΙ

144 4696 202 4744 tarn
223 4686 251 4741 in
270 4685 335 4742 Sole
355 4702 437 4756 quam
456 4689 485 4744 in
504 4690 616 4763 reliquis
636 4690 767 4762 planetis,
788 4698 820 4745 ut
839 4690 913 4746 iutra
932 4693 1209 4747 dicetur..

232 4759 443 4838 ”lappareus
462 4769 535 4826 Solis
555 4771 632 4827 locus
653 4778 698 4826 est
717 4771 750 4836 is,
771 4788 850 4843 quem
869 4771 917 4828 Sol
938 4789 988 4843 per
1008 4770 1236 4843 inaequalitatem
1257 4785 1336 4827 auam
1357 4788 1470 4847 occuper

144 4849 274 4914 canitur.
314 4845 423 4903 Hediae
443 4857 488 4905 eat
505 4849 540 4918 ia,
560 4866 639 4933 quens
656 4857 816 4925 οοοιιιιιιι,
836 4852 861 4909 si
881 4851 1082 4928 ἰιιιιιιιιιίιιιιι
1102 4867 1156 4909 ιιι
1174 4857 1293 4909 careret
1410 4850 1413 4854 ’
