<?xml version="1.0" encoding="UTF-8"?>
<!DOCTYPE html PUBLIC "-//W3C//DTD XHTML 1.0 Transitional//EN"
    "http://www.w3.org/TR/xhtml1/DTD/xhtml1-transitional.dtd">
<html xmlns="http://www.w3.org/1999/xhtml" xml:lang="en" lang="en">
 <head>
  <title>
</title>
<meta http-equiv="Content-Type" content="text/html;charset=utf-8" />
  <meta name='ocr-system' content='tesseract 3.04.00' />
  <meta name='ocr-capabilities' content='ocr_page ocr_carea ocr_par ocr_line ocrx_word'/>
</head>
<body>
  <div class='ocr_page' id='page_1' title='image "./joanniskepleria12frisgoog/joanniskepleria12frisgoog_0042.png"; bbox 0 0 3278 5550; ppageno 0'>
   <div class='ocr_carea' id='block_1_1' title="bbox 451 282 1424 353">
    <p class='ocr_par' dir='ltr' id='par_1_1' title="bbox 451 282 1424 353">
     <span class='ocr_line' id='line_1_1' title="bbox 451 282 1424 353; baseline 0.003 -14"><span class='ocrx_word' id='word_1_1' title='bbox 451 285 483 339; x_wconf 86' lang='lat' dir='ltr'>de</span> <span class='ocrx_word' id='word_1_2' title='bbox 500 284 689 339; x_wconf 63' lang='lat' dir='ltr'>&amp;mmanunis</span> <span class='ocrx_word' id='word_1_3' title='bbox 707 287 739 339; x_wconf 88' lang='lat' dir='ltr'>ds</span> <span class='ocrx_word' id='word_1_4' title='bbox 756 293 827 341; x_wconf 84' lang='lat' dir='ltr'>mota</span> <span class='ocrx_word' id='word_1_5' title='bbox 845 288 934 341; x_wconf 80' lang='lat' dir='ltr'>stdlae</span> <span class='ocrx_word' id='word_1_6' title='bbox 952 287 1051 342; x_wconf 70' lang='lat' dir='ltr'>Marna</span> <span class='ocrx_word' id='word_1_7' title='bbox 1381 282 1424 353; x_wconf 77' lang='grc'>33</span> 
     </span>
    </p>
   </div>
   <div class='ocr_carea' id='block_1_2' title="bbox 12 460 1550 2339">
    <p class='ocr_par' dir='ltr' id='par_1_2' title="bbox 12 460 1550 2339">
     <span class='ocr_line' id='line_1_2' title="bbox 13 460 1424 553; baseline -0.003 -20"><span class='ocrx_word' id='word_1_8' title='bbox 13 476 43 513; x_wconf 68' lang='lat'>²</span> <span class='ocrx_word' id='word_1_9' title='bbox 86 471 160 553; x_wconf 81' lang='lat' dir='ltr'>leto,</span> <span class='ocrx_word' id='word_1_10' title='bbox 191 477 227 530; x_wconf 94' lang='lat' dir='ltr'>nt</span> <span class='ocrx_word' id='word_1_11' title='bbox 247 486 355 548; x_wconf 88' lang='lat' dir='ltr'>pacem</span> <span class='ocrx_word' id='word_1_12' title='bbox 379 487 447 529; x_wconf 91' lang='lat' dir='ltr'>esse</span> <span class='ocrx_word' id='word_1_13' title='bbox 471 466 643 546; x_wconf 80' lang='lat' dir='ltr'>intelligas:</span> <span class='ocrx_word' id='word_1_14' title='bbox 675 460 841 531; x_wconf 86' lang='lat' dir='ltr'>cavendum</span> <span class='ocrx_word' id='word_1_15' title='bbox 862 475 980 543; x_wconf 84' lang='lat' dir='ltr'>tamen,</span> <span class='ocrx_word' id='word_1_16' title='bbox 1012 487 1050 531; x_wconf 93' lang='lat' dir='ltr'>ue</span> <span class='ocrx_word' id='word_1_17' title='bbox 1073 467 1232 529; x_wconf 86' lang='lat' dir='ltr'>veritatem</span> <span class='ocrx_word' id='word_1_18' title='bbox 1255 465 1424 529; x_wconf 88' lang='lat' dir='ltr'>adulatorio</span> 
     </span>
     <span class='ocr_line' id='line_1_3' title="bbox 13 552 1425 654; baseline -0.004 -32"><span class='ocrx_word' id='word_1_19' title='bbox 13 552 42 654; x_wconf 63' lang='lat' dir='ltr'>:f</span> <span class='ocrx_word' id='word_1_20' title='bbox 84 560 165 622; x_wconf 88' lang='lat' dir='ltr'>mimo</span> <span class='ocrx_word' id='word_1_21' title='bbox 189 557 318 639; x_wconf 84' lang='lat' dir='ltr'>prodere</span> <span class='ocrx_word' id='word_1_22' title='bbox 342 557 456 618; x_wconf 88' lang='lat' dir='ltr'>videar.</span> <span class='ocrx_word' id='word_1_23' title='bbox 502 556 552 618; x_wconf 81' lang='lat' dir='ltr'>Ex</span> <span class='ocrx_word' id='word_1_24' title='bbox 575 554 625 631; x_wconf 92' lang='lat' dir='ltr'>iis,</span> <span class='ocrx_word' id='word_1_25' title='bbox 656 559 962 639; x_wconf 87' lang='lat' dir='ltr'>quaeTengnaglius</span> <span class='ocrx_word' id='word_1_26' title='bbox 985 558 1024 633; x_wconf 79' lang='lat' dir='ltr'>ad</span> <span class='ocrx_word' id='word_1_27' title='bbox 1048 565 1079 619; x_wconf 91' lang='lat' dir='ltr'>te</span> <span class='ocrx_word' id='word_1_28' title='bbox 1104 556 1240 637; x_wconf 78' lang='lat' dir='ltr'><strong>scripsit,</strong></span> <span class='ocrx_word' id='word_1_29' title='bbox 1263 553 1425 617; x_wconf 77' lang='lat' dir='ltr'>etiamnum</span> 
     </span>
     <span class='ocr_line' id='line_1_4' title="bbox 15 642 1550 729; baseline -0.004 -18"><span class='ocrx_word' id='word_1_30' title='bbox 15 642 41 729; x_wconf 47' lang='grc' dir='ltr'>ἐ</span> <span class='ocrx_word' id='word_1_31' title='bbox 83 649 184 711; x_wconf 77' lang='lat' dir='ltr'>amiam</span> <span class='ocrx_word' id='word_1_32' title='bbox 210 645 267 709; x_wconf 91' lang='lat' dir='ltr'>tibi</span> <span class='ocrx_word' id='word_1_33' title='bbox 289 646 387 709; x_wconf 86' lang='lat' dir='ltr'>videri</span> <span class='ocrx_word' id='word_1_34' title='bbox 411 646 458 708; x_wconf 90' lang='lat' dir='ltr'>ais</span> <span class='ocrx_word' id='word_1_35' title='bbox 480 664 579 708; x_wconf 90' lang='lat' dir='ltr'>meam</span> <span class='ocrx_word' id='word_1_36' title='bbox 601 645 783 725; x_wconf 80' lang='lat' dir='ltr'>industriam</span> <span class='ocrx_word' id='word_1_37' title='bbox 805 648 886 710; x_wconf 87' lang='lat' dir='ltr'>circa</span> <span class='ocrx_word' id='word_1_38' title='bbox 909 648 1120 709; x_wconf 77' lang='lat' dir='ltr'>refutationem</span> <span class='ocrx_word' id='word_1_39' title='bbox 1148 643 1278 708; x_wconf 91' lang='lat' dir='ltr'>recentis</span> <span class='ocrx_word' id='word_1_40' title='bbox 1301 645 1424 726; x_wconf 81' lang='lat' dir='ltr'>Tycho-</span> <span class='ocrx_word' id='word_1_41' title='bbox 1545 716 1550 726; x_wconf 28' lang='grc' dir='ltr'><em>Ι</em></span> 
     </span>
     <span class='ocr_line' id='line_1_5' title="bbox 13 735 1426 818; baseline 0 -22"><span class='ocrx_word' id='word_1_42' title='bbox 13 768 38 798; x_wconf 68' lang='grc' dir='ltr'>ιι</span> <span class='ocrx_word' id='word_1_43' title='bbox 82 738 170 799; x_wconf 78' lang='lat' dir='ltr'>muse</span> <span class='ocrx_word' id='word_1_44' title='bbox 194 736 402 818; x_wconf 86' lang='lat' dir='ltr'>hypotheseos</span> <span class='ocrx_word' id='word_1_45' title='bbox 424 736 455 797; x_wconf 92' lang='lat' dir='ltr'>in</span> <span class='ocrx_word' id='word_1_46' title='bbox 478 736 574 799; x_wconf 90' lang='lat' dir='ltr'>Luna.</span> <span class='ocrx_word' id='word_1_47' title='bbox 623 735 704 807; x_wconf 89' lang='lat' dir='ltr'>Quid</span> <span class='ocrx_word' id='word_1_48' title='bbox 727 738 933 818; x_wconf 86' lang='lat' dir='ltr'>Teugnaglius</span> <span class='ocrx_word' id='word_1_49' title='bbox 958 736 1113 818; x_wconf 85' lang='lat' dir='ltr'>scripserit</span> <span class='ocrx_word' id='word_1_50' title='bbox 1135 754 1196 798; x_wconf 90' lang='lat' dir='ltr'>uon</span> <span class='ocrx_word' id='word_1_51' title='bbox 1226 741 1347 797; x_wconf 90' lang='lat' dir='ltr'>constat</span> <span class='ocrx_word' id='word_1_52' title='bbox 1368 752 1426 796; x_wconf 90' lang='lat' dir='ltr'>nec</span> 
     </span>
     <span class='ocr_line' id='line_1_6' title="bbox 81 821 1425 907; baseline -0.002 -19"><span class='ocrx_word' id='word_1_53' title='bbox 81 828 143 888; x_wconf 79' lang='lat' dir='ltr'>lubet</span> <span class='ocrx_word' id='word_1_54' title='bbox 174 833 338 888; x_wconf 68' lang='lat' dir='ltr'>acuisse:</span> <span class='ocrx_word' id='word_1_55' title='bbox 371 823 516 907; x_wconf 91' lang='lat' dir='ltr'>quidquid</span> <span class='ocrx_word' id='word_1_56' title='bbox 547 831 579 886; x_wconf 92' lang='lat' dir='ltr'>to</span> <span class='ocrx_word' id='word_1_57' title='bbox 608 824 768 906; x_wconf 81' lang='lat' dir='ltr'>scripseris</span> <span class='ocrx_word' id='word_1_58' title='bbox 799 828 1000 889; x_wconf 90' lang='lat' dir='ltr'>condonatum</span> <span class='ocrx_word' id='word_1_59' title='bbox 1032 834 1109 888; x_wconf 88' lang='lat' dir='ltr'>esto.</span> <span class='ocrx_word' id='word_1_60' title='bbox 1156 825 1202 886; x_wconf 92' lang='lat' dir='ltr'>Tu</span> <span class='ocrx_word' id='word_1_61' title='bbox 1231 842 1303 885; x_wconf 90' lang='lat' dir='ltr'>vero</span> <span class='ocrx_word' id='word_1_62' title='bbox 1331 821 1425 899; x_wconf 59' lang='lat' dir='ltr'>scisse</span> 
     </span>
     <span class='ocr_line' id='line_1_7' title="bbox 12 908 1424 999; baseline 0.001 -22"><span class='ocrx_word' id='word_1_63' title='bbox 12 983 20 999; x_wconf 53' lang='grc'><strong>,</strong></span> <span class='ocrx_word' id='word_1_64' title='bbox 80 914 249 977; x_wconf 81' lang='lat' dir='ltr'>nonullam</span> <span class='ocrx_word' id='word_1_65' title='bbox 283 914 377 976; x_wconf 88' lang='lat' dir='ltr'>talem</span> <span class='ocrx_word' id='word_1_66' title='bbox 407 912 578 979; x_wconf 79' lang='lat' dir='ltr'>instituisse</span> <span class='ocrx_word' id='word_1_67' title='bbox 610 915 832 978; x_wconf 81' lang='lat' dir='ltr'>refutationem.</span> <span class='ocrx_word' id='word_1_68' title='bbox 878 915 972 980; x_wconf 91' lang='lat' dir='ltr'>Aliud</span> <span class='ocrx_word' id='word_1_69' title='bbox 1003 923 1053 978; x_wconf 93' lang='lat' dir='ltr'>est</span> <span class='ocrx_word' id='word_1_70' title='bbox 1080 913 1308 987; x_wconf 76' lang='lat' dir='ltr'>transformare,</span> <span class='ocrx_word' id='word_1_71' title='bbox 1341 908 1424 979; x_wconf 72' lang='lat' dir='ltr'>diui</span> 
     </span>
     <span class='ocr_line' id='line_1_8' title="bbox 12 1002 467 1067; baseline -0.002 0"><span class='ocrx_word' id='word_1_72' title='bbox 12 1002 30 1021; x_wconf 74' lang='lat'>¹&#39;</span> <span class='ocrx_word' id='word_1_73' title='bbox 78 1006 193 1067; x_wconf 80' lang='lat' dir='ltr'>niutare</span> <span class='ocrx_word' id='word_1_74' title='bbox 195 1049 289 1065; x_wconf 88' lang='grc'><strong>.....</strong></span> <span class='ocrx_word' id='word_1_75' title='bbox 464 1036 467 1042; x_wconf 94' lang='lat'><em>·</em></span> 
     </span>
     <span class='ocr_line' id='line_1_9' title="bbox 143 1091 1420 1170; baseline -0.004 -14.462"><span class='ocrx_word' id='word_1_76' title='bbox 143 1094 198 1156; x_wconf 90' lang='lat' dir='ltr'>Ab</span> <span class='ocrx_word' id='word_1_77' title='bbox 221 1091 387 1155; x_wconf 66' lang='lat' dir='ltr'>morandi</span> <span class='ocrx_word' id='word_1_78' title='bbox 410 1099 442 1153; x_wconf 88' lang='lat' dir='ltr'>et</span> <span class='ocrx_word' id='word_1_79' title='bbox 468 1091 620 1154; x_wconf 87' lang='lat' dir='ltr'>refutandi</span> <span class='ocrx_word' id='word_1_80' title='bbox 652 1092 828 1155; x_wconf 81' lang='lat' dir='ltr'>curiositate</span> <span class='ocrx_word' id='word_1_81' title='bbox 860 1112 908 1154; x_wconf 90' lang='lat' dir='ltr'>me</span> <span class='ocrx_word' id='word_1_82' title='bbox 940 1112 1077 1157; x_wconf 84' lang='lat' dir='ltr'>revocas.</span> <span class='ocrx_word' id='word_1_83' title='bbox 1122 1095 1221 1156; x_wconf 92' lang='lat' dir='ltr'>Pareo</span> <span class='ocrx_word' id='word_1_84' title='bbox 1253 1109 1308 1153; x_wconf 92' lang='lat' dir='ltr'>nec</span> <span class='ocrx_word' id='word_1_85' title='bbox 1335 1096 1420 1170; x_wconf 89' lang='lat' dir='ltr'>puto,</span> 
     </span>
     <span class='ocr_line' id='line_1_10' title="bbox 12 1180 1422 1265; baseline -0.001 -20"><span class='ocrx_word' id='word_1_86' title='bbox 12 1192 18 1259; x_wconf 73' lang='lat' dir='ltr'><em>J</em></span> <span class='ocrx_word' id='word_1_87' title='bbox 74 1204 109 1245; x_wconf 89' lang='lat' dir='ltr'>ne</span> <span class='ocrx_word' id='word_1_88' title='bbox 124 1184 246 1263; x_wconf 80' lang='lat' dir='ltr'>justam</span> <span class='ocrx_word' id='word_1_89' title='bbox 270 1200 393 1244; x_wconf 90' lang='lat' dir='ltr'>causam</span> <span class='ocrx_word' id='word_1_90' title='bbox 417 1180 548 1256; x_wconf 86' lang='lat' dir='ltr'>dedisse,</span> <span class='ocrx_word' id='word_1_91' title='bbox 572 1181 627 1244; x_wconf 89' lang='lat' dir='ltr'>sed</span> <span class='ocrx_word' id='word_1_92' title='bbox 650 1182 712 1244; x_wconf 93' lang='lat' dir='ltr'>illis</span> <span class='ocrx_word' id='word_1_93' title='bbox 736 1183 854 1263; x_wconf 89' lang='lat' dir='ltr'>maguis</span> <span class='ocrx_word' id='word_1_94' title='bbox 878 1183 993 1260; x_wconf 90' lang='lat' dir='ltr'>causis,</span> <span class='ocrx_word' id='word_1_95' title='bbox 1017 1203 1092 1265; x_wconf 88' lang='lat' dir='ltr'>quas</span> <span class='ocrx_word' id='word_1_96' title='bbox 1116 1182 1247 1262; x_wconf 88' lang='lat' dir='ltr'>allegas,</span> <span class='ocrx_word' id='word_1_97' title='bbox 1271 1199 1331 1245; x_wconf 89' lang='lat' dir='ltr'>non</span> <span class='ocrx_word' id='word_1_98' title='bbox 1355 1186 1422 1243; x_wconf 89' lang='lat' dir='ltr'>erat</span> 
     </span>
     <span class='ocr_line' id='line_1_11' title="bbox 72 1269 1418 1354; baseline -0.002 -21"><span class='ocrx_word' id='word_1_99' title='bbox 72 1293 140 1354; x_wconf 81' lang='lat' dir='ltr'>apsa</span> <span class='ocrx_word' id='word_1_100' title='bbox 188 1271 301 1334; x_wconf 82' lang='lat' dir='ltr'>Amice</span> <span class='ocrx_word' id='word_1_101' title='bbox 323 1270 381 1333; x_wconf 89' lang='lat' dir='ltr'>abs</span> <span class='ocrx_word' id='word_1_102' title='bbox 403 1278 434 1332; x_wconf 86' lang='lat' dir='ltr'>te</span> <span class='ocrx_word' id='word_1_103' title='bbox 457 1269 572 1351; x_wconf 89' lang='lat' dir='ltr'>accipio</span> <span class='ocrx_word' id='word_1_104' title='bbox 597 1291 714 1334; x_wconf 89' lang='lat' dir='ltr'>omnem</span> <span class='ocrx_word' id='word_1_105' title='bbox 738 1271 982 1335; x_wconf 90' lang='lat' dir='ltr'>admonitionem.</span> <span class='ocrx_word' id='word_1_106' title='bbox 1028 1273 1073 1336; x_wconf 88' lang='lat' dir='ltr'>Ut</span> <span class='ocrx_word' id='word_1_107' title='bbox 1100 1291 1168 1332; x_wconf 89' lang='lat' dir='ltr'>mea</span> <span class='ocrx_word' id='word_1_108' title='bbox 1198 1269 1320 1351; x_wconf 88' lang='lat' dir='ltr'>incepta</span> <span class='ocrx_word' id='word_1_109' title='bbox 1345 1287 1418 1348; x_wconf 91' lang='lat' dir='ltr'>per·</span> 
     </span>
     <span class='ocr_line' id='line_1_12' title="bbox 70 1356 1420 1443; baseline -0.003 -19"><span class='ocrx_word' id='word_1_110' title='bbox 70 1361 166 1437; x_wconf 67' lang='lat' dir='ltr'>icum,</span> <span class='ocrx_word' id='word_1_111' title='bbox 193 1360 252 1422; x_wconf 84' lang='lat' dir='ltr'>trbi</span> <span class='ocrx_word' id='word_1_112' title='bbox 276 1359 534 1441; x_wconf 85' lang='lat' dir='ltr'>tue&#39;relinquam,</span> <span class='ocrx_word' id='word_1_113' title='bbox 559 1360 645 1440; x_wconf 87' lang='lat' dir='ltr'>juste</span> <span class='ocrx_word' id='word_1_114' title='bbox 668 1372 717 1424; x_wconf 88' lang='lat' dir='ltr'>est</span> <span class='ocrx_word' id='word_1_115' title='bbox 742 1360 924 1443; x_wconf 90' lang='lat' dir='ltr'>postulatio.</span> <span class='ocrx_word' id='word_1_116' title='bbox 970 1362 1116 1426; x_wconf 79' lang='lat' dir='ltr'>Attamen</span> <span class='ocrx_word' id='word_1_117' title='bbox 1149 1360 1193 1422; x_wconf 90' lang='lat' dir='ltr'>ita</span> <span class='ocrx_word' id='word_1_118' title='bbox 1221 1359 1259 1421; x_wconf 88' lang='lat' dir='ltr'>ab</span> <span class='ocrx_word' id='word_1_119' title='bbox 1292 1356 1420 1420; x_wconf 82' lang='lat' dir='ltr'>invicem</span> 
     </span>
     <span class='ocr_line' id='line_1_13' title="bbox 68 1447 1419 1531; baseline -0.001 -20"><span class='ocrx_word' id='word_1_120' title='bbox 68 1451 123 1512; x_wconf 80' lang='lat' dir='ltr'>ueri</span> <span class='ocrx_word' id='word_1_121' title='bbox 145 1458 223 1515; x_wconf 85' lang='lat' dir='ltr'>sunt</span> <span class='ocrx_word' id='word_1_122' title='bbox 246 1469 353 1513; x_wconf 90' lang='lat' dir='ltr'>omnes</span> <span class='ocrx_word' id='word_1_123' title='bbox 375 1449 535 1530; x_wconf 85' lang='lat' dir='ltr'>planetae,</span> <span class='ocrx_word' id='word_1_124' title='bbox 567 1449 612 1511; x_wconf 92' lang='lat' dir='ltr'>ita</span> <span class='ocrx_word' id='word_1_125' title='bbox 642 1453 769 1514; x_wconf 91' lang='lat' dir='ltr'>multum</span> <span class='ocrx_word' id='word_1_126' title='bbox 790 1453 874 1514; x_wconf 87' lang='lat' dir='ltr'>valet</span> <span class='ocrx_word' id='word_1_127' title='bbox 896 1450 1064 1515; x_wconf 90' lang='lat' dir='ltr'>similitudo</span> <span class='ocrx_word' id='word_1_128' title='bbox 1087 1447 1357 1531; x_wconf 83' lang='lat' dir='ltr'>argumentationis</span> <span class='ocrx_word' id='word_1_129' title='bbox 1380 1447 1419 1510; x_wconf 92' lang='lat' dir='ltr'>ab</span> 
     </span>
     <span class='ocr_line' id='line_1_14' title="bbox 67 1536 1418 1621; baseline -0.002 -19"><span class='ocrx_word' id='word_1_130' title='bbox 67 1561 111 1602; x_wconf 90' lang='lat' dir='ltr'>mo</span> <span class='ocrx_word' id='word_1_131' title='bbox 132 1538 266 1621; x_wconf 73' lang='lat' dir='ltr'>planeta</span> <span class='ocrx_word' id='word_1_132' title='bbox 287 1538 320 1600; x_wconf 93' lang='lat' dir='ltr'>iu</span> <span class='ocrx_word' id='word_1_133' title='bbox 342 1538 467 1612; x_wconf 89' lang='lat' dir='ltr'>ceteris,</span> <span class='ocrx_word' id='word_1_134' title='bbox 495 1546 531 1600; x_wconf 91' lang='lat' dir='ltr'>nt</span> <span class='ocrx_word' id='word_1_135' title='bbox 557 1541 678 1603; x_wconf 90' lang='lat' dir='ltr'>veniam</span> <span class='ocrx_word' id='word_1_136' title='bbox 701 1540 821 1605; x_wconf 90' lang='lat' dir='ltr'>omnino</span> <span class='ocrx_word' id='word_1_137' title='bbox 844 1549 994 1604; x_wconf 87' lang='lat' dir='ltr'>mereatur</span> <span class='ocrx_word' id='word_1_138' title='bbox 1017 1543 1093 1603; x_wconf 92' lang='lat' dir='ltr'>haec</span> <span class='ocrx_word' id='word_1_139' title='bbox 1116 1537 1289 1602; x_wconf 90' lang='lat' dir='ltr'>curiositas.</span> <span class='ocrx_word' id='word_1_140' title='bbox 1336 1536 1418 1608; x_wconf 84' lang='lat' dir='ltr'>Quin</span> 
     </span>
     <span class='ocr_line' id='line_1_15' title="bbox 12 1626 1418 1709; baseline -0.003 -17"><span class='ocrx_word' id='word_1_141' title='bbox 12 1654 14 1659; x_wconf 95' lang='lat'>·</span> <span class='ocrx_word' id='word_1_142' title='bbox 67 1631 111 1692; x_wconf 86' lang='lat' dir='ltr'>ino</span> <span class='ocrx_word' id='word_1_143' title='bbox 132 1629 259 1709; x_wconf 81' lang='lat' dir='ltr'>gratias</span> <span class='ocrx_word' id='word_1_144' title='bbox 280 1627 392 1690; x_wconf 88' lang='lat' dir='ltr'>mereri</span> <span class='ocrx_word' id='word_1_145' title='bbox 412 1627 519 1689; x_wconf 88' lang='lat' dir='ltr'>videor</span> <span class='ocrx_word' id='word_1_146' title='bbox 540 1635 573 1690; x_wconf 91' lang='lat' dir='ltr'>et</span> <span class='ocrx_word' id='word_1_147' title='bbox 604 1648 642 1692; x_wconf 85' lang='lat' dir='ltr'>ex</span> <span class='ocrx_word' id='word_1_148' title='bbox 671 1640 758 1709; x_wconf 90' lang='lat' dir='ltr'>parte</span> <span class='ocrx_word' id='word_1_149' title='bbox 781 1651 801 1691; x_wconf 88' lang='lat' dir='ltr'>a</span> <span class='ocrx_word' id='word_1_150' title='bbox 823 1639 854 1692; x_wconf 89' lang='lat' dir='ltr'>te</span> <span class='ocrx_word' id='word_1_151' title='bbox 878 1650 944 1695; x_wconf 92' lang='lat' dir='ltr'>sum</span> <span class='ocrx_word' id='word_1_152' title='bbox 966 1630 1108 1704; x_wconf 84' lang='lat' dir='ltr'>meritus,</span> <span class='ocrx_word' id='word_1_153' title='bbox 1142 1635 1176 1690; x_wconf 92' lang='lat' dir='ltr'>ut</span> <span class='ocrx_word' id='word_1_154' title='bbox 1206 1634 1277 1688; x_wconf 89' lang='lat' dir='ltr'>tuae</span> <span class='ocrx_word' id='word_1_155' title='bbox 1311 1626 1418 1689; x_wconf 85' lang='lat' dir='ltr'>literae</span> 
     </span>
     <span class='ocr_line' id='line_1_16' title="bbox 65 1714 1416 1801; baseline -0.001 -21"><span class='ocrx_word' id='word_1_156' title='bbox 65 1725 221 1793; x_wconf 70' lang='lat' dir='ltr'>edantur,</span> <span class='ocrx_word' id='word_1_157' title='bbox 257 1717 339 1798; x_wconf 93' lang='lat' dir='ltr'>quod</span> <span class='ocrx_word' id='word_1_158' title='bbox 365 1724 397 1777; x_wconf 84' lang='lat' dir='ltr'>te</span> <span class='ocrx_word' id='word_1_159' title='bbox 429 1717 592 1781; x_wconf 90' lang='lat' dir='ltr'>admonere</span> <span class='ocrx_word' id='word_1_160' title='bbox 614 1720 696 1781; x_wconf 86' lang='lat' dir='ltr'>volui</span> <span class='ocrx_word' id='word_1_161' title='bbox 720 1728 752 1781; x_wconf 92' lang='lat' dir='ltr'>et</span> <span class='ocrx_word' id='word_1_162' title='bbox 773 1721 937 1783; x_wconf 90' lang='lat' dir='ltr'>Benaticae</span> <span class='ocrx_word' id='word_1_163' title='bbox 962 1728 993 1782; x_wconf 92' lang='lat' dir='ltr'>et</span> <span class='ocrx_word' id='word_1_164' title='bbox 1016 1738 1054 1781; x_wconf 85' lang='lat' dir='ltr'>ex</span> <span class='ocrx_word' id='word_1_165' title='bbox 1076 1718 1181 1801; x_wconf 85' lang='lat' dir='ltr'>Styria</span> <span class='ocrx_word' id='word_1_166' title='bbox 1212 1734 1267 1798; x_wconf 92' lang='lat' dir='ltr'>per</span> <span class='ocrx_word' id='word_1_167' title='bbox 1298 1714 1416 1779; x_wconf 88' lang='lat' dir='ltr'>literas.</span> 
     </span>
     <span class='ocr_line' id='line_1_17' title="bbox 65 1804 1417 1890; baseline -0.003 -20"><span class='ocrx_word' id='word_1_168' title='bbox 65 1808 118 1871; x_wconf 80' lang='lat' dir='ltr'>h‘on</span> <span class='ocrx_word' id='word_1_169' title='bbox 133 1809 205 1888; x_wconf 89' lang='lat' dir='ltr'>jam</span> <span class='ocrx_word' id='word_1_170' title='bbox 230 1814 284 1869; x_wconf 85' lang='lat' dir='ltr'>est</span> <span class='ocrx_word' id='word_1_171' title='bbox 307 1805 456 1888; x_wconf 82' lang='lat' dir='ltr'>quaestio,</span> <span class='ocrx_word' id='word_1_172' title='bbox 479 1809 690 1879; x_wconf 79' lang='lat' dir='ltr'>necessariane</span> <span class='ocrx_word' id='word_1_173' title='bbox 715 1810 807 1873; x_wconf 91' lang='lat' dir='ltr'>fuerit</span> <span class='ocrx_word' id='word_1_174' title='bbox 828 1810 993 1873; x_wconf 85' lang='lat' dir='ltr'>admonitio</span> <span class='ocrx_word' id='word_1_175' title='bbox 1009 1830 1048 1872; x_wconf 95' lang='lat' dir='ltr'>an</span> <span class='ocrx_word' id='word_1_176' title='bbox 1077 1822 1316 1890; x_wconf 84' lang='lat' dir='ltr'>supervacanea3</span> <span class='ocrx_word' id='word_1_177' title='bbox 1350 1804 1417 1868; x_wconf 90' lang='lat' dir='ltr'>suf-</span> 
     </span>
     <span class='ocr_line' id='line_1_18' title="bbox 65 1894 1417 1981; baseline 0.001 -23"><span class='ocrx_word' id='word_1_178' title='bbox 65 1898 123 1972; x_wconf 84' lang='lat' dir='ltr'>tcit,</span> <span class='ocrx_word' id='word_1_179' title='bbox 145 1896 287 1960; x_wconf 82' lang='lat' dir='ltr'>animum</span> <span class='ocrx_word' id='word_1_180' title='bbox 311 1894 407 1958; x_wconf 90' lang='lat' dir='ltr'>fuisse</span> <span class='ocrx_word' id='word_1_181' title='bbox 431 1896 621 1960; x_wconf 89' lang='lat' dir='ltr'>laudabilem.</span> <span class='ocrx_word' id='word_1_182' title='bbox 668 1898 816 1962; x_wconf 86' lang='lat' dir='ltr'>Vicissim</span> <span class='ocrx_word' id='word_1_183' title='bbox 839 1906 915 1981; x_wconf 83' lang='lat' dir='ltr'>qua&#39;e</span> <span class='ocrx_word' id='word_1_184' title='bbox 939 1908 972 1962; x_wconf 91' lang='lat' dir='ltr'>tu</span> <span class='ocrx_word' id='word_1_185' title='bbox 994 1919 1041 1960; x_wconf 94' lang='lat' dir='ltr'>me</span> <span class='ocrx_word' id='word_1_186' title='bbox 1072 1894 1272 1970; x_wconf 87' lang='lat' dir='ltr'>admonuisti,</span> <span class='ocrx_word' id='word_1_187' title='bbox 1300 1894 1352 1958; x_wconf 93' lang='lat' dir='ltr'>ubi</span> <span class='ocrx_word' id='word_1_188' title='bbox 1384 1902 1417 1959; x_wconf 85' lang='lat' dir='ltr'>tu</span> 
     </span>
     <span class='ocr_line' id='line_1_19' title="bbox 64 1982 1416 2070; baseline -0.002 -23"><span class='ocrx_word' id='word_1_189' title='bbox 64 2007 97 2047; x_wconf 85' lang='lat' dir='ltr'>ne</span> <span class='ocrx_word' id='word_1_190' title='bbox 116 1987 319 2049; x_wconf 79' lang='lat' dir='ltr'>aberramem</span> <span class='ocrx_word' id='word_1_191' title='bbox 343 1985 374 2046; x_wconf 90' lang='lat' dir='ltr'>in</span> <span class='ocrx_word' id='word_1_192' title='bbox 396 1982 478 2047; x_wconf 88' lang='lat' dir='ltr'>viam</span> <span class='ocrx_word' id='word_1_193' title='bbox 500 1986 658 2064; x_wconf 86' lang='lat' dir='ltr'>reduxisti,</span> <span class='ocrx_word' id='word_1_194' title='bbox 682 1998 769 2069; x_wconf 87' lang='lat' dir='ltr'>grato</span> <span class='ocrx_word' id='word_1_195' title='bbox 793 1989 894 2053; x_wconf 90' lang='lat' dir='ltr'>animo</span> <span class='ocrx_word' id='word_1_196' title='bbox 917 1989 1044 2070; x_wconf 83' lang='lat' dir='ltr'>agnovi3</span> <span class='ocrx_word' id='word_1_197' title='bbox 1068 1993 1157 2069; x_wconf 90' lang='lat' dir='ltr'>potes</span> <span class='ocrx_word' id='word_1_198' title='bbox 1179 1984 1213 2046; x_wconf 93' lang='lat' dir='ltr'>id</span> <span class='ocrx_word' id='word_1_199' title='bbox 1231 2003 1322 2065; x_wconf 89' lang='lat' dir='ltr'>porro</span> <span class='ocrx_word' id='word_1_200' title='bbox 1338 2001 1416 2065; x_wconf 91' lang='lat' dir='ltr'>quo-</span> 
     </span>
     <span class='ocr_line' id='line_1_20' title="bbox 64 2073 1419 2159; baseline -0.002 -22"><span class='ocrx_word' id='word_1_201' title='bbox 64 2095 113 2156; x_wconf 86' lang='lat' dir='ltr'>que,</span> <span class='ocrx_word' id='word_1_202' title='bbox 134 2074 241 2156; x_wconf 89' lang='lat' dir='ltr'>potuit</span> <span class='ocrx_word' id='word_1_203' title='bbox 267 2082 301 2137; x_wconf 93' lang='lat' dir='ltr'>et</span> <span class='ocrx_word' id='word_1_204' title='bbox 323 2073 481 2138; x_wconf 82' lang='lat' dir='ltr'>Fabricius</span> <span class='ocrx_word' id='word_1_205' title='bbox 506 2094 543 2136; x_wconf 87' lang='lat' dir='ltr'>ex</span> <span class='ocrx_word' id='word_1_206' title='bbox 568 2076 724 2141; x_wconf 90' lang='lat' dir='ltr'>Ostfrisia.</span> <span class='ocrx_word' id='word_1_207' title='bbox 771 2082 835 2142; x_wconf 90' lang='lat' dir='ltr'>Nec</span> <span class='ocrx_word' id='word_1_208' title='bbox 859 2074 1011 2142; x_wconf 86' lang='lat' dir='ltr'>diversum</span> <span class='ocrx_word' id='word_1_209' title='bbox 1034 2079 1072 2140; x_wconf 91' lang='lat' dir='ltr'>de</span> <span class='ocrx_word' id='word_1_210' title='bbox 1097 2096 1143 2138; x_wconf 90' lang='lat' dir='ltr'>me</span> <span class='ocrx_word' id='word_1_211' title='bbox 1167 2073 1303 2159; x_wconf 81' lang='lat' dir='ltr'>sentias,</span> <span class='ocrx_word' id='word_1_212' title='bbox 1336 2073 1419 2154; x_wconf 89' lang='lat' dir='ltr'>quod</span> 
     </span>
     <span class='ocr_line' id='line_1_21' title="bbox 65 2163 1416 2248; baseline 0 -24"><span class='ocrx_word' id='word_1_213' title='bbox 65 2165 104 2226; x_wconf 88' lang='lat' dir='ltr'>nbi</span> <span class='ocrx_word' id='word_1_214' title='bbox 125 2163 295 2227; x_wconf 88' lang='lat' dir='ltr'>succensui</span> <span class='ocrx_word' id='word_1_215' title='bbox 321 2165 427 2226; x_wconf 87' lang='lat' dir='ltr'>ovales</span> <span class='ocrx_word' id='word_1_216' title='bbox 450 2183 538 2227; x_wconf 90' lang='lat' dir='ltr'>curas</span> <span class='ocrx_word' id='word_1_217' title='bbox 561 2168 712 2248; x_wconf 84' lang='lat' dir='ltr'>carpenti:</span> <span class='ocrx_word' id='word_1_218' title='bbox 746 2188 804 2231; x_wconf 92' lang='lat' dir='ltr'>non</span> <span class='ocrx_word' id='word_1_219' title='bbox 834 2170 912 2231; x_wconf 88' lang='lat' dir='ltr'>enim</span> <span class='ocrx_word' id='word_1_220' title='bbox 939 2168 993 2231; x_wconf 91' lang='lat' dir='ltr'>tibi</span> <span class='ocrx_word' id='word_1_221' title='bbox 1022 2168 1059 2229; x_wconf 93' lang='lat' dir='ltr'>de</span> <span class='ocrx_word' id='word_1_222' title='bbox 1083 2163 1321 2229; x_wconf 86' lang='lat' dir='ltr'>contradictione</span> <span class='ocrx_word' id='word_1_223' title='bbox 1345 2181 1416 2225; x_wconf 83' lang='lat' dir='ltr'>snc-</span> 
     </span>
     <span class='ocr_line' id='line_1_22' title="bbox 64 2251 1416 2339; baseline -0.001 -23"><span class='ocrx_word' id='word_1_224' title='bbox 64 2255 155 2328; x_wconf 83' lang='lat' dir='ltr'>ceusui,</span> <span class='ocrx_word' id='word_1_225' title='bbox 179 2253 242 2316; x_wconf 89' lang='lat' dir='ltr'>sed</span> <span class='ocrx_word' id='word_1_226' title='bbox 267 2253 310 2314; x_wconf 88' lang='lat' dir='ltr'>de</span> <span class='ocrx_word' id='word_1_227' title='bbox 333 2251 454 2333; x_wconf 87' lang='lat' dir='ltr'>injuris,</span> <span class='ocrx_word' id='word_1_228' title='bbox 478 2256 557 2337; x_wconf 91' lang='lat' dir='ltr'>quod</span> <span class='ocrx_word' id='word_1_229' title='bbox 581 2255 642 2318; x_wconf 90' lang='lat' dir='ltr'>ista</span> <span class='ocrx_word' id='word_1_230' title='bbox 665 2257 704 2318; x_wconf 89' lang='lat' dir='ltr'>ad</span> <span class='ocrx_word' id='word_1_231' title='bbox 717 2258 814 2321; x_wconf 89' lang='lat' dir='ltr'>alium</span> <span class='ocrx_word' id='word_1_232' title='bbox 831 2259 990 2339; x_wconf 86' lang='lat' dir='ltr'>scripseris</span> <span class='ocrx_word' id='word_1_233' title='bbox 1007 2257 1046 2318; x_wconf 93' lang='lat' dir='ltr'>ad</span> <span class='ocrx_word' id='word_1_234' title='bbox 1061 2274 1108 2318; x_wconf 92' lang='lat' dir='ltr'>me</span> <span class='ocrx_word' id='word_1_235' title='bbox 1124 2273 1185 2318; x_wconf 91' lang='lat' dir='ltr'>non</span> <span class='ocrx_word' id='word_1_236' title='bbox 1200 2251 1416 2315; x_wconf 88' lang='lat' dir='ltr'>instituendum</span> 
     </span>
    </p>
   </div>
   <div class='ocr_carea' id='block_1_3' title="bbox 64 2342 1416 2504">
    <p class='ocr_par' dir='ltr' id='par_1_3' title="bbox 64 2342 1416 2504">
     <span class='ocr_line' id='line_1_23' title="bbox 65 2342 1414 2425; baseline -0.004 -21"><span class='ocrx_word' id='word_1_237' title='bbox 65 2345 102 2404; x_wconf 75' lang='lat' dir='ltr'>sed</span> <span class='ocrx_word' id='word_1_238' title='bbox 130 2342 373 2406; x_wconf 80' lang='lat' dir='ltr'>deformandum</span> <span class='ocrx_word' id='word_1_239' title='bbox 406 2349 651 2418; x_wconf 76' lang='lat' dir='ltr'>(Iougomcutaausz</span> <span class='ocrx_word' id='word_1_240' title='bbox 671 2357 697 2406; x_wconf 86' lang='lat' dir='ltr'>iu</span> <span class='ocrx_word' id='word_1_241' title='bbox 715 2357 825 2409; x_wconf 80' lang='lat' dir='ltr'>cratibus</span> <span class='ocrx_word' id='word_1_242' title='bbox 844 2365 870 2408; x_wconf 88' lang='lat' dir='ltr'>te</span> <span class='ocrx_word' id='word_1_243' title='bbox 888 2373 937 2407; x_wconf 88' lang='lat' dir='ltr'>uon</span> <span class='ocrx_word' id='word_1_244' title='bbox 956 2355 1060 2420; x_wconf 85' lang='lat' dir='ltr'>amplius</span> <span class='ocrx_word' id='word_1_245' title='bbox 1078 2353 1175 2414; x_wconf 85' lang='lat' dir='ltr'>ludere,</span> <span class='ocrx_word' id='word_1_246' title='bbox 1194 2357 1224 2400; x_wconf 90' lang='lat' dir='ltr'>nt</span> <span class='ocrx_word' id='word_1_247' title='bbox 1241 2365 1272 2400; x_wconf 83' lang='lat' dir='ltr'>ex</span> <span class='ocrx_word' id='word_1_248' title='bbox 1288 2350 1319 2399; x_wconf 86' lang='lat' dir='ltr'>lis</span> <span class='ocrx_word' id='word_1_249' title='bbox 1335 2349 1414 2425; x_wconf 76' lang='lat' dir='ltr'>hypo-</span> 
     </span>
     <span class='ocr_line' id='line_1_24' title="bbox 64 2430 1416 2504; baseline 0 -22"><span class='ocrx_word' id='word_1_250' title='bbox 64 2433 128 2482; x_wconf 70' lang='lat' dir='ltr'>aa·</span> <span class='ocrx_word' id='word_1_251' title='bbox 142 2440 264 2482; x_wconf 67' lang='lat' dir='ltr'>usum</span> <span class='ocrx_word' id='word_1_252' title='bbox 284 2430 432 2483; x_wconf 66' lang='lat' dir='ltr'>moseum</span> <span class='ocrx_word' id='word_1_253' title='bbox 449 2432 494 2483; x_wconf 85' lang='lat' dir='ltr'>tibi</span> <span class='ocrx_word' id='word_1_254' title='bbox 516 2434 709 2493; x_wconf 74' lang='lat' dir='ltr'>collocandas,</span> <span class='ocrx_word' id='word_1_255' title='bbox 732 2438 814 2488; x_wconf 70' lang='lat' dir='ltr'>audb.</span> <span class='ocrx_word' id='word_1_256' title='bbox 851 2439 905 2504; x_wconf 82' lang='lat' dir='ltr'>Ego</span> <span class='ocrx_word' id='word_1_257' title='bbox 930 2442 997 2487; x_wconf 82' lang='lat' dir='ltr'>certe</span> <span class='ocrx_word' id='word_1_258' title='bbox 1022 2449 1072 2484; x_wconf 90' lang='lat' dir='ltr'>nou</span> <span class='ocrx_word' id='word_1_259' title='bbox 1096 2441 1150 2484; x_wconf 90' lang='lat' dir='ltr'>tam</span> <span class='ocrx_word' id='word_1_260' title='bbox 1168 2431 1250 2482; x_wconf 84' lang='lat' dir='ltr'>orales</span> <span class='ocrx_word' id='word_1_261' title='bbox 1268 2434 1343 2495; x_wconf 75' lang='grc' dir='ltr'><strong>ιιιιι</strong></span> <span class='ocrx_word' id='word_1_262' title='bbox 1360 2431 1416 2495; x_wconf 86' lang='lat' dir='ltr'>ipss</span> 
     </span>
    </p>
   </div>
   <div class='ocr_carea' id='block_1_4' title="bbox 10 2500 1500 3307">
    <p class='ocr_par' dir='ltr' id='par_1_4' title="bbox 67 2500 1415 2767">
     <span class='ocr_line' id='line_1_25' title="bbox 67 2500 1414 2589; baseline -0.011 -10"><span class='ocrx_word' id='word_1_263' title='bbox 67 2513 202 2577; x_wconf 61' lang='lat' dir='ltr'>‘stiffi</span> <span class='ocrx_word' id='word_1_264' title='bbox 221 2507 324 2574; x_wconf 69' lang='lat' dir='ltr'>rado.)</span> <span class='ocrx_word' id='word_1_265' title='bbox 369 2503 533 2569; x_wconf 86' lang='lat' dir='ltr'>Commune</span> <span class='ocrx_word' id='word_1_266' title='bbox 556 2526 632 2589; x_wconf 89' lang='lat' dir='ltr'>opus</span> <span class='ocrx_word' id='word_1_267' title='bbox 655 2500 809 2585; x_wconf 85' lang='lat' dir='ltr'>curamus,</span> <span class='ocrx_word' id='word_1_268' title='bbox 832 2530 903 2584; x_wconf 88' lang='lat' dir='ltr'>nec,</span> <span class='ocrx_word' id='word_1_269' title='bbox 928 2516 962 2570; x_wconf 91' lang='lat' dir='ltr'>ut</span> <span class='ocrx_word' id='word_1_270' title='bbox 984 2506 1063 2569; x_wconf 89' lang='lat' dir='ltr'>alius</span> <span class='ocrx_word' id='word_1_271' title='bbox 1086 2514 1135 2568; x_wconf 91' lang='lat' dir='ltr'>est</span> <span class='ocrx_word' id='word_1_272' title='bbox 1156 2502 1296 2584; x_wconf 91' lang='lat' dir='ltr'>bipennis</span> <span class='ocrx_word' id='word_1_273' title='bbox 1319 2503 1414 2578; x_wconf 89' lang='lat' dir='ltr'>faber,</span> 
     </span>
     <span class='ocr_line' id='line_1_26' title="bbox 70 2590 1415 2678; baseline -0.001 -22"><span class='ocrx_word' id='word_1_274' title='bbox 70 2593 132 2655; x_wconf 81' lang='lat' dir='ltr'>alius</span> <span class='ocrx_word' id='word_1_275' title='bbox 147 2591 303 2674; x_wconf 82' lang='lat' dir='ltr'>plaustri,</span> <span class='ocrx_word' id='word_1_276' title='bbox 337 2593 382 2655; x_wconf 88' lang='lat' dir='ltr'>sic</span> <span class='ocrx_word' id='word_1_277' title='bbox 414 2613 470 2656; x_wconf 90' lang='lat' dir='ltr'>nos</span> <span class='ocrx_word' id='word_1_278' title='bbox 500 2597 574 2659; x_wconf 90' lang='lat' dir='ltr'>totis</span> <span class='ocrx_word' id='word_1_279' title='bbox 603 2597 703 2678; x_wconf 91' lang='lat' dir='ltr'>operis</span> <span class='ocrx_word' id='word_1_280' title='bbox 731 2599 822 2662; x_wconf 92' lang='lat' dir='ltr'>divisi</span> <span class='ocrx_word' id='word_1_281' title='bbox 852 2618 965 2661; x_wconf 89' lang='lat' dir='ltr'>snmus.</span> <span class='ocrx_word' id='word_1_282' title='bbox 1012 2595 1146 2659; x_wconf 86' lang='lat' dir='ltr'>Subinde</span> <span class='ocrx_word' id='word_1_283' title='bbox 1175 2612 1232 2655; x_wconf 92' lang='lat' dir='ltr'>usu</span> <span class='ocrx_word' id='word_1_284' title='bbox 1254 2590 1353 2667; x_wconf 80' lang='lat' dir='ltr'>venit,</span> <span class='ocrx_word' id='word_1_285' title='bbox 1381 2598 1415 2654; x_wconf 92' lang='lat' dir='ltr'>nt</span> 
     </span>
     <span class='ocr_line' id='line_1_27' title="bbox 72 2679 1415 2767; baseline -0.003 -21"><span class='ocrx_word' id='word_1_286' title='bbox 72 2681 121 2741; x_wconf 84' lang='lat' dir='ltr'>dno</span> <span class='ocrx_word' id='word_1_287' title='bbox 137 2694 231 2762; x_wconf 68' lang='lat' dir='ltr'>petru</span> <span class='ocrx_word' id='word_1_288' title='bbox 259 2679 399 2745; x_wconf 80' lang='lat' dir='ltr'>familias</span> <span class='ocrx_word' id='word_1_289' title='bbox 423 2702 607 2747; x_wconf 90' lang='lat' dir='ltr'>communem</span> <span class='ocrx_word' id='word_1_290' title='bbox 629 2688 776 2767; x_wconf 85' lang='lat' dir='ltr'>parietem</span> <span class='ocrx_word' id='word_1_291' title='bbox 790 2697 905 2763; x_wconf 85' lang='lat' dir='ltr'>curent,</span> <span class='ocrx_word' id='word_1_292' title='bbox 928 2685 1037 2749; x_wconf 88' lang='lat' dir='ltr'>divisis</span> <span class='ocrx_word' id='word_1_293' title='bbox 1052 2685 1146 2747; x_wconf 90' lang='lat' dir='ltr'>nihilo</span> <span class='ocrx_word' id='word_1_294' title='bbox 1161 2682 1258 2744; x_wconf 90' lang='lat' dir='ltr'>minus</span> <span class='ocrx_word' id='word_1_295' title='bbox 1274 2681 1415 2743; x_wconf 90' lang='lat' dir='ltr'>domuum</span> 
     </span>
    </p>

    <p class='ocr_par' dir='ltr' id='par_1_5' title="bbox 10 2769 1500 3307">
     <span class='ocr_line' id='line_1_28' title="bbox 10 2769 1413 2858; baseline -0.013 -10"><span class='ocrx_word' id='word_1_296' title='bbox 10 2796 17 2810; x_wconf 90' lang='grc'><em>·</em></span> <span class='ocrx_word' id='word_1_297' title='bbox 66 2769 164 2847; x_wconf 76' lang='lat' dir='ltr'>iuribus</span> <span class='ocrx_word' id='word_1_298' title='bbox 182 2771 314 2836; x_wconf 81' lang='lat' dir='ltr'>ceteris.</span> <span class='ocrx_word' id='word_1_299' title='bbox 354 2771 503 2839; x_wconf 87' lang='lat' dir='ltr'>Venisses</span> <span class='ocrx_word' id='word_1_300' title='bbox 527 2794 599 2837; x_wconf 91' lang='lat' dir='ltr'>sane</span> <span class='ocrx_word' id='word_1_301' title='bbox 614 2777 755 2858; x_wconf 79' lang='lat' dir='ltr'>Pragsm&#39;,</span> <span class='ocrx_word' id='word_1_302' title='bbox 780 2778 824 2841; x_wconf 85' lang='lat' dir='ltr'>ita</span> <span class='ocrx_word' id='word_1_303' title='bbox 846 2786 877 2840; x_wconf 87' lang='lat' dir='ltr'>te</span> <span class='ocrx_word' id='word_1_304' title='bbox 901 2779 939 2840; x_wconf 91' lang='lat' dir='ltr'>de</span> <span class='ocrx_word' id='word_1_305' title='bbox 961 2793 1028 2838; x_wconf 89' lang='lat' dir='ltr'>meo</span> <span class='ocrx_word' id='word_1_306' title='bbox 1052 2773 1190 2836; x_wconf 87' lang='lat' dir='ltr'>instituto</span> <span class='ocrx_word' id='word_1_307' title='bbox 1214 2769 1413 2846; x_wconf 87' lang='lat' dir='ltr'>edocuissem,</span> 
     </span>
     <span class='ocr_line' id='line_1_29' title="bbox 67 2859 1413 2943; baseline -0.015 -2"><span class='ocrx_word' id='word_1_308' title='bbox 67 2867 91 2919; x_wconf 62' lang='lat' dir='ltr'>li</span> <span class='ocrx_word' id='word_1_309' title='bbox 107 2869 220 2940; x_wconf 57' lang='lat' dir='ltr'>PM&amp;</span> <span class='ocrx_word' id='word_1_310' title='bbox 246 2859 382 2923; x_wconf 75' lang='lat' dir='ltr'>lubitum</span> <span class='ocrx_word' id='word_1_311' title='bbox 403 2870 531 2943; x_wconf 86' lang='lat' dir='ltr'>pacatus</span> <span class='ocrx_word' id='word_1_312' title='bbox 554 2865 763 2930; x_wconf 86' lang='lat' dir='ltr'>discessisses.</span> <span class='ocrx_word' id='word_1_313' title='bbox 802 2869 849 2933; x_wconf 87' lang='lat' dir='ltr'>At</span> <span class='ocrx_word' id='word_1_314' title='bbox 870 2868 896 2930; x_wconf 90' lang='lat' dir='ltr'>si</span> <span class='ocrx_word' id='word_1_315' title='bbox 919 2867 1049 2939; x_wconf 79' lang='lat' dir='ltr'>infestus</span> <span class='ocrx_word' id='word_1_316' title='bbox 1068 2870 1100 2925; x_wconf 91' lang='lat' dir='ltr'>et</span> <span class='ocrx_word' id='word_1_317' title='bbox 1117 2861 1278 2924; x_wconf 89' lang='lat' dir='ltr'>iracundus</span> <span class='ocrx_word' id='word_1_318' title='bbox 1293 2878 1341 2921; x_wconf 93' lang='lat' dir='ltr'>me</span> <span class='ocrx_word' id='word_1_319' title='bbox 1363 2859 1413 2922; x_wconf 91' lang='lat' dir='ltr'>iu·</span> 
     </span>
     <span class='ocr_line' id='line_1_30' title="bbox 64 2950 1500 3036; baseline -0.005 -20"><span class='ocrx_word' id='word_1_320' title='bbox 64 2950 187 3027; x_wconf 60' lang='lat' dir='ltr'>*asnaa</span> <span class='ocrx_word' id='word_1_321' title='bbox 210 2950 278 3013; x_wconf 89' lang='lat' dir='ltr'>hoe</span> <span class='ocrx_word' id='word_1_322' title='bbox 304 2969 378 3012; x_wconf 90' lang='lat' dir='ltr'>sane</span> <span class='ocrx_word' id='word_1_323' title='bbox 402 2973 421 3013; x_wconf 90' lang='lat' dir='ltr'>a</span> <span class='ocrx_word' id='word_1_324' title='bbox 443 2972 490 3014; x_wconf 92' lang='lat' dir='ltr'>me</span> <span class='ocrx_word' id='word_1_325' title='bbox 506 2953 709 3036; x_wconf 88' lang='lat' dir='ltr'>obtinuisses,</span> <span class='ocrx_word' id='word_1_326' title='bbox 731 2966 767 3020; x_wconf 92' lang='lat' dir='ltr'>ut</span> <span class='ocrx_word' id='word_1_327' title='bbox 788 2977 891 3021; x_wconf 88' lang='lat' dir='ltr'>coram</span> <span class='ocrx_word' id='word_1_328' title='bbox 913 2953 1037 3017; x_wconf 89' lang='lat' dir='ltr'>arbitris</span> <span class='ocrx_word' id='word_1_329' title='bbox 1061 2951 1295 3033; x_wconf 88' lang='lat' dir='ltr'>disputationem</span> <span class='ocrx_word' id='word_1_330' title='bbox 1313 2956 1413 3012; x_wconf 83' lang='lat' dir='ltr'>tecum</span> <span class='ocrx_word' id='word_1_331' title='bbox 1495 2964 1500 2975; x_wconf 92' lang='lat'><strong>·</strong></span> 
     </span>
     <span class='ocr_line' id='line_1_31' title="bbox 60 3037 1414 3126; baseline -0.001 -25"><span class='ocrx_word' id='word_1_332' title='bbox 60 3058 105 3100; x_wconf 91' lang='lat' dir='ltr'>nou</span> <span class='ocrx_word' id='word_1_333' title='bbox 124 3045 331 3103; x_wconf 81' lang='lat' dir='ltr'>recusaturus</span> <span class='ocrx_word' id='word_1_334' title='bbox 355 3039 488 3104; x_wconf 88' lang='lat' dir='ltr'>fuissem.</span> <span class='ocrx_word' id='word_1_335' title='bbox 516 3038 618 3114; x_wconf 84' lang='lat' dir='ltr'>‘Quod</span> <span class='ocrx_word' id='word_1_336' title='bbox 640 3047 679 3107; x_wconf 90' lang='lat' dir='ltr'>ed</span> <span class='ocrx_word' id='word_1_337' title='bbox 703 3055 734 3109; x_wconf 93' lang='lat' dir='ltr'>te</span> <span class='ocrx_word' id='word_1_338' title='bbox 757 3047 809 3111; x_wconf 88' lang='lat' dir='ltr'>diu</span> <span class='ocrx_word' id='word_1_339' title='bbox 824 3067 883 3110; x_wconf 93' lang='lat' dir='ltr'>non</span> <span class='ocrx_word' id='word_1_340' title='bbox 903 3045 1021 3126; x_wconf 89' lang='lat' dir='ltr'>scripsi,</span> <span class='ocrx_word' id='word_1_341' title='bbox 1045 3043 1160 3105; x_wconf 88' lang='lat' dir='ltr'>tribuas</span> <span class='ocrx_word' id='word_1_342' title='bbox 1175 3037 1414 3103; x_wconf 88' lang='lat' dir='ltr'>incommoditati</span> 
     </span>
     <span class='ocr_line' id='line_1_32' title="bbox 58 3127 1412 3215; baseline 0.002 -28"><span class='ocrx_word' id='word_1_343' title='bbox 58 3127 174 3191; x_wconf 78' lang='lat' dir='ltr'>locorum</span> <span class='ocrx_word' id='word_1_344' title='bbox 197 3136 237 3191; x_wconf 86' lang='lat' dir='ltr'>et</span> <span class='ocrx_word' id='word_1_345' title='bbox 261 3127 422 3204; x_wconf 88' lang='lat' dir='ltr'>simultati,</span> <span class='ocrx_word' id='word_1_346' title='bbox 446 3148 523 3213; x_wconf 90' lang='lat' dir='ltr'>quae</span> <span class='ocrx_word' id='word_1_347' title='bbox 546 3140 617 3199; x_wconf 91' lang='lat' dir='ltr'>tunc</span> <span class='ocrx_word' id='word_1_348' title='bbox 641 3146 708 3199; x_wconf 90' lang='lat' dir='ltr'>erat</span> <span class='ocrx_word' id='word_1_349' title='bbox 729 3156 778 3199; x_wconf 92' lang='lat' dir='ltr'>me</span> <span class='ocrx_word' id='word_1_350' title='bbox 802 3138 880 3201; x_wconf 90' lang='lat' dir='ltr'>iuter</span> <span class='ocrx_word' id='word_1_351' title='bbox 896 3146 927 3199; x_wconf 90' lang='lat' dir='ltr'>et</span> <span class='ocrx_word' id='word_1_352' title='bbox 941 3131 1171 3215; x_wconf 85' lang='lat' dir='ltr'>Tengnaglium,</span> <span class='ocrx_word' id='word_1_353' title='bbox 1194 3130 1273 3192; x_wconf 90' lang='lat' dir='ltr'>uude</span> <span class='ocrx_word' id='word_1_354' title='bbox 1290 3129 1412 3207; x_wconf 89' lang='lat' dir='ltr'>factum,</span> 
     </span>
     <span class='ocr_line' id='line_1_33' title="bbox 58 3216 1411 3307; baseline 0 -28"><span class='ocrx_word' id='word_1_355' title='bbox 58 3230 167 3281; x_wconf 82' lang='lat' dir='ltr'>etcum</span> <span class='ocrx_word' id='word_1_356' title='bbox 190 3218 238 3281; x_wconf 86' lang='lat' dir='ltr'>ad</span> <span class='ocrx_word' id='word_1_357' title='bbox 260 3224 295 3280; x_wconf 89' lang='lat' dir='ltr'>te</span> <span class='ocrx_word' id='word_1_358' title='bbox 319 3218 466 3283; x_wconf 81' lang='lat' dir='ltr'>scriberet</span> <span class='ocrx_word' id='word_1_359' title='bbox 498 3221 539 3293; x_wconf 89' lang='lat' dir='ltr'>(si</span> <span class='ocrx_word' id='word_1_360' title='bbox 563 3225 652 3287; x_wconf 92' lang='lat' dir='ltr'>modo</span> <span class='ocrx_word' id='word_1_361' title='bbox 676 3226 830 3307; x_wconf 89' lang='lat' dir='ltr'>scripsit),</span> <span class='ocrx_word' id='word_1_362' title='bbox 854 3226 927 3289; x_wconf 92' lang='lat' dir='ltr'>mihi</span> <span class='ocrx_word' id='word_1_363' title='bbox 961 3223 1136 3286; x_wconf 90' lang='lat' dir='ltr'>occasiones</span> <span class='ocrx_word' id='word_1_364' title='bbox 1163 3239 1223 3282; x_wconf 93' lang='lat' dir='ltr'>non</span> <span class='ocrx_word' id='word_1_365' title='bbox 1255 3216 1411 3286; x_wconf 86' lang='lat' dir='ltr'>indicaret.</span> 
     </span>
    </p>
   </div>
   <div class='ocr_carea' id='block_1_5' title="bbox 55 3306 1411 3396">
    <p class='ocr_par' dir='ltr' id='par_1_6' title="bbox 55 3306 1411 3396">
     <span class='ocr_line' id='line_1_34' title="bbox 55 3306 1411 3396; baseline -0.002 -27"><span class='ocrx_word' id='word_1_366' title='bbox 55 3306 140 3378; x_wconf 80' lang='lat' dir='ltr'>Quod</span> <span class='ocrx_word' id='word_1_367' title='bbox 154 3328 236 3372; x_wconf 89' lang='lat' dir='ltr'>vero</span> <span class='ocrx_word' id='word_1_368' title='bbox 258 3307 360 3371; x_wconf 88' lang='lat' dir='ltr'>Janua</span> <span class='ocrx_word' id='word_1_369' title='bbox 382 3309 622 3391; x_wconf 89' lang='lat' dir='ltr'>Hambnrgeusis</span> <span class='ocrx_word' id='word_1_370' title='bbox 644 3334 700 3396; x_wconf 92' lang='lat' dir='ltr'>pro</span> <span class='ocrx_word' id='word_1_371' title='bbox 731 3316 829 3378; x_wconf 89' lang='lat' dir='ltr'>literis</span> <span class='ocrx_word' id='word_1_372' title='bbox 858 3314 1086 3377; x_wconf 85' lang='lat' dir='ltr'>excusationem</span> <span class='ocrx_word' id='word_1_373' title='bbox 1118 3308 1222 3372; x_wconf 88' lang='lat' dir='ltr'>attulit</span> <span class='ocrx_word' id='word_1_374' title='bbox 1243 3315 1411 3383; x_wconf 71' lang='lat' dir='ltr'>(Longanos-</span> 
     </span>
    </p>
   </div>
   <div class='ocr_carea' id='block_1_6' title="bbox 51 3396 1412 3609">
    <p class='ocr_par' dir='ltr' id='par_1_7' title="bbox 51 3396 1412 3609">
     <span class='ocr_line' id='line_1_35' title="bbox 54 3396 1412 3462; baseline 0.001 -15"><span class='ocrx_word' id='word_1_375' title='bbox 54 3406 128 3447; x_wconf 65' lang='grc' dir='ltr'>ωε</span> <span class='ocrx_word' id='word_1_376' title='bbox 148 3397 182 3448; x_wconf 84' lang='lat' dir='ltr'>da</span> <span class='ocrx_word' id='word_1_377' title='bbox 200 3403 232 3448; x_wconf 85' lang='lat' dir='ltr'>ta</span> <span class='ocrx_word' id='word_1_378' title='bbox 251 3402 338 3447; x_wconf 66' lang='lat' dir='ltr'>anum</span> <span class='ocrx_word' id='word_1_379' title='bbox 357 3396 387 3446; x_wconf 89' lang='lat' dir='ltr'>ob</span> <span class='ocrx_word' id='word_1_380' title='bbox 406 3405 504 3450; x_wconf 76' lang='lat' dir='ltr'>marum</span> <span class='ocrx_word' id='word_1_381' title='bbox 523 3399 664 3453; x_wconf 84' lang='lat' dir='ltr'>diuturnam</span> <span class='ocrx_word' id='word_1_382' title='bbox 683 3411 709 3454; x_wconf 88' lang='lat' dir='ltr'>et</span> <span class='ocrx_word' id='word_1_383' title='bbox 727 3406 851 3456; x_wconf 89' lang='lat' dir='ltr'>insuetam</span> <span class='ocrx_word' id='word_1_384' title='bbox 869 3404 901 3456; x_wconf 87' lang='lat' dir='ltr'>ad</span> <span class='ocrx_word' id='word_1_385' title='bbox 919 3419 959 3455; x_wconf 92' lang='lat' dir='ltr'>me</span> <span class='ocrx_word' id='word_1_386' title='bbox 971 3401 1186 3456; x_wconf 81' lang='lat' dir='ltr'>intermissionem,</span> <span class='ocrx_word' id='word_1_387' title='bbox 1204 3397 1253 3446; x_wconf 87' lang='lat' dir='ltr'>imo</span> <span class='ocrx_word' id='word_1_388' title='bbox 1265 3412 1308 3462; x_wconf 88' lang='lat' dir='ltr'>per</span> <span class='ocrx_word' id='word_1_389' title='bbox 1319 3396 1412 3448; x_wconf 86' lang='lat' dir='ltr'>Janum</span> 
     </span>
     <span class='ocr_line' id='line_1_36' title="bbox 51 3467 1411 3541; baseline -0.006 -14"><span class='ocrx_word' id='word_1_390' title='bbox 51 3467 133 3519; x_wconf 62' lang='grc' dir='ltr'>Μ·</span> <span class='ocrx_word' id='word_1_391' title='bbox 154 3469 350 3518; x_wconf 65' lang='lat' dir='ltr'>⁸¹me</span> <span class='ocrx_word' id='word_1_392' title='bbox 368 3471 488 3534; x_wconf 66' lang='lat' dir='ltr'>m&#39;picul</span> <span class='ocrx_word' id='word_1_393' title='bbox 505 3473 585 3538; x_wconf 76' lang='lat' dir='ltr'>magle</span> <span class='ocrx_word' id='word_1_394' title='bbox 603 3476 732 3541; x_wconf 83' lang='lat' dir='ltr'>magisque</span> <span class='ocrx_word' id='word_1_395' title='bbox 751 3479 834 3541; x_wconf 73' lang='lat' dir='ltr'>coepi,</span> <span class='ocrx_word' id='word_1_396' title='bbox 853 3477 933 3527; x_wconf 89' lang='lat' dir='ltr'>donec</span> <span class='ocrx_word' id='word_1_397' title='bbox 951 3474 1045 3525; x_wconf 86' lang='lat' dir='ltr'>scheda</span> <span class='ocrx_word' id='word_1_398' title='bbox 1061 3470 1206 3534; x_wconf 82' lang='lat' dir='ltr'>Eamburgo</span> <span class='ocrx_word' id='word_1_399' title='bbox 1223 3483 1303 3534; x_wconf 88' lang='lat' dir='ltr'>nuper</span> <span class='ocrx_word' id='word_1_400' title='bbox 1320 3468 1353 3519; x_wconf 83' lang='lat' dir='ltr'>ad</span> <span class='ocrx_word' id='word_1_401' title='bbox 1371 3481 1411 3520; x_wconf 85' lang='lat' dir='ltr'>me</span> 
     </span>
     <span class='ocr_line' id='line_1_37' title="bbox 52 3532 1409 3609; baseline 0.01 -20"><span class='ocrx_word' id='word_1_402' title='bbox 52 3541 120 3589; x_wconf 71' lang='lat' dir='ltr'>aissa</span> <span class='ocrx_word' id='word_1_403' title='bbox 148 3553 211 3590; x_wconf 86' lang='lat' dir='ltr'>assu</span> <span class='ocrx_word' id='word_1_404' title='bbox 239 3532 338 3589; x_wconf 82' lang='lat' dir='ltr'>morani</span> <span class='ocrx_word' id='word_1_405' title='bbox 361 3555 412 3591; x_wconf 88' lang='lat' dir='ltr'>non</span> <span class='ocrx_word' id='word_1_406' title='bbox 436 3545 582 3609; x_wconf 82' lang='lat' dir='ltr'>pmgationa</span> <span class='ocrx_word' id='word_1_407' title='bbox 608 3546 673 3604; x_wconf 86' lang='lat' dir='ltr'>ulla,</span> <span class='ocrx_word' id='word_1_408' title='bbox 691 3548 746 3597; x_wconf 90' lang='lat' dir='ltr'>&#39;sed</span> <span class='ocrx_word' id='word_1_409' title='bbox 772 3549 865 3599; x_wconf 81' lang='lat' dir='ltr'>incivili</span> <span class='ocrx_word' id='word_1_410' title='bbox 893 3558 925 3597; x_wconf 86' lang='lat' dir='ltr'>ac</span> <span class='ocrx_word' id='word_1_411' title='bbox 949 3547 1014 3596; x_wconf 77' lang='lat' dir='ltr'>falsa</span> <span class='ocrx_word' id='word_1_412' title='bbox 1032 3543 1203 3596; x_wconf 81' lang='lat' dir='ltr'>criminatione</span> <span class='ocrx_word' id='word_1_413' title='bbox 1222 3535 1409 3604; x_wconf 70' lang='lat' dir='ltr'>compensasti·</span> 
     </span>
    </p>
   </div>
   <div class='ocr_carea' id='block_1_7' title="bbox 48 3610 1461 4934">
    <p class='ocr_par' dir='ltr' id='par_1_8' title="bbox 48 3610 1461 4934">
     <span class='ocr_line' id='line_1_38' title="bbox 50 3610 1411 3696; baseline -0.012 -8"><span class='ocrx_word' id='word_1_414' title='bbox 50 3611 227 3690; x_wconf 84' lang='lat' dir='ltr'>prudentiae</span> <span class='ocrx_word' id='word_1_415' title='bbox 244 3610 322 3690; x_wconf 79' lang='lat' dir='ltr'>ejus,</span> <span class='ocrx_word' id='word_1_416' title='bbox 345 3621 408 3687; x_wconf 77' lang='lat' dir='ltr'>ant,</span> <span class='ocrx_word' id='word_1_417' title='bbox 431 3613 458 3675; x_wconf 90' lang='lat' dir='ltr'>si</span> <span class='ocrx_word' id='word_1_418' title='bbox 472 3616 606 3679; x_wconf 89' lang='lat' dir='ltr'>atrocius</span> <span class='ocrx_word' id='word_1_419' title='bbox 620 3619 788 3696; x_wconf 90' lang='lat' dir='ltr'>dicendum,</span> <span class='ocrx_word' id='word_1_420' title='bbox 812 3619 982 3683; x_wconf 89' lang='lat' dir='ltr'>curiositati</span> <span class='ocrx_word' id='word_1_421' title='bbox 994 3617 1128 3692; x_wconf 87' lang='lat' dir='ltr'>tribuas;</span> <span class='ocrx_word' id='word_1_422' title='bbox 1152 3612 1288 3694; x_wconf 83' lang='lat' dir='ltr'>quicum</span> <span class='ocrx_word' id='word_1_423' title='bbox 1308 3611 1411 3691; x_wconf 89' lang='lat' dir='ltr'>suspi-</span> 
     </span>
     <span class='ocr_line' id='line_1_39' title="bbox 49 3700 1409 3789; baseline -0.011 -11"><span class='ocrx_word' id='word_1_424' title='bbox 49 3711 181 3776; x_wconf 59' lang='grc' dir='ltr'>Μ,</span> <span class='ocrx_word' id='word_1_425' title='bbox 214 3718 266 3761; x_wconf 93' lang='lat' dir='ltr'>me</span> <span class='ocrx_word' id='word_1_426' title='bbox 289 3700 449 3782; x_wconf 75' lang='lat' dir='ltr'>scripsisse</span> <span class='ocrx_word' id='word_1_427' title='bbox 471 3704 563 3780; x_wconf 86' lang='lat' dir='ltr'>talia,</span> <span class='ocrx_word' id='word_1_428' title='bbox 597 3727 673 3789; x_wconf 86' lang='lat' dir='ltr'>quae</span> <span class='ocrx_word' id='word_1_429' title='bbox 697 3709 759 3774; x_wconf 91' lang='lat' dir='ltr'>sint</span> <span class='ocrx_word' id='word_1_430' title='bbox 781 3710 902 3773; x_wconf 88' lang='lat' dir='ltr'>laesura</span> <span class='ocrx_word' id='word_1_431' title='bbox 925 3706 1159 3788; x_wconf 84' lang='lat' dir='ltr'>Teuguaglium,</span> <span class='ocrx_word' id='word_1_432' title='bbox 1189 3701 1296 3764; x_wconf 88' lang='lat' dir='ltr'>literas</span> <span class='ocrx_word' id='word_1_433' title='bbox 1324 3718 1409 3764; x_wconf 88' lang='lat' dir='ltr'>meas</span> 
     </span>
     <span class='ocr_line' id='line_1_40' title="bbox 49 3787 1461 3873; baseline -0.014 2"><span class='ocrx_word' id='word_1_434' title='bbox 49 3791 153 3853; x_wconf 56' lang='grc' dir='ltr'>Μὴ</span> <span class='ocrx_word' id='word_1_435' title='bbox 175 3787 375 3871; x_wconf 62' lang='grc' dir='ltr'>ωΡῬῐῑωθῐθ.</span> <span class='ocrx_word' id='word_1_436' title='bbox 413 3791 507 3856; x_wconf 84' lang='lat' dir='ltr'>certo</span> <span class='ocrx_word' id='word_1_437' title='bbox 530 3794 621 3873; x_wconf 90' lang='lat' dir='ltr'>scias,</span> <span class='ocrx_word' id='word_1_438' title='bbox 645 3817 692 3860; x_wconf 89' lang='lat' dir='ltr'>me</span> <span class='ocrx_word' id='word_1_439' title='bbox 716 3800 762 3862; x_wconf 90' lang='lat' dir='ltr'>illi</span> <span class='ocrx_word' id='word_1_440' title='bbox 787 3799 1014 3862; x_wconf 89' lang='lat' dir='ltr'>commendasse</span> <span class='ocrx_word' id='word_1_441' title='bbox 1037 3797 1144 3859; x_wconf 87' lang='lat' dir='ltr'>literas</span> <span class='ocrx_word' id='word_1_442' title='bbox 1168 3811 1221 3854; x_wconf 90' lang='lat' dir='ltr'>seu</span> <span class='ocrx_word' id='word_1_443' title='bbox 1243 3789 1410 3852; x_wconf 85' lang='lat' dir='ltr'>mittendas</span> <span class='ocrx_word' id='word_1_444' title='bbox 1458 3851 1461 3855; x_wconf 82' lang='lat'>.</span> 
     </span>
     <span class='ocr_line' id='line_1_41' title="bbox 50 3878 1409 3968; baseline 0 -28"><span class='ocrx_word' id='word_1_445' title='bbox 50 3899 97 3940; x_wconf 88' lang='lat' dir='ltr'>scu</span> <span class='ocrx_word' id='word_1_446' title='bbox 118 3879 335 3961; x_wconf 82' lang='lat' dir='ltr'>perferendas.</span> <span class='ocrx_word' id='word_1_447' title='bbox 371 3879 523 3945; x_wconf 87' lang='lat' dir='ltr'>Schedam</span> <span class='ocrx_word' id='word_1_448' title='bbox 538 3903 637 3948; x_wconf 89' lang='lat' dir='ltr'>meam</span> <span class='ocrx_word' id='word_1_449' title='bbox 651 3890 789 3968; x_wconf 90' lang='lat' dir='ltr'>appellas</span> <span class='ocrx_word' id='word_1_450' title='bbox 812 3887 965 3951; x_wconf 88' lang='lat' dir='ltr'>incivilem</span> <span class='ocrx_word' id='word_1_451' title='bbox 988 3894 1020 3948; x_wconf 91' lang='lat' dir='ltr'>et</span> <span class='ocrx_word' id='word_1_452' title='bbox 1034 3887 1144 3947; x_wconf 90' lang='lat' dir='ltr'>falsam</span> <span class='ocrx_word' id='word_1_453' title='bbox 1159 3878 1409 3943; x_wconf 88' lang='lat' dir='ltr'>criminationem.</span> 
     </span>
     <span class='ocr_line' id='line_1_42' title="bbox 48 3967 1409 4052; baseline -0.001 -20"><span class='ocrx_word' id='word_1_454' title='bbox 48 3970 143 4050; x_wconf 79' lang='lat' dir='ltr'>Nego.</span> <span class='ocrx_word' id='word_1_455' title='bbox 194 3967 261 4032; x_wconf 85' lang='lat' dir='ltr'>Sed</span> <span class='ocrx_word' id='word_1_456' title='bbox 282 3968 309 4030; x_wconf 88' lang='lat' dir='ltr'>si</span> <span class='ocrx_word' id='word_1_457' title='bbox 333 3967 508 4034; x_wconf 80' lang='lat' dir='ltr'>iracundam</span> <span class='ocrx_word' id='word_1_458' title='bbox 529 3973 659 4052; x_wconf 83' lang='lat' dir='ltr'>dixeris,</span> <span class='ocrx_word' id='word_1_459' title='bbox 692 3978 810 4040; x_wconf 87' lang='lat' dir='ltr'>fatebor</span> <span class='ocrx_word' id='word_1_460' title='bbox 841 3985 873 4039; x_wconf 92' lang='lat' dir='ltr'>et</span> <span class='ocrx_word' id='word_1_461' title='bbox 895 3984 929 4038; x_wconf 93' lang='lat' dir='ltr'>ut</span> <span class='ocrx_word' id='word_1_462' title='bbox 950 3978 1008 4039; x_wconf 90' lang='lat' dir='ltr'>hoc</span> <span class='ocrx_word' id='word_1_463' title='bbox 1039 3973 1113 4036; x_wconf 91' lang='lat' dir='ltr'>mihi</span> <span class='ocrx_word' id='word_1_464' title='bbox 1145 3970 1294 4034; x_wconf 90' lang='lat' dir='ltr'>condones</span> <span class='ocrx_word' id='word_1_465' title='bbox 1323 3984 1409 4047; x_wconf 88' lang='lat' dir='ltr'>rogo,</span> 
     </span>
     <span class='ocr_line' id='line_1_43' title="bbox 49 4055 1410 4149; baseline -0.001 -28"><span class='ocrx_word' id='word_1_466' title='bbox 49 4078 100 4138; x_wconf 88' lang='lat' dir='ltr'>pro</span> <span class='ocrx_word' id='word_1_467' title='bbox 123 4077 166 4120; x_wconf 88' lang='lat' dir='ltr'>eo</span> <span class='ocrx_word' id='word_1_468' title='bbox 189 4056 271 4138; x_wconf 87' lang='lat' dir='ltr'>quod</span> <span class='ocrx_word' id='word_1_469' title='bbox 294 4064 326 4119; x_wconf 88' lang='lat' dir='ltr'>et</span> <span class='ocrx_word' id='word_1_470' title='bbox 348 4059 393 4132; x_wconf 67' lang='lat' dir='ltr'>ad,</span> <span class='ocrx_word' id='word_1_471' title='bbox 410 4060 489 4123; x_wconf 90' lang='lat' dir='ltr'>idem</span> <span class='ocrx_word' id='word_1_472' title='bbox 513 4081 587 4143; x_wconf 90' lang='lat' dir='ltr'>erga</span> <span class='ocrx_word' id='word_1_473' title='bbox 609 4073 640 4126; x_wconf 79' lang='lat' dir='ltr'>te</span> <span class='ocrx_word' id='word_1_474' title='bbox 665 4067 797 4130; x_wconf 89' lang='lat' dir='ltr'>studium</span> <span class='ocrx_word' id='word_1_475' title='bbox 818 4074 943 4149; x_wconf 91' lang='lat' dir='ltr'>paratus</span> <span class='ocrx_word' id='word_1_476' title='bbox 963 4085 1037 4128; x_wconf 87' lang='lat' dir='ltr'>sum.</span> <span class='ocrx_word' id='word_1_477' title='bbox 1075 4059 1231 4127; x_wconf 89' lang='lat' dir='ltr'>lucivilem</span> <span class='ocrx_word' id='word_1_478' title='bbox 1247 4063 1279 4118; x_wconf 94' lang='lat' dir='ltr'>et</span> <span class='ocrx_word' id='word_1_479' title='bbox 1299 4055 1410 4120; x_wconf 87' lang='lat' dir='ltr'>falsam</span> 
     </span>
     <span class='ocr_line' id='line_1_44' title="bbox 50 4144 1410 4238; baseline -0.001 -27"><span class='ocrx_word' id='word_1_480' title='bbox 50 4158 131 4210; x_wconf 85' lang='lat' dir='ltr'>tuam</span> <span class='ocrx_word' id='word_1_481' title='bbox 155 4144 401 4211; x_wconf 88' lang='lat' dir='ltr'>criminationem</span> <span class='ocrx_word' id='word_1_482' title='bbox 423 4149 557 4231; x_wconf 90' lang='lat' dir='ltr'>increpui</span> <span class='ocrx_word' id='word_1_483' title='bbox 571 4153 711 4232; x_wconf 85' lang='lat' dir='ltr'>civiliter,</span> <span class='ocrx_word' id='word_1_484' title='bbox 735 4157 815 4238; x_wconf 86' lang='lat' dir='ltr'>quia,</span> <span class='ocrx_word' id='word_1_485' title='bbox 838 4175 904 4219; x_wconf 92' lang='lat' dir='ltr'>cnm</span> <span class='ocrx_word' id='word_1_486' title='bbox 920 4174 1041 4236; x_wconf 90' lang='lat' dir='ltr'>possem</span> <span class='ocrx_word' id='word_1_487' title='bbox 1058 4151 1102 4215; x_wconf 92' lang='lat' dir='ltr'>uti</span> <span class='ocrx_word' id='word_1_488' title='bbox 1116 4147 1292 4221; x_wconf 87' lang='lat' dir='ltr'>retorsione,</span> <span class='ocrx_word' id='word_1_489' title='bbox 1316 4146 1410 4210; x_wconf 92' lang='lat' dir='ltr'>malni</span> 
     </span>
     <span class='ocr_line' id='line_1_45' title="bbox 49 4235 1409 4327; baseline -0.017 -7"><span class='ocrx_word' id='word_1_490' title='bbox 49 4246 75 4297; x_wconf 69' lang='lat'>¹²</span> <span class='ocrx_word' id='word_1_491' title='bbox 95 4235 249 4319; x_wconf 49' lang='lat' dir='ltr'>Pflvffl‘m</span> <span class='ocrx_word' id='word_1_492' title='bbox 269 4235 354 4316; x_wconf 77' lang='lat' dir='ltr'>Prius</span> <span class='ocrx_word' id='word_1_493' title='bbox 377 4238 547 4308; x_wconf 85' lang='lat' dir='ltr'>admonere.</span> <span class='ocrx_word' id='word_1_494' title='bbox 585 4244 724 4326; x_wconf 85' lang='lat' dir='ltr'>Apparet</span> <span class='ocrx_word' id='word_1_495' title='bbox 746 4247 865 4327; x_wconf 91' lang='lat' dir='ltr'>quidem</span> <span class='ocrx_word' id='word_1_496' title='bbox 880 4244 921 4319; x_wconf 93' lang='lat' dir='ltr'>id,</span> <span class='ocrx_word' id='word_1_497' title='bbox 938 4243 1017 4325; x_wconf 88' lang='lat' dir='ltr'>quod</span> <span class='ocrx_word' id='word_1_498' title='bbox 1034 4242 1089 4315; x_wconf 90' lang='lat' dir='ltr'>ais,</span> <span class='ocrx_word' id='word_1_499' title='bbox 1114 4247 1144 4301; x_wconf 92' lang='lat' dir='ltr'>te</span> <span class='ocrx_word' id='word_1_500' title='bbox 1163 4239 1233 4300; x_wconf 89' lang='lat' dir='ltr'>dnm</span> <span class='ocrx_word' id='word_1_501' title='bbox 1251 4237 1312 4299; x_wconf 87' lang='lat' dir='ltr'>ista</span> <span class='ocrx_word' id='word_1_502' title='bbox 1331 4235 1409 4298; x_wconf 91' lang='lat' dir='ltr'>scri·</span> 
     </span>
     <span class='ocr_line' id='line_1_46' title="bbox 49 4324 1409 4414; baseline 0.001 -25"><span class='ocrx_word' id='word_1_503' title='bbox 49 4325 146 4402; x_wconf 85' lang='lat' dir='ltr'>berea,</span> <span class='ocrx_word' id='word_1_504' title='bbox 170 4324 316 4406; x_wconf 89' lang='lat' dir='ltr'>epistolio</span> <span class='ocrx_word' id='word_1_505' title='bbox 338 4345 405 4390; x_wconf 93' lang='lat' dir='ltr'>meo</span> <span class='ocrx_word' id='word_1_506' title='bbox 429 4328 523 4392; x_wconf 90' lang='lat' dir='ltr'>fuisse</span> <span class='ocrx_word' id='word_1_507' title='bbox 546 4332 733 4398; x_wconf 86' lang='lat' dir='ltr'>destitutum.</span> <span class='ocrx_word' id='word_1_508' title='bbox 780 4337 858 4398; x_wconf 88' lang='lat' dir='ltr'>Nam</span> <span class='ocrx_word' id='word_1_509' title='bbox 882 4354 941 4397; x_wconf 91' lang='lat' dir='ltr'>non</span> <span class='ocrx_word' id='word_1_510' title='bbox 964 4333 1133 4414; x_wconf 89' lang='lat' dir='ltr'>opinor‚·te</span> <span class='ocrx_word' id='word_1_511' title='bbox 1157 4328 1187 4390; x_wconf 90' lang='lat' dir='ltr'>iu</span> <span class='ocrx_word' id='word_1_512' title='bbox 1208 4326 1262 4388; x_wconf 92' lang='lat' dir='ltr'>illo</span> <span class='ocrx_word' id='word_1_513' title='bbox 1285 4326 1409 4405; x_wconf 77' lang='lat' dir='ltr'>legisse,</span> 
     </span>
     <span class='ocr_line' id='line_1_47' title="bbox 52 4413 1410 4566; baseline 0.003 -91"><span class='ocrx_word' id='word_1_514' title='bbox 52 4416 153 4566; x_wconf 52' lang='lat' dir='ltr'>lime</span> <span class='ocrx_word' id='word_1_515' title='bbox 149 4413 347 4480; x_wconf 82' lang='lat' dir='ltr'>vehementer</span> <span class='ocrx_word' id='word_1_516' title='bbox 368 4417 442 4480; x_wconf 90' lang='lat' dir='ltr'>mihi</span> <span class='ocrx_word' id='word_1_517' title='bbox 465 4420 648 4499; x_wconf 78' lang='lat' dir='ltr'>applaudam</span> <span class='ocrx_word' id='word_1_518' title='bbox 670 4426 707 4486; x_wconf 91' lang='lat' dir='ltr'>de</span> <span class='ocrx_word' id='word_1_519' title='bbox 730 4423 996 4488; x_wconf 88' lang='lat' dir='ltr'>transformatione</span> <span class='ocrx_word' id='word_1_520' title='bbox 1027 4418 1190 4503; x_wconf 86' lang='lat' dir='ltr'>hypothesi</span> <span class='ocrx_word' id='word_1_521' title='bbox 1214 4415 1410 4498; x_wconf 84' lang='lat' dir='ltr'>Tychoniaus</span> 
     </span>
     <span class='ocr_line' id='line_1_48' title="bbox 136 4593 1407 4679; baseline 0.002 -23"><span class='ocrx_word' id='word_1_522' title='bbox 136 4593 316 4675; x_wconf 89' lang='lat' dir='ltr'>Suspicaris</span> <span class='ocrx_word' id='word_1_523' title='bbox 339 4597 551 4678; x_wconf 82' lang='lat' dir='ltr'>(nequeenim</span> <span class='ocrx_word' id='word_1_524' title='bbox 580 4600 701 4664; x_wconf 89' lang='lat' dir='ltr'>memini</span> <span class='ocrx_word' id='word_1_525' title='bbox 732 4621 779 4664; x_wconf 93' lang='lat' dir='ltr'>me</span> <span class='ocrx_word' id='word_1_526' title='bbox 812 4602 843 4663; x_wconf 92' lang='lat' dir='ltr'>in</span> <span class='ocrx_word' id='word_1_527' title='bbox 872 4600 970 4663; x_wconf 86' lang='lat' dir='ltr'>literis</span> <span class='ocrx_word' id='word_1_528' title='bbox 1004 4599 1042 4660; x_wconf 89' lang='lat' dir='ltr'>ad</span> <span class='ocrx_word' id='word_1_529' title='bbox 1069 4604 1100 4660; x_wconf 83' lang='lat' dir='ltr'>tc</span> <span class='ocrx_word' id='word_1_530' title='bbox 1133 4596 1285 4679; x_wconf 90' lang='lat' dir='ltr'>quippiam</span> <span class='ocrx_word' id='word_1_531' title='bbox 1317 4596 1407 4675; x_wconf 90' lang='lat' dir='ltr'>hujus</span> 
     </span>
     <span class='ocr_line' id='line_1_49' title="bbox 52 4684 1408 4773; baseline 0.001 -27"><span class='ocrx_word' id='word_1_532' title='bbox 52 4687 330 4760; x_wconf 81' lang='lat' dir='ltr'>commemorasse),</span> <span class='ocrx_word' id='word_1_533' title='bbox 353 4703 401 4747; x_wconf 92' lang='lat' dir='ltr'>me</span> <span class='ocrx_word' id='word_1_534' title='bbox 425 4686 464 4747; x_wconf 87' lang='lat' dir='ltr'>ad</span> <span class='ocrx_word' id='word_1_535' title='bbox 486 4687 605 4753; x_wconf 67' lang='lat' dir='ltr'>&lt;limnas</span> <span class='ocrx_word' id='word_1_536' title='bbox 627 4709 711 4753; x_wconf 88' lang='lat' dir='ltr'>meas</span> <span class='ocrx_word' id='word_1_537' title='bbox 733 4691 944 4773; x_wconf 88' lang='lat' dir='ltr'>proportiones</span> <span class='ocrx_word' id='word_1_538' title='bbox 968 4688 1082 4770; x_wconf 88' lang='lat' dir='ltr'>aliquid</span> <span class='ocrx_word' id='word_1_539' title='bbox 1098 4688 1286 4750; x_wconf 88' lang='lat' dir='ltr'>emendasse.</span> <span class='ocrx_word' id='word_1_540' title='bbox 1323 4684 1408 4769; x_wconf 88' lang='lat' dir='ltr'>Nihil</span> 
     </span>
     <span class='ocr_line' id='line_1_50' title="bbox 52 4770 1408 4871; baseline 0.002 -38"><span class='ocrx_word' id='word_1_541' title='bbox 52 4770 139 4854; x_wconf 83' lang='lat' dir='ltr'>hujus</span> <span class='ocrx_word' id='word_1_542' title='bbox 161 4772 234 4835; x_wconf 83' lang='lat' dir='ltr'>feci</span> <span class='ocrx_word' id='word_1_543' title='bbox 270 4774 323 4838; x_wconf 88' lang='lat' dir='ltr'>Ad</span> <span class='ocrx_word' id='word_1_544' title='bbox 345 4793 469 4839; x_wconf 86' lang='lat' dir='ltr'>causam</span> <span class='ocrx_word' id='word_1_545' title='bbox 491 4778 611 4860; x_wconf 90' lang='lat' dir='ltr'>quidem</span> <span class='ocrx_word' id='word_1_546' title='bbox 633 4780 790 4871; x_wconf 79' lang='lat' dir='ltr'>physicam</span> <span class='ocrx_word' id='word_1_547' title='bbox 813 4780 1024 4865; x_wconf 82' lang='lat' dir='ltr'>aequationem</span> <span class='ocrx_word' id='word_1_548' title='bbox 1048 4774 1188 4851; x_wconf 91' lang='lat' dir='ltr'>eccentri,</span> <span class='ocrx_word' id='word_1_549' title='bbox 1214 4776 1298 4857; x_wconf 90' lang='lat' dir='ltr'>cujus</span> <span class='ocrx_word' id='word_1_550' title='bbox 1321 4774 1408 4857; x_wconf 88' lang='lat' dir='ltr'>inge-</span> 
     </span>
     <span class='ocr_line' id='line_1_51' title="bbox 126 4873 1196 4934; baseline -0.02 -5"><span class='ocrx_word' id='word_1_551' title='bbox 126 4877 219 4928; x_wconf 61' lang='grc' dir='ltr'>ΒΜ</span> <span class='ocrx_word' id='word_1_552' title='bbox 232 4879 309 4931; x_wconf 71' lang='grc'><strong>01111·</strong></span> <span class='ocrx_word' id='word_1_553' title='bbox 322 4880 360 4922; x_wconf 84' lang='lat' dir='ltr'>m.</span> <span class='ocrx_word' id='word_1_554' title='bbox 525 4873 527 4877; x_wconf 80' lang='lat'>&#39;</span> <span class='ocrx_word' id='word_1_555' title='bbox 1180 4878 1196 4934; x_wconf 72' lang='lat' dir='ltr'>q</span> 
     </span>
    </p>
   </div>
   <div class='ocr_carea' id='block_1_8' title="bbox 0 0 1644 5550">
    <p class='ocr_par' dir='ltr' id='par_1_9' title="bbox 0 0 1644 5550">
     <span class='ocr_line' id='line_1_52' title="bbox 0 0 1644 5550; baseline 0 5"><span class='ocrx_word' id='word_1_556' title='bbox 0 0 1644 5550; x_wconf 95' lang='lat' dir='ltr'> </span> 
     </span>
    </p>
   </div>
  </div>
 </body>
</html>
