3278 5550
713 304 754 360 θ’
774 306 857 359 lm·
1393 304 1456 374 671

119 492 142 546 rt
165 484 322 568 proportio
346 493 514 547 ceterorum
537 491 569 546 et
584 484 711 567 deniqne
735 485 829 564 ipsius
846 486 905 548 ΑΕ
929 485 968 547 ad
983 481 1065 548 360ο
1087 484 1217 571 dabitur.
1256 487 1290 548 In
1309 484 1458 566 triangulo

119 574 205 654 gitur
223 574 379 655 sphaerico
394 573 491 648 ΑΕΙ),
515 575 690 655 rectangnlo
710 573 749 635 ad
762 574 798 648 Ε,
825 574 914 636 datnr
935 580 1095 655 praeterea
1113 575 1195 637 latus
1212 573 1271 637 ΑΕ
1284 582 1317 635 et
1332 576 1459 655 angulus

119 663 270 744 oppositus
292 661 390 733 ΑΒΕ,
413 681 505 744 qnare
529 663 634 726 etAD
658 662 801 725 distantia
824 663 895 724 nodi
919 663 957 724 ab
981 663 1119 743 opposito
1142 664 1207 724 loco
1224 662 1305 725 Solis
1328 663 1458 738 dabitur,

119 760 140 813 t
163 752 221 814 ΕΙ)
245 751 396 831 elongatio
419 752 523 815 Lunae
547 753 585 814 ab
614 752 667 814 illo
699 752 795 824 nodo,
826 751 903 833 quod
933 761 1001 813 erat
1031 751 1209 832 quaesitum.
1256 754 1357 835 Atque
1385 752 1459 814 haec

119 849 157 902 st
179 841 352 915 methodus,
377 861 436 923 qua
458 842 648 904 Ptolemaeus
672 840 756 904 initio
779 841 879 903 inerat
901 860 984 903 nsua.
1409 862 1421 881 ·

200 927 344 992 Cetemm
367 930 458 992 aliam
471 930 565 992 ·viam
596 929 741 993 insistens
764 929 794 990 in
817 931 931 1010 Magna
955 926 1201 1008 compositione,
1231 947 1388 1008 regressus
1412 937 1460 992 est

119 1018 146 1079 ‚d
170 1018 248 1080 haec
270 1019 351 1099 ipsa,
380 1038 456 1100 quae
479 1019 558 1081 inter
588 1018 735 1099 principia
755 1026 952 1083 assumserat
974 1025 1007 1079 et
1028 1036 1104 1100 qnae
1132 1016 1201 1079 inde
1225 1018 1457 1087 deducebantur,

119 1107 327 1188 adarguenda.
366 1107 521 1170 Facillime
536 1108 615 1170 enim
639 1127 722 1170 error
744 1108 772 1168 in
790 1116 852 1169 tam
871 1107 975 1170 subtili
998 1107 1125 1168 materia
1147 1107 1322 1185 contingere
1344 1116 1456 1188 potest.

119 1195 243 1259 'nimum
266 1197 386 1280 dioptra
407 1196 614 1277 Hipparchum
641 1196 766 1270 fefellit,
790 1216 846 1258 nec
868 1198 958 1277 plane
991 1203 1079 1257 tauta
1102 1202 1151 1256 est
1172 1195 1277 1257 Lunae
1301 1195 1460 1259 diameter:

119 1285 229 1349 >sindo
251 1304 307 1348 nec
330 1284 469 1347 horarius
491 1286 535 1347 ita
549 1295 652 1349 certus
671 1294 728 1360 est,
752 1292 786 1347 ut
800 1287 879 1347 omni
904 1285 993 1346 dubio
1017 1291 1130 1347 careat
1170 1283 1255 1345 Duas
1278 1285 1355 1347 enim
1370 1285 1459 1347 Luna

119 1374 228 1437 ›btinet
250 1374 503 1454 inaequalitates,
531 1395 656 1457 quarum
688 1394 763 1455 quae
793 1376 822 1436 in
853 1374 950 1436 coitus
982 1373 1126 1435 luminum
1154 1373 1266 1435 desinit
1298 1374 1457 1436 admodum

119 1473 255 1527 actenus
277 1464 394 1525 incerta
417 1462 483 1538 fnit,
507 1472 541 1526 nt
563 1464 757 1526 aliter-illam
779 1463 973 1526 Ptolemaeus
996 1461 1172 1534 tradiderit,
1195 1462 1285 1523 aliter
1309 1459 1456 1542 Ooperni-

119 1568 168 1629 ns,
196 1553 284 1614 aliter
297 1552 412 1633 Tycha.
449 1552 530 1615 Fieri
554 1554 645 1615 etiarn
667 1553 773 1633 potuit,
797 1560 832 1615 ut
850 1552 881 1613 in
896 1550 1046 1630 eclipseos
1069 1558 1102 1611 et
1123 1569 1224 1617 morae
1248 1559 1280 1612 et
1293 1551 1457 1632 digitorum

119 1640 324 1704 bservatione
357 1659 414 1702 non
445 1641 524 1704 satis
553 1642 730 1723 diligentiae
760 1641 802 1703 sit
833 1640 1008 1703 adhibitum.
1055 1640 1135 1701 Nam
1155 1640 1186 1701 in
1211 1639 1329 1702 deiectu
1352 1642 1456 1702 Lunae

119 1731 230 1795 lifficile
257 1738 306 1791 est
330 1730 490 1792 aestimare
522 1732 600 1812 qnod
628 1732 731 1812 periit,
762 1750 829 1793 cnm
852 1750 909 1792 nou
932 1729 1080 1790 videatur.
1127 1728 1263 1809 Denique
1287 1729 1456 1791 latitudinis

119 1821 246 1901 ‚ngulua
271 1828 306 1880 ut
323 1816 403 1880 inira
426 1819 551 1895 dicetur,
575 1820 665 1882 dnbio
683 1840 742 1882 non
761 1826 854 1882 caret.
892 1819 936 1883 Ut
953 1820 1018 1899 jam
1041 1817 1222 1880 condicam
1246 1818 1283 1879 de
1306 1836 1352 1893 ιο,
1377 1818 1456 1898 quod

119 1909 263 1971 liameter-
278 1909 398 1982 Lunae,
431 1909 490 1972 etsi
513 1909 544 1971 in
566 1928 625 1971 uno
648 1909 772 1991 epicycli
796 1910 862 1971 loco
895 1916 977 1969 recte
1001 1906 1092 1968 luerit
1119 1906 1298 1980 observata,
1331 1907 1362 1968 in
1387 1907 1456 1969 aliis

119 2016 208 2060 amen
232 1997 307 2058 locis
330 1997 436 2059 vitium
463 1998 625 2060 contrahat
647 2001 684 2061 ob
707 1998 829 2063 nimiam
852 1997 890 2059 ab
912 1996 1087 2077 Hipparcho
1115 1996 1303 2076 suppositam
1332 1996 1454 2076 quanti·

118 2096 201 2149 atem
224 2086 360 2168 epicycli,
385 2086 456 2148 dum
479 2087 680 2168 inaequalitas
702 2087 799 2150 omnis
820 2106 860 2170 ex
883 2084 1017 2168 epicyclo
1045 2084 1207 2158 derivatur,
1231 2104 1306 2166 qnae
1331 2085 1454 2148 dimidia

119 2194 139 2238 x
161 2184 253 2257 parte
276 2175 395 2237 aliunde
417 2175 511 2237 venit.
1095 2238 1098 2243 ,

192 2263 386 2326 Ptolemaeus
411 2283 484 2345 ergo
508 2265 538 2325 in
557 2264 768 2326 iterationibus
789 2263 934 2344 pauciora
956 2261 1102 2323 assumsit
1124 2269 1155 2322 et
1173 2262 1304 2323 certiora
1326 2262 1453 2324 demon·
1502 2314 1504 2319 .

119 2353 230 2417 trando
252 2353 348 2414 motui
372 2353 551 2416 latitudinis.
596 2354 691 2416 Binas
714 2352 857 2432 eclipses,
886 2370 974 2433 quam
997 2351 1096 2433 potnit
1122 2350 1254 2412 invenire
1277 2350 1451 2430 longissimo

119 2441 249 2524 emporis
273 2442 432 2505 intervallo
456 2443 624 2518 distantes,
649 2442 742 2522 elegit
765 2443 808 2504 sic
831 2448 1039 2521 comparatas,
1068 2447 1102 2500 ut
1125 2447 1250 2520 utraque
1274 2448 1357 2501 esset
1378 2458 1451 2519 par-

119 2533 187 2594 ]alis
220 2530 355 2610 ejusdem
388 2530 585 2612 quantitatis,
617 2532 695 2613 apud
728 2531 855 2593 eundem
882 2530 1010 2604 nodum,
1042 2529 1072 2590 in
1095 2527 1202 2590 eadem
1224 2529 1450 2609 plegemundi,

119 2621 232 2703 auique
255 2620 285 2681 in
309 2618 414 2682 eodem
438 2620 503 2682 loco
528 2621 669 2703 epicycli‚
693 2629 728 2683 ιιι
748 2628 920 2695 constaret,
950 2618 1083 2680 umbram
1107 2617 1136 2679 in
1160 2619 1290 2681 transitu
1314 2616 1450 2699 utrinque

119 2711 240 2774 hisdem
270 2728 338 2772 esse
368 2708 528 2771 crassitiei.
577 2709 634 2771 His
658 2710 735 2773 enim
759 2709 840 2772 datis
872 2715 1094 2780 renumerat,
1124 2707 1260 2787 utrinqne
1283 2706 1451 2788 aequaliter

119 2799 240 2863 bfuisse
263 2798 347 2859 illam
363 2819 383 2859 a
395 2799 483 2873 nodo,
508 2817 544 2860 ac
557 2799 680 2879 proinde
695 2799 791 2860 -orbes
808 2796 1002 2860 latitudinum
1026 2803 1249 2858 consummatos
1272 2815 1341 2858 esse
1361 2804 1450 2877 atque

119 2898 249 2968 tegros,
271 2886 347 2949 nihil
369 2887 539 2962 residuum,
561 2888 636 2949 nihil
658 2887 815 2964 deficiens,
846 2904 902 2948 nec
925 2903 999 2966 opus
1027 2885 1085 2946 luit
1105 2893 1139 2946 ut
1162 2893 1268 2958 antea,
1301 2902 1449 2965 praecog-

119 2978 187 3040 >aci
210 2975 382 3051 horarium,
417 2976 594 3038 diametrum
616 2978 719 3039 Lunae
743 2985 795 3038 ant
817 2977 958 3049 umbrae,
991 2993 1046 3036 nec
1070 2975 1210 3054 angulum
1233 2974 1449 3049 inclinationis,

119 3087 128 3129 ι
155 3085 198 3127 ne
223 3064 368 3145 epocham
391 3065 510 3146 quidem
533 3072 631 3126 motus
656 3066 833 3128 latitudinis.
880 3064 1005 3128 Suffecit
1030 3064 1117 3136 scire,
1141 3064 1258 3125 Lunam
1281 3062 1451 3145 aequaliter

133 3153 224 3218 nodo
248 3153 382 3216 abluisse
403 3154 559 3235 utrinque,
591 3155 691 3237 potuit
713 3155 839 3229 nesciri,
870 3160 1012 3234 qnantum
1040 3151 1180 3216 abluerit.
1226 3152 1272 3215 Ut
1294 3160 1394 3215 antem
1419 3160 1450 3214 et

119 3264 154 3307 nc
182 3243 312 3306 sciretur
333 3243 538 3324 postmodnm,
567 3262 684 3307 rursum
706 3243 899 3306 Ptolemaeus
929 3242 1022 3322 elegit
1044 3242 1119 3304 duas
1140 3241 1286 3323 partiales
1309 3241 1447 3322 eclipses,

119 3333 241 3396 *nedem
274 3333 442 3394 anomaliae
475 3333 584 3412 plagae
612 3340 645 3395 et
672 3332 869 3413 quantitatis,
903 3332 957 3393 sed
986 3330 1115 3392 alteram
1146 3330 1223 3393 nodo
1255 3330 1449 3394 descendenti

119 3422 245 3495 lainam,
271 3422 399 3482 alteram
421 3420 607 3484 ascendenti.
642 3422 721 3485 Nam
744 3430 860 3501 tempus
883 3421 1072 3500 interjectum
1095 3419 1258 3481 secundnm
1280 3419 1448 3482 latitudinis

119 3522 219 3576 lotum
233 3510 531 3590 ante-investigatum
550 3511 739 3583 ostendebat,
763 3518 874 3592 quanto
889 3528 961 3572 arcu
979 3507 1081 3570 circuli
1101 3507 1139 3570 ab
1152 3508 1280 3570 invicem
1295 3509 1446 3572 abessent.

119 3606 232 3665 lenum
255 3607 364 3674 autern,
390 3599 489 3660 minus
512 3600 699 3663 semicirculo
716 3600 840 3664 distare.
878 3596 978 3669 Quare
1002 3597 1151 3660 residuum
1174 3597 1213 3658 ad
1233 3596 1449 3659 semicirculum

119 3698 151 3752 at
183 3689 331 3751 distantia
360 3684 513 3768 otriu'sque
543 3689 690 3770 eclipseos
718 3710 737 3749 a
759 3708 813 3751 suo
840 3687 918 3751 nodo
949 3687 978 3749 in
1003 3706 1092 3748 unam
1124 3704 1269 3748 summam
1299 3687 1446 3767 conjecta,

119 3796 182 3841 uae
215 3777 334 3839 bisecta
365 3776 467 3856 prodit
494 3787 641 3841 secretam
670 3777 853 3856 singularum
876 3798 895 3838 a
918 3777 997 3841 nodo
1028 3775 1218 3851 distantiam,
1246 3776 1324 3856 quod
1353 3794 1446 3857 qnae-

119 3869 245 3931 ebatnr:
270 3865 380 3945 angulo
403 3866 572 3929 latitudinis
595 3867 754 3928 etiamnum
777 3867 924 3947 ignorato.
1543 3856 1548 3873 '

193 3952 355 4018 Succincta
381 3974 455 4016 sane
485 3956 656 4031 methodus,
688 3954 835 4036 siquidem
871 3953 1024 4035 quantitas
1056 3953 1191 4015 delectus
1221 3953 1446 4016 aestimatorum

119 4044 233 4109 ituitns
248 4062 306 4105 non
322 4044 473 4118 fefellerit,
497 4052 530 4106 et
542 4063 660 4125 semper
677 4044 707 4106 in
722 4053 839 4124 promtu
853 4043 915 4105 sint
933 4052 995 4105 tarn
1015 4043 1186 4105 commodae
1210 4042 1445 4105 observationes

194 4132 257 4195 Sed
279 4150 457 4212 pergamns;
480 4141 587 4214 quarto
603 4134 705 4214 itaque
719 4134 910 4195 Ptolemaeus
934 4133 1061 4194 alteram
1083 4131 1328 4211 inaequalitatem
1341 4132 1445 4195 Lunae

118 4227 154 4287 b.
181 4222 224 4283 V.
249 4222 432 4302 aggreditur,
457 4241 533 4303 quae
555 4223 585 4284 in
610 4223 762 4285 novilunia
794 4221 905 4284 desinit
926 4230 958 4284 et
978 4219 1158 4301 plenilunia,
1189 4240 1277 4301 quarn
1300 4240 1365 4302 cap.
1394 4220 1445 4285 10.

119 4319 294 4375 emonstrat
325 4309 403 4372 citra
431 4302 571 4390 magnum
600 4311 818 4374 incommodum
840 4311 870 4371 in
894 4310 1009 4373 calculo
1040 4310 1193 4389 eclipsium
1217 4311 1315 4372 omitti
1343 4328 1444 4395 ροιιι.

193 4397 308 4471 Quinto
332 4400 519 4462 latitudinem
541 4401 645 4463 Lunae
669 4401 838 4475 maximam,
866 4419 942 4481 qnae
965 4400 1070 4461 eadem
1093 4407 1142 4460 est
1168 4417 1234 4460 cum
1263 4398 1373 4479 angulo
1395 4400 1446 4485 in7

119 4489 277 4557 linationis
301 4489 382 4550 orbis
405 4489 508 4551 Lunae
532 4490 714 4572 adplenum
746 4489 920 4568 eclipticas,
944 4488 1136 4550 Ptolemaeus
1160 4507 1217 4549 non
1242 4487 1339 4550 minus
1362 4507 1445 4550 coma

119 4579 249 4642 endiose
280 4578 452 4657 inquisivit,
484 4587 660 4658 exspectato
689 4585 858 4650 momentu,
887 4596 945 4659 qno
977 4577 1063 4638 Luna
1090 4576 1120 4637 in
1145 4576 1264 4641 Cancro
1295 4578 1445 4640 borealem

119 4668 232 4730 mitem
255 4665 434 4746 attingebat.
471 4669 554 4729 Tunc
576 4667 654 4730 enirn
672 4667 702 4729 in
716 4666 923 4730 Alexandrina
941 4665 1004 4745 poli
1022 4665 1189 4727 elevatione
1203 4667 1289 4728 Luna
1311 4666 1444 4746 proxime

119 4757 249 4820 articam
280 4757 426 4818 accedeus
457 4775 532 4836 pene
562 4757 641 4819 omni
672 4775 706 4818 se
735 4755 897 4837 parallaxi'
916 4754 1053 4817 exuebat
1102 4754 1136 4816 In
1160 4754 1216 4816 hoc
1242 4754 1360 4837 quidem
1383 4756 1452 4817 situ.

119 4846 299 4921 telemaeue
321 4845 462 4920 affirmat,
484 4864 518 4909 re
540 4862 683 4931 sempqr
703 4845 831 4908 eandem
845 4844 949 4907 Lunae
971 4842 1149 4907 distantium
1171 4864 1192 4904 a
1208 4844 1321 4907 vertice
1345 4843 1442 4925 quoad
