3278 5550
603 230 611 249 ’
656 248 797 314 assuero
816 250 956 302 omum·
1302 210 1305 214 ’
1388 180 1478 316 Ιιιιι

125 424 275 506 agitamo
307 432 427 489 tantum
456 427 585 508 paginae
614 427 742 508 spatium
775 448 934 511 occupem,
967 434 1111 510 quantum
1141 434 1173 489 tu
1204 421 1369 510 occupasti.
1416 427 1478 491 Sed

124 513 232 577 mitior
254 532 317 590 ero,
343 535 397 579 uec
421 516 580 599 quicquam
603 517 657 579 tibi
681 517 721 579 ad
743 524 792 579 tot
814 518 952 581 convicia
971 537 1086 598 rogero,
1110 517 1168 579 nisi
1192 523 1225 578 nt
1247 519 1365 598 relegas
1389 519 1478 581 sche-

124 603 197 664 dam
221 623 330 676 meam,
354 624 446 686 eaque
470 606 552 669 lecta
574 608 653 687 qnod
676 606 836 686 ingenuum
859 609 954 670 virum
978 607 1066 669 decet
1083 606 1244 671 erubescas
1268 615 1356 688 teque
1379 608 1424 669 ira
1447 617 1479 668 et

125 692 210 755 falsa
233 693 446 773 imaginatione
470 694 627 758 literarum·
649 695 819 758 absentium
841 696 1073 776 praecipitatum
1096 694 1209 756 doleas.
1250 702 1301 765 (sd
1320 705 1394 755 verba
1411 706 1479 755 Loa-

122 791 271 856 gsssssnasnl
288 790 462 855 supsa'sllata
474 792 606 857 adscripsit
616 793 757 857 Keplsms:
775 785 971 848 Debacch'are
987 786 1016 846 in
1031 786 1146 846 larvam
1163 792 1226 846 ate
1242 785 1477 861 concinnatam.)

215 869 306 941 Qnod
328 890 400 933 vero
423 892 460 934 ne
483 874 614 934 monitus
638 873 755 954 quidem
781 893 909 936 errorem
928 873 1136 954 deprehendis,
1160 892 1196 934 eo
1219 880 1250 934 te
1272 881 1358 936 tanto
1381 874 1479 955 magis

121 960 222 1023 errori
245 960 421 1040 obstringis.
468 961 529 1024 Sed
554 963 688 1024 facessat
710 963 815 1024 odiosa
837 963 1047 1044 exprobratio,
1082 970 1149 1023 orta
1180 981 1219 1023 cx
1246 963 1384 1043 contagio
1416 974 1478 1026 tam

120 1049 247 1112 vicinae
270 1051 448 1112 calumniae.
485 1051 602 1113 ‘Dicam
625 1051 770 1131 ingenue,
805 1053 949 1122 candide,
979 1052 1191 1114 astronomiae.
1238 1054 1283 1114 Tu
1305 1052 1478 1132 parallarres
1521 1060 1528 1079 “

119 1140 232 1201 Lunae
256 1140 423 1219 explorasti
446 1140 582 1214 seorsim,
597 1134 788 1222 ,diametrum
812 1138 851 1218 Θ
877 1141 1016 1211 seorsim,
1041 1140 1220 1202 diametrum
1243 1142 1365 1202 umbrae
1390 1161 1477 1204 seor-

119 1227 192 1294 sim.
239 1227 286 1289 Er
311 1228 357 1290 his
380 1229 463 1291 nosti
486 1229 693 1293 Ptolemaeum
716 1230 865 1311 inquirere
889 1231 1079 1293 altitudinem
1104 1227 1144 1306 Θ
1169 1222 1207 1290 eis
1229 1239 1332 1291 centro
1356 1231 1477 1300 Terrae,

119 1336 161 1379 ex
186 1336 227 1378 ea
247 1316 418 1396 parallaxin
443 1315 495 1395 Θ.
538 1316 663 1379 Hoetu
692 1319 856 1398 neglexisti
883 1320 1078 1393 existimans,
1109 1320 1243 1380 sufficere
1267 1320 1302 1380 nt
1324 1339 1344 1379 a
1364 1321 1478 1382 veteri·
1513 1312 1537 1381 ζ

119 1407 181 1469 bus
204 1411 237 1466 et
252 1406 394 1488 'lychone
417 1406 522 1468 itidem
546 1407 673 1469 seorsim
695 1408 861 1488 parallaxis
886 1404 926 1486 Θ
951 1409 992 1470 sit
1015 1416 1163 1470 assumta.
1201 1408 1245 1469 At
1267 1408 1294 1469 si
1318 1417 1350 1468 tu
1373 1409 1477 1471 Ptole-

119 1513 244 1557 maeum
266 1494 404 1557 imitatus
428 1497 492 1570 (vel
511 1515 569 1557 non
585 1497 678 1558 multo
694 1497 785 1558 aliam
804 1498 986 1572 methodum,
1011 1496 1155 1558 assumtis
1178 1497 1246 1558 aliis
1269 1516 1357 1577 quam
1367 1497 1477 1559 Ptole-

119 1583 248 1657 maicis)
273 1602 310 1644 ex
333 1585 485 1665 parallaxi
501 1585 608 1647 Lunae
626 1586 655 1647 iu
675 1587 805 1648 transitu
824 1586 945 1648 umbrae
965 1596 997 1647 et
1017 1586 1174 1648 latitudine
1191 1586 1323 1659 umbrae,
1346 1586 1478 1666 itemque

119 1693 160 1734 ax
191 1683 355 1752 apparente
385 1671 425 1750 Θ
455 1674 622 1748 diametro,
655 1676 775 1754 qualem
806 1676 996 1749 assumsisti,
1031 1675 1235 1756 quaesivisses
1267 1683 1407 1756 tanquam
1441 1694 1479 1736 ex

119 1762 263 1843 genuinis
286 1761 440 1842 principiis
465 1762 688 1839 elongationem
712 1772 744 1825 et
765 1764 935 1843 parallaxin
959 1763 1055 1841 Solis,
1087 1781 1145 1824 non
1174 1771 1291 1825 tantum
1318 1783 1377 1825 non
1401 1764 1483 1845 han'o,
1535 1790 1537 1795 ·

119 1850 295 1932 parallaxin
321 1848 361 1927 Θ
386 1851 575 1920 invenisses,
600 1872 687 1932 qnam
711 1854 814 1935 'lycho
837 1873 875 1914 ex
897 1854 1050 1915 veteribus
1073 1853 1206 1927 retinuit,
1231 1853 1286 1914 sed
1310 1853 1478 1932 deprehen-

119 1940 234 2014 disses,
259 1958 321 2001 rem
346 1940 400 2001 tibi
424 1940 514 2019 plane
538 1941 577 2002 ad
600 1942 789 2021 impossibile
813 1943 920 2004 redire.
959 1941 1051 2004 Certe
1075 1961 1132 2021 ego
1155 1961 1233 2002 nunc
1252 1942 1369 2003 demum
1391 1941 1482 2009 video

119 2029 292 2092 Ptolemaei
316 2029 486 2099 consilium,
511 2049 563 2091 cur
587 2031 639 2092 ille'
661 2031 766 2092 Lunae
789 2037 822 2093 et
843 2050 897 2112 per
918 2050 985 2092 eam
1000 2031 1082 2094 Solis
1102 2032 1279 2095 diametrum
1301 2031 1331 2092 iu
1356 2031 1479 2110 eclipsi·
1501 2050 1504 2057 ·

119 2118 179 2180 bn's
202 2136 258 2198 per
281 2124 351 2179 ante
376 2125 480 2179 notam
502 2118 691 2181 latitudinem
716 2127 748 2180 et
768 2120 881 2198 digitos
905 2120 1059 2200 eclipticus
1083 2120 1184 2181 metiri
1206 2119 1360 2193 maluerit,
1390 2138 1480 2201 qnam

119 2206 186 2269 alia
216 2205 345 2268 faciliori
373 2208 490 2269 ratione
524 2225 561 2268 ex
593 2208 668 2288 ipsis
697 2209 960 2270 observationibus
990 2209 1129 2270 deducta.
1174 2210 1255 2270 Nam
1281 2226 1328 2268 me
1358 2208 1480 2270 hercule

119 2294 231 2358 modus
254 2313 308 2375 per
332 2315 365 2357 se
389 2295 536 2357 absurdus
561 2306 618 2358 est.
658 2296 692 2359 Si
717 2298 878 2360 etiamnum
897 2298 1041 2359 obscurus
1066 2296 1121 2358 tibi
1144 2296 1258 2371 videor,
1283 2297 1323 2358 ad
1345 2297 1478 2360 calculos

119 2405 195 2458 aas,
230 2384 335 2445 statim
367 2384 467 2447 omnia
496 2385 552 2447 tibi
581 2386 654 2447 fient
681 2386 832 2460 dilucida,
866 2406 921 2449 nec
951 2406 998 2448 me
1031 2387 1119 2466 plura
1148 2386 1241 2447 verba
1267 2385 1368 2447 facere
1392 2403 1476 2465 opus.
1505 2444 1511 2469 ,
1627 2394 1632 2401 ’

119 2466 266 2537 Invenies'
287 2473 436 2536 rationem
460 2474 536 2536 aden
561 2474 716 2547 lubricam,
739 2484 774 2537 ut
796 2477 877 2537 intra
900 2473 965 2540 900
985 2484 1017 2538 et
1031 2473 1119 2540 2000
1142 2475 1382 2563 semidiametros
1404 2474 1480 2538 nihil
1506 2474 1509 2481 '

119 2562 198 2626 certi
227 2564 364 2625 concludi
391 2582 482 2644 posse
513 2564 652 2626 videatur
683 2565 719 2625 de
747 2565 907 2627 altitudine
931 2565 1024 2628 Solis.
1070 2565 1242 2627 Admodum
1273 2563 1379 2625 hilaris
1402 2582 1478 2639 sum,

119 2659 285 2734 postquam
318 2671 355 2713 ex
392 2653 500 2713 lacuna
532 2653 757 2715 contentionum
790 2654 916 2715 eluctari
948 2672 995 2715 me
1027 2654 1132 2715 videor
1164 2654 1203 2714 ad
1239 2651 1479 2733 philosophicam

120 2741 378 2820 disceptationem
400 2748 493 2821 atque
523 2761 589 2804 eam
619 2761 702 2804 meae
729 2742 940 2822 professionis,
971 2743 1021 2824 qui
1045 2742 1157 2821 Optica
1184 2742 1302 2825 scripsi.
1350 2740 1479 2804 Videbis

119 2830 217 2910 igitur
239 2831 269 2891 in
292 2849 359 2891 meo
384 2849 474 2909 opere
499 2831 601 2911 aliqua
616 2831 673 2892 tibi
692 2831 854 2911 placentia,
881 2833 983 2913 aliqua
1000 2832 1162 2894 contraria.
1200 2831 1281 2893 Illud
1296 2832 1477 2903 contrarium

119 2919 195 2991 tibi,
229 2919 306 3000 quod
336 2919 363 2980 si
393 2921 419 2990 h
447 2939 512 2981 cnm
540 2917 579 2996 Θ
605 2920 770 3000 (separatis
793 2921 860 3000 jam
887 2921 1111 2999 parallaxibus)
1141 2940 1197 2982 non
1227 2919 1378 2981 videbitur
1406 2920 1478 2981 alibi

119 3009 198 3093 plns,
223 3007 295 3068 alibi
318 3026 372 3088 per
396 3007 488 3069 aliam
511 3009 723 3071 refractionem
746 3011 844 3071 minus
867 3029 933 3071 cnm
959 3007 1009 3086 Θ,
1036 3010 1107 3090 quia
1129 3009 1271 3072 refractio
1295 3028 1353 3070 non
1377 3018 1480 3088 potest

119 3094 266 3160 divellere
289 3096 369 3157 visui
392 3097 504 3170 sidera,
528 3116 604 3179 qnae
629 3098 707 3159 citra
730 3099 944 3161 refractionem
966 3100 1142 3179 viderentur
1166 3099 1335 3178 conjuncta.

208 3184 280 3235 Haec
295 3186 426 3248 Keplerus,
446 3186 541 3251 reliqna
555 3185 610 3236 ride
628 3202 703 3251 snpra
716 3203 740 3251 p.
756 3185 789 3235 ³⁴2
806 3202 842 3253 sq.
859 3214 891 3241 ,-
901 3187 1036 3252 Keplsmm
1053 3201 1140 3251 pamm
1150 3200 1258 3245 curasse,
1273 3193 1302 3236 ut
1310 3186 1375 3251 typis
1387 3188 1477 3238 useri-

119 3256 219 3309 barstur
236 3256 342 3313 libellus,
363 3260 432 3320 culus
447 3265 543 3321 partem
559 3255 667 3319 (omissis
681 3256 784 3316 tabulis)
802 3266 934 3324 sequentes
952 3260 1062 3310 referunt
1080 3260 1197 3324 paginae,
1218 3265 1321 3322 appares
1339 3273 1370 3308 ex
1387 3259 1426 3309 his
1445 3258 1478 3311 sd

119 3339 141 3390 l.
162 3338 289 3389 Remum
308 3351 374 3388 anno
394 3334 463 3386 1619
482 3338 548 3388 datis
567 3339 663 3389 verbis:
694 3331 781 3393 Meas
806 3330 1091 3393 transformationes
1115 3351 1193 3392 anuo
1216 3327 1301 3393 1602
1324 3331 1477 3411 perfectas

119 3428 152 3481 st
164 3419 323 3481 Herwarto
340 3419 513 3499 inscriptas,
540 3418 647 3498 dignas
667 3440 727 3482 non
744 3418 846 3500 judico
864 3438 939 3501 qnae
963 3420 1134 3482 inserantur
1158 3424 1271 3489 (Tabmis
1289 3424 1475 3501 Rudolphiais),

119 3507 191 3590 qnia
220 3507 294 3569 nihil
322 3508 358 3569 de
391 3508 548 3587 principiis
576 3508 756 3590 Tychonicis
788 3516 925 3583 mutaut;
959 3507 1146 3570 solummodo
1179 3508 1375 3591 aequationes
1407 3507 1478 3575 hine

119 3597 189 3660 inde'
212 3597 349 3677 pauculis
372 3597 522 3677 scrupulis
546 3596 666 3659 variant
689 3598 873 3660 necessitate
889 3598 1108 3679 hypotheseon,
1131 3597 1256 3680 inquas
1275 3597 1479 3679 Tychonicam

119 3685 214 3770 sumai
237 3678 524 3773 transformandam.

189 3792 320 3858 Inscripsit
337 3792 461 3857 Keplerus
480 3793 528 3844 hoc
548 3793 708 3857 opusculum:

201 3882 492 3984 Truusforrnutio
521 3886 743 3983 hypotheseos
770 3885 802 3957 et
829 3884 1034 3959 tabularum
1061 3885 1290 3967 Ιιιιιιιίιιιη,
1320 3910 1408 3982 qnos

137 4040 142 4045 -
234 4009 488 4089 perseuerasse
515 3993 726 4091 mupoe'ficus
752 3991 808 4062 D.
836 3991 891 4062 D.
925 3988 1115 4066 TYOHO
1137 3991 1359 4076 ›BRAHR

119 4122 217 4197 eques
240 4097 388 4181 Βιιιιιιι,
416 4098 604 4171 Dominus
631 4100 671 4171 ιἰι
692 4097 940 4199 Koudstrupp
969 4113 1000 4172 ct
1030 4098 1238 4199 Uranihurp
1260 4104 1333 4191 dre..
1364 4100 1480 4173 nostri

119 4204 230 4281 sauls·
260 4203 350 4279 citer
382 4203 637 4303 Hipparchus,
672 4204 758 4279 libro
785 4188 918 4304 primo
944 4207 1313 4306 Progymncsmutum
1351 4204 1477 4289 edidit,

385 4338 478 4409 aquo
505 4311 595 4404 lira,
614 4312 710 4385 illius
737 4338 819 4385 usus
836 4314 989 4414 facilior
1016 4313 1195 4397 reddatur,
1505 4322 1508 4331 '
1561 4334 1564 4339 '

613 4421 828 4493 coseciuuuta
853 4420 998 4519 Prcpuo

497 4598 500 4603 ,
565 4552 589 4596 u
614 4524 669 4597 M.
706 4525 848 4599 Jouuue
882 4527 1039 4625 Keplero

631 4630 658 4680 s.
680 4630 707 4681 c.
727 4631 762 4681 rr.
782 4631 973 4682 Marmarico.

211 4724 399 4776 Accesserant
417 4720 512 4787 Lincii,
534 4737 606 4776 anno
627 4722 797 4792 potissimum
821 4718 904 4788 1616,
927 4723 1043 4794 sparsim
1065 4723 1178 4779 tabulae
1199 4720 1307 4793 aliquot
1328 4739 1418 4779 noras
1439 4725 1475 4778 sd

123 4801 249 4858 auctoris
262 4818 380 4857 ,sensnm
401 4802 510 4872 proprie
532 4805 761 4860 accommodatae.
876 4858 879 4863 .

1204 4874 1265 4946 “a
