3278 5550
348 1160 667 1239 ARGUMENTA
695 1158 1027 1235 SINGULORUM
1057 1158 1296 1237 CAPITUM.

774 1426 869 1435 ’.ο-α

235 1605 297 1655 Cum
316 1605 367 1654 alio
384 1605 418 1654 sit
434 1605 581 1667 methodus,
609 1620 684 1671 quam
702 1610 794 1655 natura
811 1605 846 1653 rei
865 1602 951 1660 docet,
970 1603 1033 1661 alia,
1058 1616 1130 1669 quam
1150 1605 1257 1670 cognitio
1276 1611 1364 1654 nostra
1382 1600 1484 1668 ιιιιιὶιὶιι

142 1684 246 1742 utraque
276 1676 426 1726 artificialis:
456 1686 569 1727 neutram
601 1692 617 1727 a
641 1693 680 1726 me
699 1677 776 1726 lector
794 1677 915 1725 sinceram
934 1682 1077 1739 exspectare
1103 1676 1184 1726 debet.
1221 1676 1381 1735 Mihi,euim
1408 1684 1483 1739 ηιμ

142 1764 192 1799 uun
211 1748 251 1797 hic
270 1749 416 1812 praecipuus
436 1756 480 1809 ιιι,
502 1749 625 1814 explicare
643 1755 723 1798 motus
743 1748 875 1803 coelorum,
895 1748 960 1812 qnod
977 1748 1039 1795 litin
1052 1746 1139 1796 libellis
1152 1747 1287 1812 sphaericis
1300 1754 1326 1797 et
1339 1747 1484 1811 planetar-

142 1819 256 1869 thsorlls:
282 1833 361 1883 neque
389 1824 487 1869 tantum
516 1821 605 1870 docere
631 1820 749 1870 lectorem
774 1826 799 1868 et
817 1818 950 1883 perducere
970 1832 986 1867 a
1003 1820 1086 1881 primis
1105 1826 1131 1868 et
1149 1834 1192 1883 per
1209 1833 1238 1869 ιι
1256 1820 1321 1868 notis
1341 1818 1375 1868 ad
1393 1816 1486 1873 ultius

142 1904 217 1955 qnam
234 1891 299 1940 siam
318 1890 474 1939 Ptolemaeus
492 1892 668 1956 utplurimum
687 1892 837 1941 observavit:
866 1891 910 1940 sed
929 1889 1027 1939 accedit
1044 1889 1143 1939 tertium
1162 1890 1267 1955 aliquid.
1287 1884 1486 1961 commuue-‘fl

143 1975 199 2011 cum
224 1962 376 2015 oratoribus.
401 1967 430 2011 ut
454 1964 513 2025 quia
536 1978 601 2012 nova
625 1962 705 2012 multa
731 1962 821 2018 trado.
849 1961 875 2011 id
893 1968 993 2012 coactius
1011 1961 1100 2010 iecisse
1118 1962 1333 2019 manifestussim.
1352 1956 1484 2026 ltaque&-

142 2046 251 2083 meream
270 2032 296 2082 et
313 2032 435 2081 retineam
453 2046 581 2084 assensum
599 2034 698 2083 lectoris
717 2039 743 2082 et
761 2033 865 2083 amoliar
882 2033 1046 2096 suspicionem
1064 2032 1095 2081 de
1115 2032 1195 2083 studio
1213 2032 1330 2083 novandi.

232 2103 272 2154 Nil
301 2105 376 2169 igitur
402 2104 505 2163 mirum,
533 2105 694 2154 simethodis
712 2105 875 2168 superioribus
894 2104 1047 2154 admisceam
1064 2104 1164 2155 tertiam
1182 2104 1319 2154 oratoribus
1338 2102 1488 2157 familiare.

142 2173 190 2225 hoc
214 2182 253 2224 est
280 2175 426 2225 historicam
450 2191 563 2226 mearum
581 2178 762 2227 inventionum:
781 2176 825 2225 ubi
842 2190 892 2225 non
910 2175 942 2225 de
961 2175 1008 2226 hnc
1026 2174 1077 2224 solo
1096 2176 1192 2240 agitur,
1217 2191 1264 2240 qno
1282 2182 1358 2240 patto
1376 2170 1489 2225 lecara

115 2240 309 2312 'cognitionem
329 2247 506 2296 tradendorum
525 2249 674 2312 perducatur
692 2249 733 2296 via
752 2246 1010 2311 compendiosissima,
1038 2246 1082 2296 sed
1101 2247 1132 2296 de
1150 2246 1197 2296 hoc
1214 2246 1383 2310 potissimum,
1410 2242 1489 2311 quit!

142 2318 197 2383 Ego
222 2323 309 2369 auctor
331 2332 376 2368 sen
403 2321 555 2384 argumentis
580 2334 623 2369 sen
644 2319 788 2383 ambagibus
807 2333 850 2368 seu
870 2319 976 2367 renuitis
994 2319 1070 2367 etiam
1090 2318 1259 2367 occasionibus
1277 2320 1391 2382 primitur
1409 2315 1489 2368 aad·

142 2389 289 2439 devenerim.
335 2389 428 2450 Quodsi
448 2390 619 2455 Chn'stophoro
644 2390 777 2447 Columbo,
806 2391 827 2438 si
847 2389 1003 2455 Magallum,
1032 2390 1052 2438 si
1072 2389 1195 2439 Lusitania
1224 2405 1273 2439 non
1292 2397 1393 2439 ιιιιιιιιιι
1410 2389 1489 2453 ign*

141 2462 218 2511 cimus
243 2475 336 2511 errores
360 2476 417 2510 suos
435 2464 603 2517 narrantibus.
632 2464 718 2528 quibus
736 2462 779 2510 ille
802 2462 960 2517 American.
985 2460 1033 2509 iste
1053 2474 1174 2511 oceanum
1192 2460 1329 2519 Sinousem.
1350 2459 1377 2509 hi
1397 2460 1489 2511 atton

141 2532 261 2597 periplnm
280 2539 443 2596 aperueruntr
470 2534 516 2582 scd
534 2549 566 2583 ne
585 2534 702 2584 vellemus
721 2533 818 2599 quidem
836 2534 951 2586 omissos.
980 2532 1068 2596 qnippe
1092 2533 1187 2597 ingenti
1210 2532 1322 2582 lectionis
1338 2530 1489 2594 jucundltfl

35 2642 40 2650 .
142 2605 261 2654 carituris
280 2618 328 2654 nec
345 2604 421 2669 igitur
438 2603 497 2653 mihi
516 2606 574 2654 vitio
592 2612 714 2667 vertetur,
736 2606 799 2669 quod
823 2605 889 2654 idem
914 2603 1000 2653 eodem
1019 2603 1117 2653 lectoris
1136 2603 1217 2653 studio
1235 2619 1279 2667 per
1296 2603 1343 2652 hoc
1364 2618 1428 2668 opus
1444 2600 1489 2653 ια’

141 2682 249 2726 secunus.
286 2674 352 2725 Nam
371 2676 417 2725 etsi
433 2678 654 2741 Argonauticorum
672 2677 768 2725 illorum
786 2676 897 2725 laborum
915 2686 1071 2739 nequaqnam
1093 2675 1197 2741 legendo
1211 2674 1334 2724 reddimur
1353 2672 1489 2739 particlpfl.

143 2761 254 2797 mearum
279 2761 336 2796 vero
360 2747 529 2796 inventionum
556 2747 714 2797 difficultates
739 2755 764 2797 et
782 2748 868 2810 apinae
887 2747 966 2810 ipsam
984 2746 1060 2797 etiarn
1079 2746 1209 2796 lectionem
1227 2747 1365 2796 inlestant:
1385 2754 1412 2796 at
1431 2756 1489 2801 m

142 2820 224 2868 munis
242 2818 306 2869 haec
325 2818 425 2867 lomuna
443 2825 481 2867 est
498 2820 605 2869 omnium
624 2820 739 2868 librorum
753 2818 1001 2877 mathematicorum,
1021 2819 1175 2882 existentque
1188 2816 1355 2875 nihilominus.
1374 2824 1403 2868 ιιι
1416 2816 1489 2869 affl

145 2889 272 2947 homines,
299 2903 401 2953 quorum
420 2889 481 2939 alios
501 2889 552 2940 alia
570 2890 710 2946 delectant,
739 2891 779 2954 qui
803 2888 924 2952 superatis
943 2889 1107 2951 perceptionis
1126 2888 1313 2939 difficultatibus
1330 2887 1382 2939 hac
1399 2886 1489 2954 integ!

146 2960 315 3010 inventionum
334 2960 397 3009 serie
415 2960 488 3009 simul
506 2961 536 3009 ob
555 2960 638 3010 oculos
656 2962 738 3024 posita
753 2960 849 3025 ingenti
862 2960 988 3023 voluptate
1000 2960 1185 3023 perfundantur.
1223 2960 1279 3010 Hau
1291 2960 1370 3025 igitur
1384 2954 1489 3011 meu*

147 3032 326 3080 concinnatum
345 3044 399 3081 esse
419 3045 479 3094 opus
497 3032 636 3082 universnm
652 3035 705 3094 jam
723 3033 819 3095 patebit
837 3046 868 3081 ex
885 3032 1037 3095 argumentis
1060 3031 1210 3096 singulorum
1229 3032 1347 3094 capitum.

237 3100 303 3151 Dedi
323 3107 407 3150 autem
425 3115 535 3164 operam.
554 3110 582 3152 nt
594 3105 689 3168 quoties
703 3108 785 3152 textus
798 3102 906 3167 aliquam
919 3102 1154 3152 demonstrationem
1166 3103 1343 3168 geometricam
1351 3101 1489 3167 deliaca&

145 3186 233 3223 nemve
262 3179 307 3222 aut
332 3174 547 3236 praeparationem
571 3174 712 3239 expediret.
737 3174 810 3223 litera
833 3174 943 3223 cursoria
962 3170 1002 3235 (nt
1020 3174 1148 3237 appellant
1166 3170 1292 3235 officinae)
1312 3174 1489 3224 exscriberem

145 3244 174 3294 ld
191 3246 212 3292 si
232 3259 283 3293 non
300 3242 456 3308 undiquaque
475 3245 577 3303 obtinet,
597 3246 636 3295 vel
653 3247 774 3295 materiae
791 3245 892 3302 tribum,
911 3259 974 3310 quae
992 3247 1148 3311 geometricis
1167 3246 1254 3296 miscet
1271 3245 1385 3309 physica,
1402 3244 1443 3295 vd
1458 3249 1489 3307 lp·

144 3314 259 3380 pothetis,
279 3315 319 3380 qui
337 3328 395 3364 mea
411 3315 486 3381 signa
503 3332 552 3367 non
571 3317 726 3382 undiquaque
745 3321 915 3381 perceperunt

235 3386 310 3451 Cap.
330 3386 350 3436 1.
386 3385 513 3451 Explicat,
538 3403 588 3452 qua
605 3389 701 3438 ratione
721 3388 853 3437 astronomi
872 3387 1090 3451 deprehenderint,
1117 3386 1214 3438 differre
1238 3393 1330 3436 motum
1356 3387 1489 3452 prunnon

145 3458 259 3509 secundis
277 3471 321 3507 een
339 3457 495 3521 planetarum
513 3460 630 3524 propriis;
649 3473 699 3524 qna
715 3459 774 3508 item
793 3460 889 3509 ratione
908 3459 999 3508 luerint
1016 3460 1132 3509 inventas
1151 3461 1177 3508 in
1195 3459 1421 3524 proprioplanetae
1432 3462 1489 3509 aad

145 3530 209 3581 dnae
227 3529 428 3594 inaequalitates,
447 3532 552 3594 prima
576 3536 602 3581 et
619 3531 761 3580 secunda
779 3530 870 3581 dictae.

236 3600 342 3651 Occasio
368 3600 441 3664 hujus
464 3604 553 3665 capitis
579 3603 702 3666 totiusque
729 3602 794 3652 adeo
813 3604 907 3666 primae
926 3603 1002 3667 partis
1020 3600 1083 3651 haec
1103 3607 1154 3657 est,
1179 3600 1243 3666 qnod
1269 3616 1326 3652 cnm
1344 3594 1489 3665 primumi

146 3672 271 3724 Brahsnm
290 3673 430 3730 venissem,
459 3671 667 3738 deprehenderem
691 3675 771 3738 ipsum
790 3687 845 3723 cnm
864 3674 1006 3723 Ptolemaeo
1027 3679 1053 3722 et
1071 3671 1207 3736 (lopernico
1226 3673 1363 3723 secundam
1381 3672 1489 3737 planu

69 3773 76 3791 .
147 3745 353 3810 inaequalitatem
371 3756 474 3794 censere
493 3759 510 3794 a
528 3744 591 3794 Solis
610 3751 679 3797 motu
697 3746 786 3795 medio.
823 3744 885 3794 hllhl
909 3759 965 3794 vero
984 3750 1088 3809 quatuor
1107 3745 1178 3793 annis
1197 3750 1256 3794 ante
1273 3750 1374 3809 propter
1390 3744 1489 3795 ratic!

145 3816 261 3881 physicas
280 3815 410 3865 videbatur
427 3817 570 3881 incipienda
588 3830 604 3866 a
623 3815 686 3866 Solis
703 3824 772 3866 motu
790 3822 941 3880 apparente,
960 3821 988 3864 ut
1004 3815 1081 3865 habes
1100 3815 1125 3864 in
1144 3814 1263 3877 Mysterio
1282 3814 1489 3881 cosmograpflo

146 3888 211 3938 Orta
228 3888 304 3953 igitur
321 3889 387 3936 inter
404 3901 449 3937 nos
466 3888 647 3953 disceptatione
664 3888 778 3939 Brahous
796 3888 916 3951 opposuit,
935 3901 962 3936 se
980 3900 1037 3936 cum
1056 3893 1122 3936 esset
1138 3886 1272 3938 massoth
1288 3884 1371 3936 medio
1389 3886 1489 3939 salva·

147 3960 280 4010 observata
298 3960 381 4009 omnia
398 3959 493 4023 primae
510 3959 711 4024 inaequalitatis3
730 3961 827 4022 reposui
846 3968 905 4024 ego:
924 3957 983 4007 nihil
1001 3956 1047 4007 hoc
1066 3958 1184 4022 impedire
1203 3973 1251 4025 quo
1268 3958 1350 4009 minua
1368 3956 1425 4024 liga
1442 3968 1489 4009 Ι

147 4036 282 4095 apparente
310 4029 374 4081 Solis
400 4038 469 4080 motu
495 4030 587 4081 salvem
616 4029 705 4081 eadem
733 4031 864 4080 observata
890 4030 984 4093 primae
1010 4029 1213 4094 inaequalitatis:
1241 4030 1325 4094 itaque
1342 4029 1370 4079 in
1386 4026 1489 4081 sena

146 4102 326 4167 inaequalitate
345 4101 503 4161 cernendum.
521 4110 578 4153 uter
595 4103 687 4153 rectius
704 4101 790 4153 iaciat.
820 4101 892 4162 Quod
911 4102 986 4166 igitur
1002 4100 1055 4166 Ego
1075 4101 1196 4167 respondi,
1215 4098 1489 4153 domomumdnmfl

147 4179 218 4237 parte
236 4175 316 4237 prima
333 4174 420 4237 operis.

236 4242 310 4309 (lap.
329 4243 363 4294 11.
400 4243 479 4311 Igitur
497 4259 553 4295 curn
572 4252 638 4295 esset
655 4246 805 4310 propositum
822 4245 951 4309 negotium
969 4243 1110 4309 perplexum
1129 4242 1160 4293 de
1178 4242 1351 4308 hypothesium
1371 4240 1489 4309 seqnlpsl

148 4315 237 4367 lautia:
266 4319 320 4379 elus
344 4331 390 4381 ego
409 4318 506 4367 initium
525 4318 572 4368 leci
591 4331 608 4368 ι
625 4319 705 4382 prima
722 4325 748 4368 ιι
766 4317 960 4380 simplicissima,
986 4316 1084 4383 quando
1103 4317 1273 4366 concentricns
1304 4328 1361 4365 cunr
1387 4312 1489 4381 epieyalt

64 4430 68 4449 ,
147 4392 301 4453 pennulatur
318 4388 343 4437 in
362 4390 535 4439 eccentricum.

237 4454 276 4509 Ns
304 4473 360 4509 vero
385 4460 472 4523 ieiuna
499 4466 565 4511 esset
586 4460 736 4526 geometria.
765 4458 887 4524 disputavi
914 4472 987 4522 super
1011 4457 1092 4507 canals
1111 4463 1137 4506 et
1154 4455 1260 4521 physicis
1284 4464 1310 4508 et
1336 4458 1489 4510 rationallla

149 4543 194 4580 aen
220 4529 382 4587 mentalthua.
408 4533 494 4597 quibus
512 4539 642 4597 utramque
660 4530 830 4595 hypothesium
850 4530 1066 4595 aequipollentiam
1085 4528 1250 4579 administrari
1268 4536 1398 4594 motusque
1416 4529 1489 4595 parda

149 4608 344 4653 comoriensem
363 4602 410 4653 sit:
429 4604 502 4669 idque
521 4603 601 4662 aliter,
620 4605 640 4653 si
654 4602 824 4653 concedantur
833 4603 903 4653 orbes
915 4601 1001 4659 solidi,
1021 4601 1092 4652 aliter
1110 4601 1194 4655 etiam.
1213 4601 1376 4666 sinegentur.
1403 4601 1489 4667 Quippt

149 4672 264 4725 Bralrsue
282 4688 312 4723 ex
330 4674 517 4736 ιιιιιιιιοιιιιιιι
535 4680 686 4726 cometarum
704 4674 892 4736 demonstravit,
911 4674 991 4724 nullos
1009 4687 1063 4724 esse
1081 4672 1151 4725 orbes
1168 4671 1267 4722 solidos.
1372 4728 1378 4739 ,-

239 4745 315 4810 Cap.
335 4744 380 4794 ΠΙ.
418 4746 507 4797 Stante
525 4747 571 4798 hoc
595 4746 733 4800 ecceutrico
756 4746 873 4811 simplici,
890 4760 935 4795 son
953 4747 993 4810 qui
1012 4742 1160 4811 aequipollet
1177 4743 1333 4795 concentrico
1353 4757 1411 4796 carn
1428 4744 1489 4795 uma

151 4819 270 4884 epicyclq
290 4818 400 4877 docetur.
425 4819 481 4883 quid
500 4825 608 4870 mutetur
626 4834 670 4870 aen
688 4818 721 4871 ad
739 4832 838 4870 sensum
855 4817 980 4870 oculorum
1003 4832 1047 4869 ιιι
1064 4818 1090 4869 in
1108 4816 1190 4870 causis
1208 4821 1319 4867 motuum
1336 4815 1489 4871 mma·
