3278 5550
517 318 579 375 Pan
593 318 692 377 carta
726 321 807 389 Caput
823 320 936 377 xxm

566 554 685 655 Caput
711 553 891 631 XXXVI.

115 709 159 790 ito
173 734 299 779 amorra
318 672 481 778 oirtaa'ea
503 712 579 778 Sole
600 718 718 783 metria
737 737 797 799 per
818 718 931 781 maadi
954 715 1196 801 amplitudinem
1218 725 1402 783 asenam.

167 851 285 935 Sequitur
295 858 394 919 altera
401 857 532 938 objectio
543 858 632 938 paulo
641 856 795 932 difficilior,
806 866 874 921 orta
884 878 920 920 ex
931 879 976 934 eo,
989 860 1068 940 quod
1076 880 1168 941 supra
1176 877 1242 938 cap.
1250 858 1403 923 XXXIII.

116 960 151 1003 reo
167 945 275 1007 arundo
299 945 357 1008 fuit
380 947 548 1027 oppositum
573 947 747 1028 cognationi
770 947 845 1009 lucis
869 956 901 1010 et
923 949 1045 1011 virtutis
1068 947 1218 1022 metricis,
1250 949 1305 1009 sed
1329 967 1404 1029 quae

116 1049 151 1092 m
167 1042 251 1096 rooba
273 1035 385 1115 speciei
416 1036 636 1115 immateriatae
661 1035 914 1116 contemplatione
942 1057 1076 1120 pugnare
1104 1038 1222 1100 videtur
1249 1036 1405 1111 infensius,

116 1138 198 1201 umque
216 1142 258 1185 me
282 1125 332 1186 diu
356 1124 499 1206 fatigavit
521 1125 728 1205 improvidum.

166 1208 394 1276 demonstratum
408 1224 457 1276 est
471 1233 535 1294 cap.
555 1214 690 1289 XXXII,
707 1215 896 1295 planetarum
920 1222 1019 1277 motus
1033 1214 1232 1277 intensionem
1248 1222 1279 1275 et
1297 1213 1406 1275 remis-

116 1296 181 1360 'onen
199 1303 275 1383 sequi
306 1305 530 1383 proportionem
556 1303 770 1366 distantiarum
801 1303 975 1382 simplicem.
1022 1303 1069 1366 At
1097 1303 1216 1366 videtur
1245 1303 1340 1366 virtus
1370 1323 1408 1364 ex

116 1384 150 1447 olo
165 1407 292 1454 emanans
314 1392 431 1454 intendi
454 1402 493 1454 et·
508 1393 623 1455 remitti
647 1393 756 1456 debere
780 1390 809 1453 in
839 1393 1032 1473 proportione
1058 1393 1212 1473 duplicata
1234 1392 1282 1453 vel
1306 1392 1429 1475 tripli-..¹

117 1482 147 1537 tta
159 1476 355 1543 distantiarum
380 1501 432 1543 seu
456 1482 601 1544 linearum
631 1484 770 1546 effluxus.
816 1481 898 1561 Ergo
929 1482 1059 1546 intensio
1084 1490 1115 1543 et
1145 1481 1281 1544 remissio
1309 1487 1408 1544 motus

117 1574 241 1632 saetarum
266 1590 324 1634 non
348 1570 405 1633 erit
434 1590 471 1634 ex
503 1571 711 1635 attenuatione
741 1570 864 1633 uirtutis
893 1590 930 1632 ex
953 1570 1026 1635 Sole
1055 1571 1235 1633 emanantis.
1282 1570 1409 1633 Probari

117 1654 179 1720 teor
199 1678 381 1742 consequeus
407 1661 436 1721 in
461 1660 538 1723 huuc
562 1661 691 1735 modum,
716 1668 779 1722 tam
802 1660 839 1721 de
864 1661 929 1722 luce
953 1662 1093 1742 quamde
1117 1661 1230 1723 uirtute
1253 1668 1409 1735 movente;

117 1742 165 1808 lde
189 1749 251 1811 luce
274 1767 430 1812 sermones
453 1759 524 1811 suut
540 1750 692 1813 clariores.
731 1749 844 1811 Lector
858 1748 998 1811 virtutem
1015 1750 1168 1813 ruotrioem
1189 1748 1408 1830 subintelligat.

117 1835 222 1899 :initio
255 1846 398 1918 punctum
422 1838 541 1921 aliquod
574 1864 594 1901 a
617 1844 683 1913 (rig.
704 1842 762 1909 86.)
791 1839 827 1899 de
852 1857 975 1918 corpore
1000 1837 1098 1902 Solis:
1130 1838 1161 1900 id
1190 1857 1261 1919 argo
1285 1846 1410 1919 sparget

117 1922 158 1988 ios
181 1926 208 1988 in
224 1927 327 1989 orbem
342 1946 476 1990 omnem:
502 1938 533 1989 et
550 1947 605 2010 per
620 1929 829 1989 demonstrata
851 1927 881 1989 in
897 1926 1016 2008 Opticis
1040 1939 1074 1991 ut
1097 1947 1164 1990 sese
1187 1927 1280 1990 habet
1297 1927 1408 2007 ampli-

118 2032 131 2076 o
151 2017 326 2096 sphaericae
343 2017 507 2097 superficiei
531 2041 546 2098 γ
568 2017 731 2097 amplioris,
756 2015 857 2078 radios
882 2017 974 2079 hosce
998 2037 1051 2098 per
1074 2016 1321 2099 imaginationem
1344 2024 1410 2078 ter-

118 2106 211 2181 entis,
237 2107 275 2167 ad
299 2107 320 2183 β
342 2106 560 2186 angustiorem,
585 2107 628 2168 sic
652 2125 685 2167 se
708 2105 832 2167 habebit
857 2105 993 2171 densitas
1017 2105 1092 2169 lucis
1121 2107 1151 2168 iu
1175 2105 1246 2169 orbe
1269 2107 1290 2184 β
1312 2124 1409 2186 augu-

118 2213 147 2257 re
171 2196 209 2256 ad
234 2196 415 2257 densitatem
440 2196 573 2276 ejusdem
597 2195 626 2257 in
650 2218 665 2275 γ
687 2195 839 2274 ampliore.

141 2283 191 2348 Sit
209 2283 318 2345 deinde
339 2284 468 2346 circulus
484 2286 593 2368 aliquis
608 2283 757 2345 maximus
773 2290 808 2345 dr
832 2283 862 2345 in
877 2303 1001 2366 corpore
1016 2283 1098 2348 Solis
1117 2284 1244 2349 lucidas.
1269 2282 1324 2348 mg.
1342 2279 1386 2336 ⁸⁶·

118 2393 128 2435 ι
150 2392 225 2453 ergo
250 2373 368 2452 singula
391 2370 511 2454 puncta,
536 2392 658 2454 qnorum
683 2372 905 2450 sustinerint,
931 2382 1076 2455 spargent
1098 2374 1156 2436 hac
1180 2376 1247 2456 ipsa
1345 2412 1366 2478 ν

118 2463 247 2545 portione
271 2462 373 2525 radios
396 2464 426 2525 in
450 2463 569 2543 singula
590 2461 846 2542 hemisphaeriass
869 2470 901 2524 et
914 2485 938 2542 y.
975 2464 1023 2524 Ac
1046 2471 1079 2525 ut
1100 2482 1132 2525 se
1154 2464 1248 2527 habet

119 2551 200 2615 antia
225 2551 263 2613 ab
286 2551 455 2631 hujusmodi
479 2553 559 2613 linea
583 2550 720 2614 circulari
745 2552 836 2631 (quae
860 2551 974 2613 eminus
998 2560 1125 2633 apparet
1147 2555 1246 2628 recta)

119 2640 172 2723 p‘or
187 2664 231 2719 ay
253 2641 292 2702 ad
308 2641 474 2702 breviorem
490 2643 545 2719 αβ,
569 2639 736 2704 conversim
755 2639 847 2701 habet
862 2660 895 2702 se
911 2640 1089 2722 apparentia
1109 2641 1247 2704 diametri

119 2728 156 2793 ali
180 2730 211 2791 iu
237 2730 383 2791 distantia
405 2729 552 2804 breviori,
585 2749 638 2792 seu
662 2731 723 2807 σβι
746 2729 891 2808 angulus,
923 2731 961 2792 ad
984 2730 1193 2811 apparentiam
1216 2730 1246 2793 iu

119 2820 201 2882 tutia
225 2819 367 2899 longiori,
400 2838 452 2881 sen
477 2824 532 2899 oya
561 2820 711 2898 angulum.
759 2816 835 2881 Cum
858 2838 930 2897 ergo
954 2818 1074 2899 longior
1103 2828 1248 2901 appareat

119 2927 130 2971 c
154 2909 303 2971 diameter
328 2927 343 2968 e
371 2908 537 2989 propinquo
561 2909 581 2985 ll
611 2927 699 2988 quam
723 2926 739 2967 e
760 2907 925 2987 longinquo
949 2931 963 2987 y
986 2907 1016 2969 in
1040 2910 1145 2972 eadem
1174 2928 1247 2993 pro-

119 2998 208 3073 ione;
234 2996 357 3060 densior
380 3006 480 3059 autern
504 2997 594 3060 etiam
619 2995 780 3076 cujuslibet
803 2997 906 3076 puncti
930 2997 1058 3060 radiatio
1082 3019 1098 3060 e
1121 3000 1247 3081 propin·
1339 3040 1356 3055 ι

134 3089 266 3168 dquam
290 3105 306 3147 e
330 3087 492 3166 longinquo
516 3107 547 3167 y:
580 3087 609 3147 in
634 3084 726 3165 dupla
749 3085 841 3165 igitur
868 3087 1060 3168 proportione
1085 3089 1180 3171 ipsius
1204 3090 1250 3167 αβ
1341 3165 1342 3168 ¹

120 3200 151 3257 ry
174 3177 298 3238 densior
322 3175 440 3237 videtur
463 3177 564 3238 futura
587 3172 718 3237 radiatio
743 3173 847 3235 circuli
872 3175 908 3236 de
928 3175 1093 3259 propinquo
1117 3179 1137 3256 β
1161 3196 1249 3259 quam
1336 3178 1337 3187 ’

119 3265 278 3347 longinquo
301 3288 324 3345 y.

142 3353 191 3418 Sit
213 3353 304 3415 tertio
336 3353 438 3415 discus
470 3352 534 3432 ipse
566 3370 717 3432 apparens
751 3353 886 3433 corporis
910 3352 993 3416 Solis
1017 3359 1097 3429 elas,
1129 3362 1250 3416 etcum

120 3443 229 3506 tricies
254 3442 369 3504 similes
389 3444 437 3514 (ut
452 3440 501 3503 hic
525 3440 687 3503 circulares
711 3440 787 3503 disci
811 3444 1008 3522 apparentes)
1033 3443 1095 3504 sint
1113 3442 1143 3507 in
1158 3443 1250 3523 dupla

120 3532 245 3595 ›ortiorm
270 3532 502 3604 diametrorum,
527 3529 667 3592 diametri
690 3549 762 3592 vero
778 3530 861 3593 Solis
885 3539 1066 3614 apparentes
1090 3532 1123 3595 iu
1141 3532 1250 3613 simpla
1301 3574 1304 3593 ,

121 3623 246 3684 tortione
284 3620 496 3683 distantiarum
528 3643 583 3699 ay,
615 3620 660 3695 αβ
693 3638 816 3681 eversa:
854 3619 930 3682 disci
963 3621 1055 3702 igitur
1087 3620 1250 3684 circulares
1308 3640 1312 3667 ι

121 3711 242 3773 arebuut
265 3709 295 3770 in
318 3710 410 3790 dupla
432 3708 625 3791 proportione
649 3708 862 3771 distantiarum
885 3733 934 3790 ay,
955 3712 1008 3788 αβ.
1048 3707 1125 3774 Cum
1149 3718 1250 3773 autem

121 3800 180 3862 atio
206 3798 310 3861 circuli
326 3805 362 3860 dr
386 3798 416 3859 in
437 3821 451 3877 y
473 3806 504 3859 et
526 3798 629 3877 djam
656 3798 784 3877 probata
808 3798 848 3860 sit
872 3799 963 3879 dupla
987 3798 1031 3861 uti
1054 3799 1246 3880 proportione

121 3890 266 3951 intiarum
280 3889 333 3964 αβ,
350 3910 397 3967 ay,
422 3906 514 3949 causa
529 3887 608 3948 alius
625 3892 714 3967 atque
739 3886 817 3948 alius
832 3907 905 3949 suae
925 3888 1104 3963 densitatis,
1128 3889 1247 3951 videtur

121 4024 123 4031 ·
144 3977 275 4041 radiatio
300 3977 384 4050 disci,
409 3995 502 4038 causa
524 3975 685 4037 densitatis
712 3976 760 4036 vel
777 3976 973 4053 fortitudinis,
997 3977 1090 4059 tripla
1111 3977 1156 4039 uti
1173 3996 1248 4058 pro-

122 4068 191 4130 ioue
225 4066 438 4129 distantiarum
465 4088 516 4144 ay,
541 4067 594 4143 αβ.
640 4065 684 4127 Ut
713 4065 739 4126 si
773 4063 938 4127 distantiae
972 4076 1076 4129 essent
1098 4090 1139 4146 ay
1160 4075 1194 4128 ut
1216 4063 1248 4142 2,

123 4164 155 4219 ut
182 4155 216 4218 l:
242 4164 345 4217 essent
367 4155 553 4216 radiationes
576 4154 678 4234 puncti
703 4176 743 4231 αγ
765 4161 797 4215 ut
825 4154 852 4228 1,
877 4157 922 4233 αβ
945 4163 978 4217 ut
1001 4153 1031 4230 2,
1055 4175 1149 4218 causa
1172 4155 1248 4217 don-

122 4247 156 4307 tis
179 4245 275 4318 lucis,
300 4252 331 4305 et
354 4242 492 4305 diametri
518 4243 621 4304 circuli
644 4251 828 4323 apparentes
851 4242 882 4304 in
905 4267 927 4323 y,
949 4244 975 4318 1,
1000 4244 1031 4306 in
1055 4246 1084 4321 β,
1101 4241 1131 4308 2.
1165 4243 1248 4325 Ergo

122 4336 240 4397 tationes
264 4339 301 4394 ba
325 4333 464 4395 diametri
488 4331 591 4394 circuli
615 4331 644 4391 iu
668 4354 691 4410 y,
719 4330 745 4405 1,
770 4332 800 4393 in
825 4333 853 4409 β,
868 4328 898 4393 l.
952 4332 1014 4396 Sed
1038 4333 1113 4395 disci
1137 4340 1208 4395 sunt
1231 4334 1261 4397 in
1282 4352 1411 4416 propor-

122 4442 140 4483 re
157 4422 249 4503 dupla
267 4422 490 4483 diametrorum.
527 4422 609 4501 Ergo
632 4418 708 4481 disci
732 4420 911 4500 apparentia
930 4423 960 4483 in
979 4445 994 4502 y
1016 4431 1100 4483 esset
1116 4420 1143 4497 i,
1169 4420 1199 4483 iu
1224 4425 1244 4500 β
1266 4430 1349 4485 esset
1371 4419 1410 4486 l:

123 4511 145 4572 si
166 4512 260 4584 dicas,
284 4510 400 4572 discum
417 4517 482 4572 dae
506 4513 577 4589 exp
599 4508 695 4570 videri
719 4509 884 4590 quadruplo
908 4511 997 4591 plura
1018 4519 1130 4591 puncta
1154 4511 1307 4574 continere
1322 4532 1411 4594 quam

127 4622 148 4677 p,
179 4619 302 4682 quorum
333 4607 509 4681 punctorum
539 4597 694 4680 quodlibet
725 4599 799 4676 ἰιιβ
833 4598 924 4678 duplo
955 4600 1077 4663 densius
1109 4601 1191 4663 lucet
1223 4620 1312 4684 quam
1334 4602 1365 4663 in
1386 4624 1410 4681 y.

123 4690 244 4768 npositis
272 4689 363 4769 igitur
392 4686 635 4768 proportionibus
676 4686 854 4749 radiationis
882 4690 977 4751 totius
1001 4688 1077 4752 disci
1101 4689 1322 4754 condensitas
1346 4690 1412 4775 ing

133 4776 302 4840 densitatem
324 4777 502 4840 radiationis
526 4775 620 4838 totius
644 4774 721 4838 disci
744 4782 807 4838 das
832 4778 862 4839 in
885 4779 905 4856 β
928 4785 1011 4841 esset
1033 4786 1067 4841 ut
1094 4778 1108 4841 l
1135 4779 1174 4841 ad
1197 4777 1227 4844 8.

156 4863 232 4929 liihil
255 4867 304 4929 hic
327 4884 383 4929 uos
406 4866 518 4938 turbat,
540 4863 619 4947 quod
642 4873 837 4945 apparentem
861 4865 975 4930 discum
995 4864 1076 4930 Solis
1101 4878 1317 4950 computamus,
1343 4886 1409 4930 cum
