3278 5550
143 309 207 378 116
562 316 663 369 Literae
680 317 783 382 Keplerl
806 317 956 384 alicmmqna
974 330 1079 370 mutuae

141 495 240 557 nullas
274 514 361 555 areas
385 493 591 570 adhibuerunt,
618 498 803 560 factumest
831 518 868 559 ex
901 498 1072 577 ignorantia
1103 516 1262 561 causarum
1296 494 1504 578 physicarum,

142 605 216 665 quas
240 583 269 644 in
294 583 391 643 lucem
410 585 474 663 jam
497 587 618 664 protuli.
666 588 705 648 Iu
731 588 826 648 omni
850 587 1054 648 novatione
1078 586 1249 667 imperiti
1272 587 1501 648 irascuntur.

230 690 412 740 Fabricius:
439 688 549 741 Necesse
568 700 614 750 est,
643 702 672 742 nt
690 692 715 755 0’
734 710 783 743 non
802 694 877 743 sitin
897 693 920 743 D
939 694 983 743 aed
1002 695 1027 743 in
1047 692 1068 743 0
1087 699 1195 756 puncto,
1220 694 1241 742 ai
1270 691 1501 757 pmsmaphasma

143 768 169 811 et
188 762 323 810 distantiae
347 764 477 812 convenire
505 764 603 813 dehent.
642 767 677 814 At
703 772 730 815 tu
758 767 908 830 geometrice
927 781 957 814 er
974 766 1167 829 praesuppositis
1186 764 1288 815 ostende
1307 779 1352 828 per
1370 761 1505 829 triangnh,

140 832 261 898 quomodo
279 833 311 881 sit
329 833 354 881 in
374 831 404 889 0.
424 834 462 883 rel
481 836 597 888 ostende.
622 837 741 899 quomodo
762 836 809 886 DO
828 838 979 901 inquiratur,
1007 837 1170 900 ecquomodo
1190 835 1235 885 ΔΟ
1255 849 1338 886 veram
1360 834 1501 885 asanaa·

140 905 198 987 det..
224 902 344 1024 ΙρρηίΟΔΡ
375 905 501 955 renssima
529 907 656 956 anomalia
682 909 721 957 sit.
758 907 814 960 Hoc
841 908 914 958 selim
942 907 1000 957 mihi
1028 907 1145 956 ostendas
1172 914 1198 957 et
1225 907 1369 958 satisfaciu
1402 904 1499 956 taudem

143 990 230 1025 currosr
297 989 376 1024 meae.

230 1046 436 1127 Keplerus:
476 1047 608 1110 Rursum
642 1070 687 1110 me
722 1070 825 1128 urges,
858 1061 891 1111 ut
918 1049 1100 1130 geometrice
1132 1048 1271 1111 definiam
1298 1055 1442 1128 punctum
1463 1045 1497 1122 0,

146 1155 246 1197 arcum
261 1132 330 1210 DO,
348 1136 457 1198 lineam
472 1134 542 1210 AO,
559 1139 701 1216 angulum
721 1138 814 1205 OAF.
853 1141 921 1202 Non
937 1154 986 1202 est
1002 1158 1126 1200 necesse
1141 1157 1196 1199 nec
1210 1137 1365 1217 possibile,
1383 1146 1417 1198 nt
1431 1135 1496 1211 dlxi,

143 1224 236 1285 habet
266 1224 343 1286 enim
367 1223 422 1287 FO
446 1246 534 1288 arcus
563 1228 704 1307 ellipseos
737 1248 821 1291 suum
851 1248 956 1291 nomen
991 1228 1071 1290 aliud
1105 1246 1195 1309 quam
1217 1226 1285 1289 Fa:
1318 1225 1422 1307 itaque
1444 1220 1497 1286 nou

142 1314 254 1375 debent
276 1313 339 1375 ista
361 1334 399 1376 ex
421 1315 473 1377 Fu
498 1317 621 1381 exstrui.
1307 1320 1312 1327 '

233 1420 416 1471 Fabricius:
442 1421 491 1472 Cur
503 1438 552 1472 nou
566 1439 596 1472 ex
609 1431 694 1474 centro
713 1425 846 1474 eccentrici
864 1425 971 1474 mediam
991 1431 1036 1473 ant
1054 1422 1188 1487 simplicem
1207 1420 1358 1471 momeliam
1377 1419 1498 1477 coasdffl

148 1500 174 1542 et
192 1492 250 1542 inde
269 1506 299 1542 ex
318 1499 410 1556 puncto
423 1491 440 1542 S
453 1496 538 1544 atatim
553 1494 574 1545 0
592 1504 709 1559 punctum
728 1511 811 1546 venun
830 1497 877 1546 loci
891 1497 915 1557 d
929 1497 955 1545 in
974 1510 1020 1545 sua
1039 1494 1115 1558 ellipsi
1136 1494 1290 1543 demonstras
1309 1499 1335 1542 et
1354 1490 1456 1542 taudem
1471 1504 1497 1541 ea

146 1579 176 1614 eo
195 1569 287 1627 puncto
306 1570 404 1613 ostenso
423 1565 574 1616 verissimam
594 1573 620 1617 at
637 1576 802 1632 coaequatam
821 1568 971 1618 anomaliam
990 1567 1138 1632 geometrice
1161 1571 1187 1615 et
1199 1565 1364 1615 maenomice
1386 1556 1502 1614 exhibui

233 1650 436 1732 Keplerus:
461 1655 555 1716 Jubes
580 1676 617 1717 err
642 1666 744 1718 cerrtro
768 1657 928 1719 eccentrici
954 1655 1136 1719 constituam
1160 1653 1290 1716 mediam
1314 1651 1499 1725 anomaliam,

145 1763 187 1805 sc.
213 1749 247 1803 ut
270 1740 346 1804 SBF
369 1741 410 1804 sit
434 1744 543 1807 media.
591 1747 728 1826 Iniquum
759 1747 958 1826 postulatum
991 1746 1035 1806 sio
1068 1745 1146 1806 enim
1179 1755 1211 1805 et
1238 1743 1418 1804 Ptolemaeo
1447 1741 1498 1803 im-

142 1830 285 1913 perabis,
309 1839 343 1893 ut
366 1831 459 1895 faciat
481 1844 593 1896 motum
619 1835 779 1897 ecceutriui
803 1835 960 1915 aequalem
985 1855 1042 1896 non
1067 1834 1148 1895 circa
1162 1832 1322 1913 aequantia
1347 1832 1404 1893 sed
1427 1829 1498 1893 circa

56 1951 64 1970 ·
145 1921 300 2001 proprium
324 1930 468 1985 centrum.
515 1921 577 1985 Sed
603 1926 680 1985 forte
704 1925 752 1985 hio
776 1933 806 1985 te
830 1944 889 1986 non
913 1924 1066 2005 intelligo,
1100 1923 1228 1984 mediam
1253 1920 1427 2001 quantitate
1456 1919 1501 1980 im

145 2010 345 2089 telligeutem,
371 2031 458 2090 quem
484 2032 540 2091 ego
564 2014 631 2074 dico
656 2015 796 2076 ecceutri.
844 2014 927 2074 Tunc
951 2015 1008 2075 hoo
1031 2013 1168 2095 quaeris,
1193 2031 1245 2072 cur
1263 2030 1321 2071 non
1347 2008 1431 2072 BDS
1452 2007 1497 2071 set

143 2098 245 2179 potius
259 2098 314 2160 ΒΕ
330 2100 424 2162 faciat
447 2103 630 2164 anomaliam
654 2103 794 2177 accentu,
819 2112 850 2163 et
874 2122 934 2177 cur,
960 2122 1037 2182 quae
1061 2103 1136 2164 iacit
1158 2099 1339 2162 anomaliam
1366 2097 1497 2169 accendi

144 2209 182 2249 ea
206 2205 263 2249 non
288 2190 431 2251 ostendat
454 2191 588 2252 sectione
613 2190 658 2253 sui
684 2212 749 2253 cum
773 2192 909 2271 elliptica
932 2192 1029 2253 locum
1053 2190 1219 2271 planetae?
1264 2188 1451 2267 Respondeo
1471 2194 1503 2249 ct·

145 2296 253 2355 snpra,
288 2277 342 2339 ΒΕ
366 2297 398 2339 se
423 2280 490 2359 ipsa
513 2301 570 2341 non
596 2289 649 2342 est
669 2282 821 2343 anomalia
844 2281 990 2356 eoceutri,
1022 2301 1088 2342 cum
1111 2280 1237 2360 planeta
1259 2277 1290 2340 iu
1313 2279 1371 2340 ΕΙ)
1395 2282 1500 2351 currat,

108 2359 113 2370 '
146 2365 200 2428 sed
224 2374 272 2428 est
294 2366 347 2427 FE
377 2369 562 2430 solummodo
595 2389 701 2432 nornen
734 2371 828 2450 ipsius
853 2370 925 2431 FD:
955 2379 988 2431 et
1011 2370 1044 2430 fit
1067 2370 1131 2449 ejus
1157 2386 1262 2429 nomen
1293 2385 1353 2427 nou
1377 2364 1504 2446 perilli

146 2456 201 2516 sed
233 2474 286 2535 per
309 2454 374 2532 EC,
408 2459 491 2538 cujus
516 2459 651 2520 rationes
684 2479 742 2520 non
767 2479 804 2520 os
837 2459 1024 2521 astronomia
1052 2459 1105 2519 sed
1134 2476 1171 2519 err
1200 2456 1311 2518 conicis
1345 2455 1501 2535 petendas.

146 2544 230 2607 Nihil
250 2545 379 2609 interest
398 2550 572 2624 astronomi,
598 2550 686 2630 quale
711 2569 818 2610 nomeu
843 2549 968 2610 cuilibet
990 2557 1101 2629 puncto
1120 2546 1237 2625 ellipsis
1252 2547 1330 2616 dem,
1349 2542 1502 2607 dnmmodo

146 2634 226 2695 illius
250 2636 392 2714 angulum
416 2646 447 2698 et
475 2657 577 2700 ornnes
602 2638 765 2700 distantias
797 2639 914 2700 metiar.
962 2637 996 2700 Si
1024 2637 1133 2698 ruetiar
1159 2655 1213 2715 per
1236 2634 1394 2709 circulum,
1422 2631 1504 2695 faciit

146 2724 205 2784 t'ert
238 2734 446 2802 astronomus,
472 2728 541 2788 durn
575 2729 692 2801 fatear,
726 2727 868 2788 circulum
902 2728 978 2788 hunc
1011 2745 1069 2788 nou
1103 2745 1141 2785 ex
1174 2722 1362 2786 astronomia
1395 2722 1450 2785 sed
1469 2738 1500 2783 sa

147 2813 260 2876 corticis
284 2814 463 2887 desurntum.

236 2903 416 2954 Fabricius:
437 2903 489 2966 (die
501 2903 615 2954 Paschae
634 2919 657 2950 r.
670 2909 702 2953 st.
717 2901 823 2965 idoli:
843 2903 868 2954 S.
883 2905 911 2954 P.
930 2902 987 2953 Non
1007 2911 1066 2967 puto
1085 2903 1129 2952 tibi
1147 2903 1278 2952 molestum
1296 2901 1498 2967 ierapm

148 2973 243 3024 dirime
261 2975 492 3026 mathematicorum
511 2976 587 3025 nostri
605 2975 683 3024 seculi
700 2977 821 3039 princeps,
846 2985 873 3026 et
891 2977 971 3026 amice
994 2976 1124 3040 plurimum
1142 2974 1299 3039 honorande,
1320 2973 1342 3022 si
1360 2972 1460 3038 saepius
1473 2967 1500 3021 ai

147 3055 174 3096 te
191 3045 314 3103 scribam,
342 3046 400 3097 lieet
429 3063 484 3097 meo
511 3046 593 3095 studio
621 3053 676 3094 tuos
695 3047 834 3097 Atlanticus
859 3048 954 3097 labores
983 3061 1069 3111 parum
1093 3049 1180 3109 iurare
1199 3051 1244 3096 ant
1261 3044 1392 3095 sublevare
1411 3038 1499 3108 poth·

147 3117 211 3167 Puto
230 3123 315 3166 nmen
333 3118 503 3174 nihilomiuus.
532 3116 658 3180 ejusmodi
669 3119 813 3181 seriptlonas
832 3126 931 3167 mutuas
949 3133 1019 3167 suum
1038 3118 1130 3167 habere
1148 3117 1268 3174 hactum,
1297 3115 1363 3180 quod
1382 3127 1459 3179 saepe
1475 3110 1501 3164 al

148 3189 200 3238 alia
218 3202 344 3252 nunqnam
362 3196 440 3239 antea
458 3191 572 3254 cogitata
590 3189 745 3238 occasionem
764 3190 901 3252 praebeant
913 3189 951 3238 rel
968 3186 1033 3238 riam
1051 3194 1172 3238 minant
1193 3189 1255 3236 Eam
1268 3187 1299 3237 ob
1312 3200 1419 3236 causam
1431 3185 1499 3235 'ihu

148 3260 333 3310 Praestantiam
352 3276 447 3325 quoqne
466 3266 606 3311 reverenter
623 3270 737 3323 rogatam
756 3261 817 3311 volo.
838 3276 870 3310 ne
888 3276 961 3311 meae
979 3261 1158 3323 importunitati
1178 3259 1278 3309 crebrae
1297 3269 1457 3316 succenseas,
1473 3251 1499 3307 d

148 3346 223 3396 quam
241 3329 364 3382 Uranicas
383 3332 424 3382 ille
443 3334 548 3396 impetus
567 3345 606 3380 me
625 3331 742 3394 impellit;
771 3339 796 3381 et
823 3333 903 3382 iateor
931 3340 997 3382 certe
1025 3334 1146 3396 ingenue.
1174 3332 1221 3379 nisi
1249 3338 1276 3379 tu
1303 3327 1363 3378 mihl
1383 3329 1410 3378 in
1428 3324 1498 3381 affl

148 3404 220 3467 qnasi
249 3403 372 3454 Ariadnes
391 3404 458 3453 filum
479 3413 505 3454 et
524 3403 652 3466 Cynosura
669 3405 769 3461 luisses,
794 3406 847 3466 jam
875 3405 966 3453 dudum
992 3412 1091 3468 propter
1117 3402 1236 3451 nonnulla
1264 3401 1339 3450 dubia
1363 3401 1388 3450 in
1407 3396 1502 3450 amau·

151 3475 254 3525 haerere
274 3481 374 3525 coactae
394 3476 501 3535 inissem,
522 3475 595 3523 immo
612 3475 664 3535 lam
683 3475 756 3538 plane
776 3476 920 3538 abjecissem
940 3489 1068 3538 operosum
1087 3474 1133 3523 hoc
1151 3474 1266 3523 studium.
1294 3474 1385 3522 Attus
1403 3478 1433 3521 ut
1448 3468 1504 3520 a&

60 3608 65 3617 ‚
149 3547 235 3597 lissimi
248 3552 274 3596 et
292 3548 394 3612 ingenui
413 3547 579 3611 praeceptoris
599 3545 753 3595 institutione
772 3546 880 3609 adjutus,
900 3547 986 3609 majori
1006 3560 1102 3610 quoque
1121 3545 1202 3594 studio
1221 3544 1363 3607 complexus
1375 3558 1432 3593 snm
1442 3541 1506 3605 huj,

148 3626 258 3668 nostram
277 3618 406 3669 Uraniam.
436 3617 512 3682 Spero
531 3631 634 3680 quoque,
654 3625 680 3667 te
698 3619 798 3668 minime
817 3619 933 3682 deinceps
953 3618 1146 3674 commissurum,
1169 3624 1198 3666 ut
1215 3631 1247 3666 ea
1264 3617 1300 3665 sio
1317 3615 1387 3665 hisce
1405 3614 1432 3665 in
1447 3610 1501 3667 Μ.

147 3691 295 3756 collabatur.
333 3689 382 3739 Per
399 3690 506 3741 hiemem
533 3696 602 3738 tuam
629 3688 775 3752 hypothesin
795 3704 825 3739 ex
843 3691 905 3739 meis
924 3690 1133 3738 observationibus
1152 3689 1300 3738 examinari.
1339 3686 1411 3739 Deua
1433 3678 1496 3755 hott!

148 3777 222 3827 quarn
240 3761 312 3812 valde
331 3760 482 3812 exhilaratus
500 3776 568 3816 snm,
598 3772 653 3808 cum
672 3761 800 3810 veritatmn
820 3761 907 3811 calculi
927 3768 1024 3811 tantam
1052 3760 1158 3810 riderem
1178 3766 1204 3808 et
1220 3767 1301 3808 motus
1320 3773 1351 3808 ex
1369 3763 1415 3808 tua
1431 3756 1494 3820 hm

148 3835 211 3885 thesi
240 3841 322 3885 erutos
351 3833 420 3883 coelo
439 3833 594 3885 exactissime
613 3833 744 3881 convenire
763 3838 789 3880 et
807 3833 858 3895 ipse
877 3846 1059 3897 cognoscerem.
1097 3831 1170 3880 Mitto
1194 3844 1262 3880 meas
1286 3829 1408 3894 quasdam
1425 3827 1496 3877 chau·

630 3904 741 3955 redonas
760 3905 828 3953 circa
853 3917 992 3967 apogaeum
1012 3911 1038 3952 et
1056 3904 1217 3967 perigaenm,
1247 3901 1306 3950 item
1324 3902 1392 3949 circa
1412 3898 1500 3950 neb

628 3974 804 4039 longitudines.
853 3973 913 4023 Sola
939 3975 1002 4023 ratio
1027 3973 1170 4037 explorandi
1199 3973 1413 4023 ecoeutcicitatem
1443 3968 1497 4037 offla

629 4046 706 4097 annui
733 4062 776 4110 per
796 4043 811 4093 3
831 4046 971 4109 parallaxes
990 4047 1022 4094 ad
1044 4061 1119 4094 unum
1147 4045 1279 4095 ecceutrici
1312 4044 1394 4094 locum
1421 4040 1498 4099 deicit

628 4132 678 4168 non
697 4118 762 4181 quod
780 4118 963 4166 communicata
981 4125 1058 4167 antea
1077 4124 1129 4167 ate
1147 4116 1207 4166 mihi
1223 4131 1273 4165 non
1293 4121 1369 4171 esset.
1387 4106 1504 4187 sethttij¹

434 4204 453 4248 χ
530 4232 537 4249 .,
618 4191 655 4239 ·in
673 4189 728 4251 ipsa
746 4190 888 4255 pragmatia
912 4188 1071 4238 difficultates
1096 4195 1172 4238 antea
1190 4202 1239 4236 non
1267 4186 1439 4237 consideratas
1464 4184 1500 4236 d

499 4255 514 4273 ‘
630 4267 743 4323 speratas
770 4259 980 4324 deprehenderim.
1007 4259 1110 4309 concise
1137 4259 1235 4324 quidem
1263 4264 1289 4307 et
1315 4258 1370 4308 aine
1398 4253 1508 4322 ειειῄέ

631 4331 675 4381 aba
694 4339 719 4380 te
738 4332 831 4380 tradita
849 4340 921 4380 erant
939 4329 975 4394 (p.
996 4329 1050 4388 90).

720 4395 826 4451 Collatio
855 4404 920 4451 enirn
948 4416 1020 4451 arcus
1044 4401 1076 4451 ad
1106 4407 1218 4451 centrum
1238 4400 1258 4450 0
1277 4398 1344 4465 dupli
1370 4407 1397 4450 et
1425 4394 1501 4466 ang&

632 4474 733 4524 alterins
753 4473 786 4522 ad
804 4474 826 4522 A
847 4475 954 4522 eccentri
982 4473 1153 4522 difficultatem
1182 4473 1275 4536 injecit.
1313 4472 1368 4536 Ego
1394 4486 1426 4521 ex
1448 4469 1500 4521 mas

517 4538 540 4609 ,ζ
632 4544 842 4594 observationibus
861 4545 909 4593 tria
927 4543 1025 4603 locad
1050 4545 1197 4608 apparentia
1215 4543 1248 4593 ad
1273 4559 1349 4593 uuum
1375 4536 1502 4594 ecteuffl

631 4625 750 4680 punctum
770 4616 855 4678 accepi
875 4623 900 4665 et
913 4615 960 4664 ieci
973 4616 1022 4665 ΚΔ
1033 4612 1113 4671 1000,
1128 4624 1154 4665 et
1171 4616 1197 4665 in
1210 4629 1241 4665 ea
1258 4615 1416 4683 proportione
1430 4614 1502 4665 latet!

632 4689 684 4743 ΔΕ,
705 4689 756 4745 AF,
771 4688 815 4736 AG
834 4688 955 4750 inquisivi,
974 4694 1066 4750 etpost
1083 4702 1127 4751 per
1139 4688 1192 4743 ΑΕ,
1206 4687 1249 4736 AF
1264 4700 1319 4736 cam
1332 4682 1508 4751 compressas*

631 4761 743 4824 inquisivi
763 4760 838 4815 Era,
854 4759 913 4807 item
933 4759 1005 4808 Fas.
1035 4758 1075 4807 ad
1094 4758 1199 4809 eundern
1218 4757 1317 4807 modurn
1334 4772 1381 4821 per
1391 4758 1446 4815 AF.
1462 4752 1501 4807 Ad

633 4846 688 4883 cum
707 4833 772 4882 FAG
791 4830 899 4895 quaesivi
918 4830 985 4880 ΔΝ
1003 4837 1030 4880 et
1048 4830 1131 4886 adm
1157 4831 1193 4880 sic
1214 4830 1287 4879 tertio
1310 4830 1424 4897 quaesivi
1441 4822 1501 4889 Alii

633 4903 708 4955 ABG.
772 4900 832 4952 Post
859 4900 924 4953 ΓΕΔ
962 4907 988 4952 et
1008 4898 1091 4957 ,0οΔ
1116 4914 1132 4950 a
1157 4915 1185 4952 se
1211 4900 1317 4953 invicem
1343 4900 1459 4957 cahaad
1481 4900 1502 4951 sl
